{
    "2023-03-31": {
        "Tax Effect Of Unusual Items": -112568.127962,
        "Tax Rate For Calcs": 0.092269,
        "Normalized EBITDA": 36372000.0,
        "Total Unusual Items": -1220000.0,
        "Total Unusual Items Excluding Goodwill": -1220000.0,
        "Net Income From Continuing Operation Net Minority Interest": 7073000.0,
        "Reconciled Depreciation": 6136000.0,
        "Reconciled Cost Of Revenue": 155359000.0,
        "EBITDA": 35152000.0,
        "EBIT": 29016000.0,
        "Net Interest Income": -22183000.0,
        "Interest Expense": 22264000.0,
        "Interest Income": 81000.0,
        "Normalized Income": 8180431.872038,
        "Net Income From Continuing And Discontinued Operation": 7073000.0,
        "Total Expenses": 212276000.0,
        "Total Operating Income As Reported": 30485000.0,
        "Diluted Average Shares": 30842000.0,
        "Basic Average Shares": 30841000.0,
        "Diluted EPS": 0.23,
        "Basic EPS": 0.23,
        "Diluted NI Availto Com Stockholders": 7073000.0,
        "Net Income Common Stockholders": 7073000.0,
        "Net Income": 7073000.0,
        "Minority Interests": 944000.0,
        "Net Income Including Noncontrolling Interests": 6129000.0,
        "Net Income Continuous Operations": 6129000.0,
        "Tax Provision": 623000.0,
        "Pretax Income": 6752000.0,
        "Other Income Expense": -1550000.0,
        "Other Non Operating Income Expenses": -330000.0,
        "Special Income Charges": NaN,
        "Other Special Charges": NaN,
        "Gain On Sale Of Security": -1220000.0,
        "Net Non Operating Interest Income Expense": -22183000.0,
        "Interest Expense Non Operating": 22264000.0,
        "Interest Income Non Operating": 81000.0,
        "Operating Income": 30485000.0,
        "Operating Expense": 55797000.0,
        "Depreciation Amortization Depletion Income Statement": 5016000.0,
        "Depreciation And Amortization In Income Statement": 5016000.0,
        "Research And Development": 9983000.0,
        "Selling General And Administration": 40798000.0,
        "Selling And Marketing Expense": 3331000.0,
        "General And Administrative Expense": 37467000.0,
        "Other Gand A": 37467000.0,
        "Gross Profit": 86282000.0,
        "Cost Of Revenue": 156479000.0,
        "Total Revenue": 242761000.0,
        "Operating Revenue": 242761000.0
    },
    "2022-12-31": {
        "Tax Effect Of Unusual Items": -201614.609347,
        "Tax Rate For Calcs": 0.297806,
        "Normalized EBITDA": 36107000.0,
        "Total Unusual Items": -677000.0,
        "Total Unusual Items Excluding Goodwill": -677000.0,
        "Net Income From Continuing Operation Net Minority Interest": 7861000.0,
        "Reconciled Depreciation": 6532000.0,
        "Reconciled Cost Of Revenue": 165416000.0,
        "EBITDA": 35430000.0,
        "EBIT": 28898000.0,
        "Net Interest Income": -17629000.0,
        "Interest Expense": 17686000.0,
        "Interest Income": 57000.0,
        "Normalized Income": 8336385.390653,
        "Net Income From Continuing And Discontinued Operation": 7861000.0,
        "Total Expenses": 225442000.0,
        "Total Operating Income As Reported": 29766000.0,
        "Diluted Average Shares": 30809000.0,
        "Basic Average Shares": 30809000.0,
        "Diluted EPS": 0.25,
        "Basic EPS": 0.25,
        "Diluted NI Availto Com Stockholders": 7861000.0,
        "Net Income Common Stockholders": 7861000.0,
        "Net Income": 7861000.0,
        "Minority Interests": -12000.0,
        "Net Income Including Noncontrolling Interests": 7873000.0,
        "Net Income Continuous Operations": 7873000.0,
        "Tax Provision": 3339000.0,
        "Pretax Income": 11212000.0,
        "Other Income Expense": -925000.0,
        "Other Non Operating Income Expenses": -248000.0,
        "Special Income Charges": NaN,
        "Other Special Charges": NaN,
        "Gain On Sale Of Security": -677000.0,
        "Net Non Operating Interest Income Expense": -17629000.0,
        "Interest Expense Non Operating": 17686000.0,
        "Interest Income Non Operating": 57000.0,
        "Operating Income": 29766000.0,
        "Operating Expense": 58365000.0,
        "Depreciation Amortization Depletion Income Statement": 4871000.0,
        "Depreciation And Amortization In Income Statement": 4871000.0,
        "Research And Development": 10224000.0,
        "Selling General And Administration": 43270000.0,
        "Selling And Marketing Expense": 5120000.0,
        "General And Administrative Expense": 38150000.0,
        "Other Gand A": 38150000.0,
        "Gross Profit": 88131000.0,
        "Cost Of Revenue": 167077000.0,
        "Total Revenue": 255208000.0,
        "Operating Revenue": 255208000.0
    },
    "2022-09-30": {
        "Tax Effect Of Unusual Items": 487935.842073,
        "Tax Rate For Calcs": 0.099013,
        "Normalized EBITDA": 34413000.0,
        "Total Unusual Items": 4928000.0,
        "Total Unusual Items Excluding Goodwill": 4928000.0,
        "Net Income From Continuing Operation Net Minority Interest": 18250000.0,
        "Reconciled Depreciation": 4422000.0,
        "Reconciled Cost Of Revenue": 174265000.0,
        "EBITDA": 39341000.0,
        "EBIT": 34919000.0,
        "Net Interest Income": -15399000.0,
        "Interest Expense": 15467000.0,
        "Interest Income": 68000.0,
        "Normalized Income": 13809935.842073,
        "Net Income From Continuing And Discontinued Operation": 18250000.0,
        "Total Expenses": 227543000.0,
        "Total Operating Income As Reported": 30361000.0,
        "Diluted Average Shares": 30783000.0,
        "Basic Average Shares": 30777000.0,
        "Diluted EPS": 0.59,
        "Basic EPS": 0.59,
        "Diluted NI Availto Com Stockholders": 18250000.0,
        "Net Income Common Stockholders": 18250000.0,
        "Net Income": 18250000.0,
        "Minority Interests": 724000.0,
        "Net Income Including Noncontrolling Interests": 17526000.0,
        "Net Income Continuous Operations": 17526000.0,
        "Tax Provision": 1926000.0,
        "Pretax Income": 19452000.0,
        "Other Income Expense": 4490000.0,
        "Other Non Operating Income Expenses": -438000.0,
        "Special Income Charges": NaN,
        "Other Special Charges": NaN,
        "Gain On Sale Of Security": 4928000.0,
        "Net Non Operating Interest Income Expense": -15399000.0,
        "Interest Expense Non Operating": 15467000.0,
        "Interest Income Non Operating": 68000.0,
        "Operating Income": 30361000.0,
        "Operating Expense": 53278000.0,
        "Depreciation Amortization Depletion Income Statement": 4422000.0,
        "Depreciation And Amortization In Income Statement": 4422000.0,
        "Research And Development": 10483000.0,
        "Selling General And Administration": 38373000.0,
        "Selling And Marketing Expense": 3973000.0,
        "General And Administrative Expense": 34400000.0,
        "Other Gand A": 34400000.0,
        "Gross Profit": 83639000.0,
        "Cost Of Revenue": 174265000.0,
        "Total Revenue": 257904000.0,
        "Operating Revenue": 257904000.0
    },
    "2022-06-30": {
        "Tax Effect Of Unusual Items": 375209.8,
        "Tax Rate For Calcs": 0.1162,
        "Normalized EBITDA": 36268000.0,
        "Total Unusual Items": 3229000.0,
        "Total Unusual Items Excluding Goodwill": 3229000.0,
        "Net Income From Continuing Operation Net Minority Interest": 19343000.0,
        "Reconciled Depreciation": 6503000.0,
        "Reconciled Cost Of Revenue": 167701000.0,
        "EBITDA": 39497000.0,
        "EBIT": 32994000.0,
        "Net Interest Income": -11598000.0,
        "Interest Expense": 11664000.0,
        "Interest Income": 66000.0,
        "Normalized Income": 16489209.8,
        "Net Income From Continuing And Discontinued Operation": 19343000.0,
        "Total Expenses": 220674000.0,
        "Total Operating Income As Reported": 30107000.0,
        "Diluted Average Shares": 30756000.0,
        "Basic Average Shares": 30745000.0,
        "Diluted EPS": 0.63,
        "Basic EPS": 0.63,
        "Diluted NI Availto Com Stockholders": 19343000.0,
        "Net Income Common Stockholders": 19343000.0,
        "Net Income": 19343000.0,
        "Minority Interests": 491000.0,
        "Net Income Including Noncontrolling Interests": 18852000.0,
        "Net Income Continuous Operations": 18852000.0,
        "Tax Provision": 2478000.0,
        "Pretax Income": 21330000.0,
        "Other Income Expense": 2821000.0,
        "Other Non Operating Income Expenses": -408000.0,
        "Gain On Sale Of Security": 3229000.0,
        "Net Non Operating Interest Income Expense": -11598000.0,
        "Interest Expense Non Operating": 11664000.0,
        "Interest Income Non Operating": 66000.0,
        "Operating Income": 30107000.0,
        "Operating Expense": 51344000.0,
        "Depreciation Amortization Depletion Income Statement": 4874000.0,
        "Depreciation And Amortization In Income Statement": 4874000.0,
        "Research And Development": 10223000.0,
        "Selling General And Administration": 36247000.0,
        "Selling And Marketing Expense": 4511000.0,
        "General And Administrative Expense": 31736000.0,
        "Other Gand A": 31736000.0,
        "Gross Profit": 81451000.0,
        "Cost Of Revenue": 169330000.0,
        "Total Revenue": 250781000.0,
        "Operating Revenue": 250781000.0
    },
    "2022-03-31": {
        "Diluted EPS": 0.62,
        "Total Revenue": 286,
        "Gross Profit": 75,
        "Operating Income": 30,
        "EBIT": 36,
        "Net Income": 19
    },
    "2021-12-31": {
        "Diluted EPS": 0.51,
        "Total Revenue": 267,
        "Gross Profit": 81,
        "Operating Income": 32,
        "EBIT": 38,
        "Net Income": 15
    },
    "2021-09-30": {
        "Diluted EPS": 0.5,
        "Total Revenue": 192,
        "Gross Profit": 71,
        "Operating Income": 28,
        "EBIT": 34,
        "Net Income": 15
    },
    "2021-06-30": {
        "Diluted EPS": 0.51,
        "Total Revenue": 246,
        "Gross Profit": 68,
        "Operating Income": 27,
        "EBIT": 33,
        "Net Income": 16
    },
    "2021-03-31": {
        "Diluted EPS": 0.7,
        "Total Revenue": 290,
        "Gross Profit": 70,
        "Operating Income": 31,
        "EBIT": 37,
        "Net Income": 22
    },
    "2020-12-31": {
        "Diluted EPS": 0.65,
        "Total Revenue": 222,
        "Gross Profit": 71,
        "Operating Income": 28,
        "EBIT": 34,
        "Net Income": 19
    },
    "2020-09-30": {
        "Diluted EPS": 0.8,
        "Total Revenue": 154,
        "Gross Profit": 68,
        "Operating Income": 32,
        "EBIT": 38,
        "Net Income": 25
    },
    "2020-06-30": {
        "Diluted EPS": 0.76,
        "Total Revenue": 111,
        "Gross Profit": 62,
        "Operating Income": 32,
        "EBIT": 37,
        "Net Income": 23
    },
    "2020-03-31": {
        "Diluted EPS": 0.81,
        "Total Revenue": 138,
        "Gross Profit": 80,
        "Operating Income": 34,
        "EBIT": 41,
        "Net Income": 25
    },
    "2019-12-31": {
        "Diluted EPS": 0.71,
        "Total Revenue": 146,
        "Gross Profit": 93,
        "Operating Income": 34,
        "EBIT": 40,
        "Net Income": 22
    },
    "2019-09-30": {
        "Diluted EPS": 0.67,
        "Total Revenue": 147,
        "Gross Profit": 92,
        "Operating Income": 26,
        "EBIT": 32,
        "Net Income": 21
    },
    "2019-06-30": {
        "Diluted EPS": 0.94,
        "Total Revenue": 144,
        "Gross Profit": 93,
        "Operating Income": 41,
        "EBIT": 48,
        "Net Income": 29
    },
    "2019-03-31": {
        "Diluted EPS": 0.84,
        "Total Revenue": 143,
        "Gross Profit": 97,
        "Operating Income": 54,
        "EBIT": 60,
        "Net Income": 26
    },
    "2018-12-31": {
        "Diluted EPS": 0.28,
        "Total Revenue": 136,
        "Gross Profit": 94,
        "Operating Income": 42,
        "EBIT": 46,
        "Net Income": 9
    },
    "2018-09-30": {
        "Diluted EPS": 0.92,
        "Total Revenue": 129,
        "Gross Profit": 86,
        "Operating Income": 39,
        "EBIT": 42,
        "Net Income": 29
    },
    "2018-06-30": {
        "Diluted EPS": 0.92,
        "Total Revenue": 125,
        "Gross Profit": 81,
        "Operating Income": 38,
        "EBIT": 41,
        "Net Income": 29
    },
    "2018-03-31": {
        "Diluted EPS": 0.83,
        "Total Revenue": 108,
        "Gross Profit": 69,
        "Operating Income": 34,
        "EBIT": 37,
        "Net Income": 26
    },
    "2017-12-31": {
        "Diluted EPS": 0.84,
        "Total Revenue": 105,
        "Gross Profit": 66,
        "Operating Income": 33,
        "EBIT": 37,
        "Net Income": 27
    },
    "2017-09-30": {
        "Diluted EPS": 0.76,
        "Total Revenue": 93,
        "Gross Profit": 58,
        "Operating Income": 28,
        "EBIT": 31,
        "Net Income": 24
    },
    "2017-06-30": {
        "Diluted EPS": 0.74,
        "Total Revenue": 87,
        "Gross Profit": 56,
        "Operating Income": 27,
        "EBIT": 30,
        "Net Income": 23
    },
    "2017-03-31": {
        "Diluted EPS": 0.83,
        "Total Revenue": 79,
        "Gross Profit": 54,
        "Operating Income": 26,
        "EBIT": 29,
        "Net Income": 26
    },
    "2016-12-31": {
        "Diluted EPS": 0.75,
        "Total Revenue": 80,
        "Gross Profit": 58,
        "Operating Income": 28,
        "EBIT": 30,
        "Net Income": 25
    },
    "2016-09-30": {
        "Diluted EPS": 0.74,
        "Total Revenue": 75,
        "Gross Profit": 52,
        "Operating Income": 24,
        "EBIT": 27,
        "Net Income": 24
    },
    "2016-06-30": {
        "Diluted EPS": 0.7,
        "Total Revenue": 73,
        "Gross Profit": 52,
        "Operating Income": 24,
        "EBIT": 27,
        "Net Income": 23
    },
    "2016-03-31": {
        "Diluted EPS": 0.67,
        "Total Revenue": 71,
        "Gross Profit": 51,
        "Operating Income": 25,
        "EBIT": 28,
        "Net Income": 22
    },
    "2015-12-31": {
        "Diluted EPS": 0.64,
        "Total Revenue": 70,
        "Gross Profit": 54,
        "Operating Income": 26,
        "EBIT": 29,
        "Net Income": 22
    },
    "2015-09-30": {
        "Diluted EPS": 0.59,
        "Total Revenue": 67,
        "Gross Profit": 49,
        "Operating Income": 22,
        "EBIT": 25,
        "Net Income": 20
    },
    "2015-06-30": {
        "Diluted EPS": 0.54,
        "Total Revenue": 65,
        "Gross Profit": 46,
        "Operating Income": 20,
        "EBIT": 23,
        "Net Income": 19
    },
    "2015-03-31": {
        "Diluted EPS": 0.51,
        "Total Revenue": 64,
        "Gross Profit": 44,
        "Operating Income": 20,
        "EBIT": 23,
        "Net Income": 18
    },
    "2014-12-31": {
        "Diluted EPS": 0.45,
        "Total Revenue": 61,
        "Gross Profit": 43,
        "Operating Income": 21,
        "EBIT": 23,
        "Net Income": 17
    },
    "2014-09-30": {
        "Diluted EPS": 0.47,
        "Total Revenue": 51,
        "Gross Profit": 41,
        "Operating Income": 22,
        "EBIT": 24,
        "Net Income": 18
    },
    "2014-06-30": {
        "Diluted EPS": 0.35,
        "Total Revenue": 51,
        "Gross Profit": 42,
        "Operating Income": 17,
        "EBIT": 20,
        "Net Income": 14
    },
    "2014-03-31": {
        "Diluted EPS": 0.4,
        "Total Revenue": 51,
        "Gross Profit": 42,
        "Operating Income": 19,
        "EBIT": 22,
        "Net Income": 15
    },
    "2013-12-31": {
        "Diluted EPS": 0.39,
        "Total Revenue": 51,
        "Gross Profit": 41,
        "Operating Income": 18,
        "EBIT": 20,
        "Net Income": 15
    },
    "2013-09-30": {
        "Diluted EPS": 0.34,
        "Total Revenue": 50,
        "Gross Profit": 40,
        "Operating Income": 19,
        "EBIT": 21,
        "Net Income": 13
    },
    "2013-06-30": {
        "Diluted EPS": 0.35,
        "Total Revenue": 51,
        "Gross Profit": 41,
        "Operating Income": 19,
        "EBIT": 22,
        "Net Income": 14
    },
    "2013-03-31": {
        "Diluted EPS": 0.45,
        "Total Revenue": 53,
        "Gross Profit": 43,
        "Operating Income": 19,
        "EBIT": 22,
        "Net Income": 17
    },
    "2012-12-31": {
        "Diluted EPS": 0.47,
        "Total Revenue": 54,
        "Gross Profit": 44,
        "Operating Income": 20,
        "EBIT": 23,
        "Net Income": 19
    },
    "2012-09-30": {
        "Diluted EPS": 0.46,
        "Total Revenue": 54,
        "Gross Profit": 44,
        "Operating Income": 21,
        "EBIT": 23,
        "Net Income": 18
    },
    "2012-06-30": {
        "Diluted EPS": 0.47,
        "Total Revenue": 48,
        "Gross Profit": 39,
        "Operating Income": 18,
        "EBIT": 20,
        "Net Income": 18
    },
    "2012-03-31": {
        "Diluted EPS": 0.4,
        "Total Revenue": 44,
        "Gross Profit": 35,
        "Operating Income": 18,
        "EBIT": 20,
        "Net Income": 16
    },
    "2011-12-31": {
        "Diluted EPS": 0.44,
        "Total Revenue": 44,
        "Gross Profit": 35,
        "Operating Income": 17,
        "EBIT": 18,
        "Net Income": 17
    },
    "2011-09-30": {
        "Diluted EPS": 0.41,
        "Total Revenue": 43,
        "Gross Profit": 34,
        "Operating Income": 18,
        "EBIT": 20,
        "Net Income": 17
    },
    "2011-06-30": {
        "Diluted EPS": 0.53,
        "Total Revenue": 42,
        "Gross Profit": 33,
        "Operating Income": 19,
        "EBIT": 21,
        "Net Income": 22
    },
    "2011-03-31": {
        "Diluted EPS": 0.37,
        "Total Revenue": 40,
        "Gross Profit": 33,
        "Operating Income": 16,
        "EBIT": 18,
        "Net Income": 15
    },
    "2010-12-31": {
        "Diluted EPS": 0.4,
        "Total Revenue": 35,
        "Gross Profit": 27,
        "Operating Income": 14,
        "EBIT": 15,
        "Net Income": 16
    },
    "2010-09-30": {
        "Diluted EPS": 0.43,
        "Total Revenue": 33,
        "Gross Profit": 26,
        "Operating Income": 13,
        "EBIT": 15,
        "Net Income": 17
    },
    "2010-06-30": {
        "Diluted EPS": 0.36,
        "Total Revenue": 32,
        "Gross Profit": 25,
        "Operating Income": 13,
        "EBIT": 15,
        "Net Income": 14
    },
    "2010-03-31": {
        "Diluted EPS": 0.32,
        "Total Revenue": 32,
        "Gross Profit": 25,
        "Operating Income": 13,
        "EBIT": 14,
        "Net Income": 12
    },
    "2009-12-31": {
        "Diluted EPS": 0.31,
        "Total Revenue": 31,
        "Gross Profit": 23,
        "Operating Income": 12,
        "EBIT": 13,
        "Net Income": 12
    },
    "2009-09-30": {
        "Diluted EPS": 0.25,
        "Total Revenue": 23,
        "Gross Profit": 19,
        "Operating Income": 10,
        "EBIT": 11,
        "Net Income": 9
    },
    "2009-06-30": {
        "Diluted EPS": 0.24,
        "Total Revenue": 22,
        "Gross Profit": 18,
        "Operating Income": 9,
        "EBIT": 10,
        "Net Income": 9
    },
    "2009-03-31": {
        "Diluted EPS": 0.23,
        "Total Revenue": 21,
        "Gross Profit": 17,
        "Operating Income": 8,
        "EBIT": 9,
        "Net Income": 8
    },
    "2023-06-30": {
        "Tax Effect Of Unusual Items": -336000.0,
        "Tax Rate For Calcs": 0.4,
        "Normalized EBITDA": 31473000.0,
        "Total Unusual Items": -840000.0,
        "Total Unusual Items Excluding Goodwill": -840000.0,
        "Net Income From Continuing Operation Net Minority Interest": 308000.0,
        "Reconciled Depreciation": 5927000.0,
        "Reconciled Cost Of Revenue": 32723000.0,
        "EBITDA": 30633000.0,
        "EBIT": 24706000.0,
        "Net Interest Income": -24562000.0,
        "Interest Expense": 24614000.0,
        "Interest Income": 52000.0,
        "Normalized Income": 812000.0,
        "Net Income From Continuing And Discontinued Operation": 308000.0,
        "Total Expenses": 89289000.0,
        "Total Operating Income As Reported": 29141000.0,
        "Diluted Average Shares": 30869000.0,
        "Basic Average Shares": 30866000.0,
        "Diluted EPS": 0.01,
        "Basic EPS": 0.01,
        "Diluted NI Availto Com Stockholders": 308000.0,
        "Net Income Common Stockholders": 308000.0,
        "Net Income": 308000.0,
        "Minority Interests": 380000.0,
        "Net Income Including Noncontrolling Interests": -72000.0,
        "Net Income Continuous Operations": -72000.0,
        "Tax Provision": 164000.0,
        "Pretax Income": 92000.0,
        "Other Income Expense": -4487000.0,
        "Other Non Operating Income Expenses": -3647000.0,
        "Special Income Charges": NaN,
        "Other Special Charges": NaN,
        "Gain On Sale Of Security": -840000.0,
        "Net Non Operating Interest Income Expense": -24562000.0,
        "Interest Expense Non Operating": 24614000.0,
        "Interest Income Non Operating": 52000.0,
        "Operating Income": 29141000.0,
        "Operating Expense": 55532000.0,
        "Depreciation Amortization Depletion Income Statement": 4893000.0,
        "Depreciation And Amortization In Income Statement": 4893000.0,
        "Research And Development": 10947000.0,
        "Selling General And Administration": 39692000.0,
        "Selling And Marketing Expense": 3582000.0,
        "General And Administrative Expense": 36110000.0,
        "Other Gand A": 36110000.0,
        "Gross Profit": 84673000.0,
        "Cost Of Revenue": 33757000.0,
        "Total Revenue": 118430000.0,
        "Operating Revenue": 118430000.0
    },
    "2023-09-30": {
        "Tax Effect Of Unusual Items": -424410.0,
        "Tax Rate For Calcs": 0.21,
        "Normalized EBITDA": 27004000.0,
        "Total Unusual Items": -2021000.0,
        "Total Unusual Items Excluding Goodwill": -2021000.0,
        "Net Income From Continuing Operation Net Minority Interest": -10296000.0,
        "Reconciled Depreciation": 7023000.0,
        "Reconciled Cost Of Revenue": 31787000.0,
        "EBITDA": 24983000.0,
        "EBIT": 17960000.0,
        "Net Interest Income": -28122000.0,
        "Interest Expense": 28175000.0,
        "Interest Income": 53000.0,
        "Normalized Income": -8699410.0,
        "Net Income From Continuing And Discontinued Operation": -10296000.0,
        "Total Expenses": 98695000.0,
        "Total Operating Income As Reported": 20533000.0,
        "Diluted Average Shares": 30877000.0,
        "Basic Average Shares": 30866000.0,
        "Diluted EPS": -0.33,
        "Basic EPS": -0.33,
        "Diluted NI Availto Com Stockholders": -10296000.0,
        "Net Income Common Stockholders": -10296000.0,
        "Net Income": -10296000.0,
        "Minority Interests": 433000.0,
        "Net Income Including Noncontrolling Interests": -10729000.0,
        "Net Income Continuous Operations": -10729000.0,
        "Tax Provision": 514000.0,
        "Pretax Income": -10215000.0,
        "Other Income Expense": -2626000.0,
        "Other Non Operating Income Expenses": -605000.0,
        "Special Income Charges": -4430000.0,
        "Other Special Charges": 4430000.0,
        "Gain On Sale Of Security": 2409000.0,
        "Net Non Operating Interest Income Expense": -28122000.0,
        "Interest Expense Non Operating": 28175000.0,
        "Interest Income Non Operating": 53000.0,
        "Operating Income": 20533000.0,
        "Operating Expense": 66037000.0,
        "Depreciation Amortization Depletion Income Statement": 6152000.0,
        "Depreciation And Amortization In Income Statement": 6152000.0,
        "Research And Development": 11020000.0,
        "Selling General And Administration": 48865000.0,
        "Selling And Marketing Expense": 4996000.0,
        "General And Administrative Expense": 43869000.0,
        "Other Gand A": 43869000.0,
        "Gross Profit": 86570000.0,
        "Cost Of Revenue": 32658000.0,
        "Total Revenue": 119228000.0,
        "Operating Revenue": 119228000.0
    }
}