{
    "2023-06-30": {
        "Tax Effect Of Unusual Items": NaN,
        "Tax Rate For Calcs": NaN,
        "Total Unusual Items": 70000.0,
        "Total Unusual Items Excluding Goodwill": 70000.0,
        "Net Income From Continuing Operation Net Minority Interest": NaN,
        "Reconciled Depreciation": NaN,
        "Net Interest Income": NaN,
        "Interest Expense": NaN,
        "Interest Income": NaN,
        "Normalized Income": NaN,
        "Net Income From Continuing And Discontinued Operation": NaN,
        "Diluted Average Shares": NaN,
        "Basic Average Shares": NaN,
        "Diluted EPS": NaN,
        "Basic EPS": NaN,
        "Diluted NI Availto Com Stockholders": NaN,
        "Net Income Common Stockholders": NaN,
        "Net Income": NaN,
        "Net Income Including Noncontrolling Interests": NaN,
        "Net Income Continuous Operations": NaN,
        "Tax Provision": NaN,
        "Pretax Income": NaN,
        "Special Income Charges": 70000.0,
        "Other Special Charges": -70000.0,
        "Restructuring And Mergern Acquisition": 0.0,
        "Gain On Sale Of Security": NaN,
        "Depreciation Amortization Depletion Income Statement": NaN,
        "Depreciation And Amortization In Income Statement": NaN,
        "Amortization": NaN,
        "Amortization Of Intangibles Income Statement": NaN,
        "Selling General And Administration": NaN,
        "Selling And Marketing Expense": NaN,
        "General And Administrative Expense": NaN,
        "Insurance And Claims": NaN,
        "Salaries And Wages": NaN,
        "Total Revenue": NaN,
        "Operating Revenue": NaN,
        "Occupancy And Equipment": NaN,
        "Professional Expense And Contract Services Expense": NaN,
        "Other Non Interest Expense": NaN
    },
    "2023-03-31": {
        "Tax Effect Of Unusual Items": NaN,
        "Tax Rate For Calcs": NaN,
        "Total Unusual Items": 0.0,
        "Total Unusual Items Excluding Goodwill": 0.0,
        "Net Income From Continuing Operation Net Minority Interest": NaN,
        "Reconciled Depreciation": NaN,
        "Net Interest Income": NaN,
        "Interest Expense": NaN,
        "Interest Income": NaN,
        "Normalized Income": NaN,
        "Net Income From Continuing And Discontinued Operation": NaN,
        "Diluted Average Shares": NaN,
        "Basic Average Shares": NaN,
        "Diluted EPS": NaN,
        "Basic EPS": NaN,
        "Diluted NI Availto Com Stockholders": NaN,
        "Net Income Common Stockholders": NaN,
        "Net Income": NaN,
        "Net Income Including Noncontrolling Interests": NaN,
        "Net Income Continuous Operations": NaN,
        "Tax Provision": NaN,
        "Pretax Income": NaN,
        "Special Income Charges": 0.0,
        "Other Special Charges": NaN,
        "Restructuring And Mergern Acquisition": 0.0,
        "Gain On Sale Of Security": NaN,
        "Depreciation Amortization Depletion Income Statement": NaN,
        "Depreciation And Amortization In Income Statement": NaN,
        "Amortization": NaN,
        "Amortization Of Intangibles Income Statement": NaN,
        "Selling General And Administration": NaN,
        "Selling And Marketing Expense": NaN,
        "General And Administrative Expense": NaN,
        "Insurance And Claims": NaN,
        "Salaries And Wages": NaN,
        "Total Revenue": NaN,
        "Operating Revenue": NaN,
        "Occupancy And Equipment": NaN,
        "Professional Expense And Contract Services Expense": NaN,
        "Other Non Interest Expense": NaN
    },
    "2022-12-31": {
        "Tax Effect Of Unusual Items": NaN,
        "Tax Rate For Calcs": NaN,
        "Total Unusual Items": 0.0,
        "Total Unusual Items Excluding Goodwill": 0.0,
        "Net Income From Continuing Operation Net Minority Interest": NaN,
        "Reconciled Depreciation": NaN,
        "Net Interest Income": NaN,
        "Interest Expense": NaN,
        "Interest Income": NaN,
        "Normalized Income": NaN,
        "Net Income From Continuing And Discontinued Operation": NaN,
        "Diluted Average Shares": NaN,
        "Basic Average Shares": NaN,
        "Diluted EPS": NaN,
        "Basic EPS": NaN,
        "Diluted NI Availto Com Stockholders": NaN,
        "Net Income Common Stockholders": NaN,
        "Net Income": NaN,
        "Net Income Including Noncontrolling Interests": NaN,
        "Net Income Continuous Operations": NaN,
        "Tax Provision": NaN,
        "Pretax Income": NaN,
        "Special Income Charges": 0.0,
        "Other Special Charges": NaN,
        "Restructuring And Mergern Acquisition": 0.0,
        "Gain On Sale Of Security": NaN,
        "Depreciation Amortization Depletion Income Statement": NaN,
        "Depreciation And Amortization In Income Statement": NaN,
        "Amortization": NaN,
        "Amortization Of Intangibles Income Statement": NaN,
        "Selling General And Administration": NaN,
        "Selling And Marketing Expense": NaN,
        "General And Administrative Expense": NaN,
        "Insurance And Claims": NaN,
        "Salaries And Wages": NaN,
        "Total Revenue": NaN,
        "Operating Revenue": NaN,
        "Occupancy And Equipment": NaN,
        "Professional Expense And Contract Services Expense": NaN,
        "Other Non Interest Expense": NaN
    },
    "2022-09-30": {
        "Tax Effect Of Unusual Items": NaN,
        "Tax Rate For Calcs": NaN,
        "Total Unusual Items": NaN,
        "Total Unusual Items Excluding Goodwill": NaN,
        "Net Income From Continuing Operation Net Minority Interest": NaN,
        "Reconciled Depreciation": NaN,
        "Net Interest Income": NaN,
        "Interest Expense": NaN,
        "Interest Income": NaN,
        "Normalized Income": NaN,
        "Net Income From Continuing And Discontinued Operation": NaN,
        "Diluted Average Shares": NaN,
        "Basic Average Shares": NaN,
        "Diluted EPS": NaN,
        "Basic EPS": NaN,
        "Diluted NI Availto Com Stockholders": NaN,
        "Net Income Common Stockholders": NaN,
        "Net Income": NaN,
        "Net Income Including Noncontrolling Interests": NaN,
        "Net Income Continuous Operations": NaN,
        "Tax Provision": NaN,
        "Pretax Income": NaN,
        "Special Income Charges": NaN,
        "Other Special Charges": NaN,
        "Restructuring And Mergern Acquisition": NaN,
        "Gain On Sale Of Security": NaN,
        "Depreciation Amortization Depletion Income Statement": NaN,
        "Depreciation And Amortization In Income Statement": NaN,
        "Amortization": NaN,
        "Amortization Of Intangibles Income Statement": NaN,
        "Selling General And Administration": NaN,
        "Selling And Marketing Expense": NaN,
        "General And Administrative Expense": NaN,
        "Other Gand A": 1964000.0,
        "Insurance And Claims": NaN,
        "Salaries And Wages": NaN,
        "Total Revenue": NaN,
        "Operating Revenue": NaN
    },
    "2022-06-30": {
        "Tax Effect Of Unusual Items": -495264.0,
        "Tax Rate For Calcs": 0.264,
        "Total Unusual Items": -1876000.0,
        "Total Unusual Items Excluding Goodwill": -1876000.0,
        "Net Income From Continuing Operation Net Minority Interest": 1771000.0,
        "Reconciled Depreciation": 440000.0,
        "Net Interest Income": 15929000.0,
        "Interest Expense": 1085000.0,
        "Interest Income": 17014000.0,
        "Normalized Income": 3151736.0,
        "Net Income From Continuing And Discontinued Operation": 1771000.0,
        "Diluted Average Shares": 7422022.0,
        "Basic Average Shares": 7410796.0,
        "Diluted EPS": 0.24,
        "Basic EPS": 0.24,
        "Diluted NI Availto Com Stockholders": 1771000.0,
        "Net Income Common Stockholders": 1771000.0,
        "Net Income": 1771000.0,
        "Net Income Including Noncontrolling Interests": 1771000.0,
        "Net Income Continuous Operations": 1771000.0,
        "Tax Provision": 634000.0,
        "Pretax Income": 2405000.0,
        "Special Income Charges": -1876000.0,
        "Other Special Charges": NaN,
        "Restructuring And Mergern Acquisition": 1876000.0,
        "Gain On Sale Of Security": -6000.0,
        "Depreciation Amortization Depletion Income Statement": 440000.0,
        "Depreciation And Amortization In Income Statement": 440000.0,
        "Amortization": 440000.0,
        "Amortization Of Intangibles Income Statement": 440000.0,
        "Selling General And Administration": 13291000.0,
        "Selling And Marketing Expense": 303000.0,
        "General And Administrative Expense": 12988000.0,
        "Other Gand A": 1413000.0,
        "Insurance And Claims": 144000.0,
        "Salaries And Wages": 11431000.0,
        "Total Revenue": 22722000.0,
        "Operating Revenue": 22722000.0
    },
    "2022-03-31": {
        "Diluted EPS": 0.34,
        "Total Revenue": 20,
        "Gross Profit": 19,
        "Operating Income": 3,
        "EBIT": NaN,
        "Net Income": 2
    },
    "2021-12-31": {
        "Diluted EPS": 0.27,
        "Total Revenue": 21,
        "Gross Profit": 20,
        "Operating Income": 3,
        "EBIT": NaN,
        "Net Income": 2
    },
    "2021-09-30": {
        "Diluted EPS": 0.73,
        "Total Revenue": 26,
        "Gross Profit": 25,
        "Operating Income": 6,
        "EBIT": NaN,
        "Net Income": 5
    },
    "2021-06-30": {
        "Diluted EPS": 0.39,
        "Total Revenue": 23,
        "Gross Profit": 23,
        "Operating Income": 4,
        "EBIT": NaN,
        "Net Income": 3
    },
    "2021-03-31": {
        "Diluted EPS": 0.78,
        "Total Revenue": 25,
        "Gross Profit": 25,
        "Operating Income": 7,
        "EBIT": NaN,
        "Net Income": 5
    },
    "2020-12-31": {
        "Diluted EPS": 0.76,
        "Total Revenue": 25,
        "Gross Profit": 24,
        "Operating Income": 7,
        "EBIT": NaN,
        "Net Income": 5
    },
    "2020-09-30": {
        "Diluted EPS": 0.94,
        "Total Revenue": 27,
        "Gross Profit": 26,
        "Operating Income": 9,
        "EBIT": NaN,
        "Net Income": 6
    },
    "2020-06-30": {
        "Diluted EPS": 0.84,
        "Total Revenue": 26,
        "Gross Profit": 24,
        "Operating Income": 8,
        "EBIT": NaN,
        "Net Income": 6
    },
    "2020-03-31": {
        "Diluted EPS": 0.57,
        "Total Revenue": 21,
        "Gross Profit": 19,
        "Operating Income": 5,
        "EBIT": NaN,
        "Net Income": 4
    },
    "2019-12-31": {
        "Diluted EPS": 0.37,
        "Total Revenue": 18,
        "Gross Profit": 16,
        "Operating Income": 4,
        "EBIT": NaN,
        "Net Income": 2
    },
    "2019-09-30": {
        "Diluted EPS": 0.63,
        "Total Revenue": 20,
        "Gross Profit": 18,
        "Operating Income": 6,
        "EBIT": NaN,
        "Net Income": 4
    },
    "2019-06-30": {
        "Diluted EPS": 0.51,
        "Total Revenue": 17,
        "Gross Profit": 15,
        "Operating Income": 4,
        "EBIT": NaN,
        "Net Income": 3
    },
    "2019-03-31": {
        "Diluted EPS": 0.18,
        "Total Revenue": 15,
        "Gross Profit": 13,
        "Operating Income": 3,
        "EBIT": NaN,
        "Net Income": 1
    },
    "2018-12-31": {
        "Diluted EPS": 0.26,
        "Total Revenue": 12,
        "Gross Profit": 11,
        "Operating Income": 2,
        "EBIT": NaN,
        "Net Income": 1
    },
    "2018-09-30": {
        "Diluted EPS": 0.3,
        "Total Revenue": 12,
        "Gross Profit": 11,
        "Operating Income": 2,
        "EBIT": NaN,
        "Net Income": 2
    },
    "2018-06-30": {
        "Diluted EPS": 0.24,
        "Total Revenue": 12,
        "Gross Profit": 11,
        "Operating Income": 2,
        "EBIT": NaN,
        "Net Income": 1
    },
    "2018-03-31": {
        "Diluted EPS": 0.11,
        "Total Revenue": 11,
        "Gross Profit": 10,
        "Operating Income": 1,
        "EBIT": NaN,
        "Net Income": 1
    },
    "2017-12-31": {
        "Diluted EPS": 0.07,
        "Total Revenue": 11,
        "Gross Profit": 10,
        "Operating Income": 2,
        "EBIT": NaN,
        "Net Income": 1
    },
    "2017-09-30": {
        "Diluted EPS": 0.45,
        "Total Revenue": 11,
        "Gross Profit": 10,
        "Operating Income": 3,
        "EBIT": NaN,
        "Net Income": 2
    },
    "2017-06-30": {
        "Diluted EPS": 0.27,
        "Total Revenue": 10,
        "Gross Profit": 9,
        "Operating Income": 2,
        "EBIT": NaN,
        "Net Income": 1
    },
    "2017-03-31": {
        "Diluted EPS": 0.2,
        "Total Revenue": 10,
        "Gross Profit": 9,
        "Operating Income": 1,
        "EBIT": NaN,
        "Net Income": 1
    },
    "2016-12-31": {
        "Diluted EPS": 0.37,
        "Total Revenue": 11,
        "Gross Profit": 10,
        "Operating Income": 2,
        "EBIT": NaN,
        "Net Income": 1
    },
    "2016-09-30": {
        "Diluted EPS": 0.46,
        "Total Revenue": 11,
        "Gross Profit": 10,
        "Operating Income": 2,
        "EBIT": NaN,
        "Net Income": 2
    },
    "2016-06-30": {
        "Diluted EPS": 0.32,
        "Total Revenue": 10,
        "Gross Profit": 9,
        "Operating Income": 2,
        "EBIT": NaN,
        "Net Income": 1
    },
    "2016-03-31": {
        "Diluted EPS": 0.17,
        "Total Revenue": 9,
        "Gross Profit": 8,
        "Operating Income": 1,
        "EBIT": NaN,
        "Net Income": 1
    },
    "2015-12-31": {
        "Diluted EPS": 0.22,
        "Total Revenue": 8,
        "Gross Profit": 8,
        "Operating Income": 1,
        "EBIT": NaN,
        "Net Income": 1
    },
    "2015-09-30": {
        "Diluted EPS": 0.14,
        "Total Revenue": 8,
        "Gross Profit": 7,
        "Operating Income": 1,
        "EBIT": NaN,
        "Net Income": 1
    },
    "2015-06-30": {
        "Diluted EPS": 0.21,
        "Total Revenue": 8,
        "Gross Profit": 8,
        "Operating Income": 1,
        "EBIT": NaN,
        "Net Income": 1
    },
    "2015-03-31": {
        "Diluted EPS": 0.1,
        "Total Revenue": 8,
        "Gross Profit": 7,
        "Operating Income": 0,
        "EBIT": NaN,
        "Net Income": 0
    },
    "2014-12-31": {
        "Diluted EPS": 0.0,
        "Total Revenue": -6,
        "Gross Profit": -5,
        "Operating Income": 0,
        "EBIT": NaN,
        "Net Income": 0
    },
    "2014-09-30": {
        "Diluted EPS": 0.18,
        "Total Revenue": 7,
        "Gross Profit": 7,
        "Operating Income": 1,
        "EBIT": NaN,
        "Net Income": 1
    },
    "2014-06-30": {
        "Diluted EPS": 0.21,
        "Total Revenue": 7,
        "Gross Profit": 6,
        "Operating Income": 0,
        "EBIT": NaN,
        "Net Income": 1
    },
    "2014-03-31": {
        "Diluted EPS": 0.03,
        "Total Revenue": 6,
        "Gross Profit": 6,
        "Operating Income": 0,
        "EBIT": NaN,
        "Net Income": 0
    },
    "2013-12-31": {
        "Diluted EPS": 0.12,
        "Total Revenue": NaN,
        "Gross Profit": -1,
        "Operating Income": -3,
        "EBIT": NaN,
        "Net Income": 0
    },
    "2013-09-30": {
        "Diluted EPS": 0.17,
        "Total Revenue": 7,
        "Gross Profit": 7,
        "Operating Income": 1,
        "EBIT": NaN,
        "Net Income": 1
    },
    "2013-06-30": {
        "Diluted EPS": 0.0,
        "Total Revenue": NaN,
        "Gross Profit": NaN,
        "Operating Income": NaN,
        "EBIT": NaN,
        "Net Income": NaN
    },
    "2013-03-31": {
        "Diluted EPS": 0.23,
        "Total Revenue": 7,
        "Gross Profit": 7,
        "Operating Income": 1,
        "EBIT": NaN,
        "Net Income": 1
    },
    "2012-12-31": {
        "Diluted EPS": -0.01,
        "Total Revenue": NaN,
        "Gross Profit": -1,
        "Operating Income": -2,
        "EBIT": NaN,
        "Net Income": 0
    },
    "2012-09-30": {
        "Diluted EPS": 0.11,
        "Total Revenue": 5,
        "Gross Profit": 4,
        "Operating Income": 1,
        "EBIT": NaN,
        "Net Income": 0
    },
    "2012-06-30": {
        "Diluted EPS": 0.0,
        "Total Revenue": NaN,
        "Gross Profit": NaN,
        "Operating Income": NaN,
        "EBIT": NaN,
        "Net Income": NaN
    },
    "2012-03-31": {
        "Diluted EPS": 0.17,
        "Total Revenue": 5,
        "Gross Profit": 4,
        "Operating Income": 1,
        "EBIT": NaN,
        "Net Income": 1
    },
    "2011-12-31": {
        "Diluted EPS": 0.12,
        "Total Revenue": NaN,
        "Gross Profit": -1,
        "Operating Income": -3,
        "EBIT": NaN,
        "Net Income": 0
    },
    "2011-09-30": {
        "Diluted EPS": 0.11,
        "Total Revenue": 4,
        "Gross Profit": 3,
        "Operating Income": 1,
        "EBIT": NaN,
        "Net Income": 0
    },
    "2011-06-30": {
        "Diluted EPS": 0.0,
        "Total Revenue": NaN,
        "Gross Profit": NaN,
        "Operating Income": NaN,
        "EBIT": NaN,
        "Net Income": NaN
    },
    "2011-03-31": {
        "Diluted EPS": 0.1,
        "Total Revenue": 5,
        "Gross Profit": 4,
        "Operating Income": 1,
        "EBIT": NaN,
        "Net Income": 0
    },
    "2010-12-31": {
        "Diluted EPS": 0.17,
        "Total Revenue": NaN,
        "Gross Profit": -1,
        "Operating Income": -2,
        "EBIT": NaN,
        "Net Income": 1
    },
    "2010-09-30": {
        "Diluted EPS": 0.22,
        "Total Revenue": 5,
        "Gross Profit": 4,
        "Operating Income": 1,
        "EBIT": NaN,
        "Net Income": 1
    },
    "2010-06-30": {
        "Diluted EPS": 0.0,
        "Total Revenue": NaN,
        "Gross Profit": NaN,
        "Operating Income": NaN,
        "EBIT": NaN,
        "Net Income": NaN
    },
    "2010-03-31": {
        "Diluted EPS": 0.1,
        "Total Revenue": 4,
        "Gross Profit": 3,
        "Operating Income": 1,
        "EBIT": NaN,
        "Net Income": 0
    },
    "2009-12-31": {
        "Diluted EPS": 0.12,
        "Total Revenue": 5,
        "Gross Profit": 3,
        "Operating Income": 1,
        "EBIT": NaN,
        "Net Income": 1
    },
    "2009-09-30": {
        "Diluted EPS": 0.18,
        "Total Revenue": 5,
        "Gross Profit": 3,
        "Operating Income": 1,
        "EBIT": NaN,
        "Net Income": 1
    },
    "2009-06-30": {
        "Diluted EPS": 0.0,
        "Total Revenue": 5,
        "Gross Profit": 4,
        "Operating Income": 1,
        "EBIT": NaN,
        "Net Income": 1
    },
    "2009-03-31": {
        "Diluted EPS": 0.87,
        "Total Revenue": 5,
        "Gross Profit": 4,
        "Operating Income": 2,
        "EBIT": NaN,
        "Net Income": 1
    },
    "2023-09-30": {
        "Tax Effect Of Unusual Items": NaN,
        "Tax Rate For Calcs": NaN,
        "Total Unusual Items": 0.0,
        "Total Unusual Items Excluding Goodwill": 0.0,
        "Net Income From Continuing Operation Net Minority Interest": NaN,
        "Reconciled Depreciation": NaN,
        "Net Interest Income": NaN,
        "Interest Expense": NaN,
        "Interest Income": NaN,
        "Normalized Income": NaN,
        "Net Income From Continuing And Discontinued Operation": NaN,
        "Diluted Average Shares": NaN,
        "Basic Average Shares": NaN,
        "Diluted EPS": NaN,
        "Basic EPS": NaN,
        "Diluted NI Availto Com Stockholders": NaN,
        "Net Income Common Stockholders": NaN,
        "Net Income": NaN,
        "Net Income Including Noncontrolling Interests": NaN,
        "Net Income Continuous Operations": NaN,
        "Tax Provision": NaN,
        "Pretax Income": NaN,
        "Special Income Charges": 0.0,
        "Restructuring And Mergern Acquisition": 0.0,
        "Gain On Sale Of Security": NaN,
        "Depreciation Amortization Depletion Income Statement": NaN,
        "Depreciation And Amortization In Income Statement": NaN,
        "Amortization": NaN,
        "Amortization Of Intangibles Income Statement": NaN,
        "Selling General And Administration": NaN,
        "Selling And Marketing Expense": NaN,
        "General And Administrative Expense": NaN,
        "Insurance And Claims": NaN,
        "Salaries And Wages": NaN,
        "Total Revenue": NaN,
        "Operating Revenue": NaN,
        "Occupancy And Equipment": NaN,
        "Professional Expense And Contract Services Expense": NaN,
        "Other Non Interest Expense": NaN
    },
    "2023-12-31": {
        "Tax Effect Of Unusual Items": NaN,
        "Tax Rate For Calcs": NaN,
        "Total Unusual Items": -83000.0,
        "Total Unusual Items Excluding Goodwill": -83000.0,
        "Net Income From Continuing Operation Net Minority Interest": NaN,
        "Reconciled Depreciation": NaN,
        "Net Interest Income": NaN,
        "Interest Expense": NaN,
        "Interest Income": NaN,
        "Normalized Income": NaN,
        "Net Income From Continuing And Discontinued Operation": NaN,
        "Diluted Average Shares": NaN,
        "Basic Average Shares": NaN,
        "Diluted EPS": NaN,
        "Basic EPS": NaN,
        "Diluted NI Availto Com Stockholders": NaN,
        "Net Income Common Stockholders": NaN,
        "Net Income": NaN,
        "Net Income Including Noncontrolling Interests": NaN,
        "Net Income Continuous Operations": NaN,
        "Tax Provision": NaN,
        "Pretax Income": NaN,
        "Special Income Charges": -83000.0,
        "Restructuring And Mergern Acquisition": 0.0,
        "Gain On Sale Of Security": NaN,
        "Depreciation Amortization Depletion Income Statement": NaN,
        "Depreciation And Amortization In Income Statement": NaN,
        "Amortization": NaN,
        "Amortization Of Intangibles Income Statement": NaN,
        "Selling General And Administration": NaN,
        "Selling And Marketing Expense": NaN,
        "General And Administrative Expense": NaN,
        "Insurance And Claims": NaN,
        "Salaries And Wages": NaN,
        "Total Revenue": NaN,
        "Operating Revenue": NaN,
        "Occupancy And Equipment": NaN,
        "Professional Expense And Contract Services Expense": NaN,
        "Other Non Interest Expense": NaN
    },
    "2024-03-31": {
        "Tax Effect Of Unusual Items": 0.0,
        "Tax Rate For Calcs": 0.163139,
        "Total Unusual Items": NaN,
        "Total Unusual Items Excluding Goodwill": NaN,
        "Net Income From Continuing Operation Net Minority Interest": 1898000.0,
        "Reconciled Depreciation": 2155000.0,
        "Net Interest Income": 14967000.0,
        "Interest Expense": 9728000.0,
        "Interest Income": 24695000.0,
        "Normalized Income": 1898000.0,
        "Net Income From Continuing And Discontinued Operation": 1898000.0,
        "Diluted Average Shares": 7835304.0,
        "Basic Average Shares": 7824928.0,
        "Diluted EPS": 0.24,
        "Basic EPS": 0.24,
        "Diluted NI Availto Com Stockholders": 1898000.0,
        "Net Income Common Stockholders": 1898000.0,
        "Net Income": 1898000.0,
        "Net Income Including Noncontrolling Interests": 1898000.0,
        "Net Income Continuous Operations": 1898000.0,
        "Tax Provision": 370000.0,
        "Pretax Income": 2268000.0,
        "Special Income Charges": NaN,
        "Restructuring And Mergern Acquisition": NaN,
        "Gain On Sale Of Security": 0.0,
        "Depreciation Amortization Depletion Income Statement": 369000.0,
        "Depreciation And Amortization In Income Statement": 369000.0,
        "Amortization": 369000.0,
        "Amortization Of Intangibles Income Statement": 369000.0,
        "Selling General And Administration": 10270000.0,
        "Selling And Marketing Expense": 253000.0,
        "General And Administrative Expense": 10017000.0,
        "Insurance And Claims": 299000.0,
        "Salaries And Wages": 9718000.0,
        "Total Revenue": 18768000.0,
        "Operating Revenue": 18768000.0,
        "Occupancy And Equipment": 2099000.0,
        "Professional Expense And Contract Services Expense": 484000.0,
        "Other Non Interest Expense": 3413000.0
    },
    "2024-06-30": {
        "Tax Effect Of Unusual Items": 0.0,
        "Tax Rate For Calcs": 0.203483,
        "Net Income From Continuing Operation Net Minority Interest": 1738000.0,
        "Reconciled Depreciation": 2258000.0,
        "Net Interest Income": 15368000.0,
        "Interest Expense": 10190000.0,
        "Interest Income": 25558000.0,
        "Normalized Income": 1738000.0,
        "Net Income From Continuing And Discontinued Operation": 1738000.0,
        "Diluted Average Shares": 7845272.0,
        "Basic Average Shares": 7830925.0,
        "Diluted EPS": 0.22,
        "Basic EPS": 0.22,
        "Diluted NI Availto Com Stockholders": 1738000.0,
        "Net Income Common Stockholders": 1738000.0,
        "Net Income": 1738000.0,
        "Net Income Including Noncontrolling Interests": 1738000.0,
        "Net Income Continuous Operations": 1738000.0,
        "Tax Provision": 444000.0,
        "Pretax Income": 2182000.0,
        "Gain On Sale Of Security": 0.0,
        "Depreciation Amortization Depletion Income Statement": 348000.0,
        "Depreciation And Amortization In Income Statement": 348000.0,
        "Amortization": 348000.0,
        "Amortization Of Intangibles Income Statement": 348000.0,
        "Selling General And Administration": 10873000.0,
        "Selling And Marketing Expense": 316000.0,
        "General And Administrative Expense": 10557000.0,
        "Insurance And Claims": 284000.0,
        "Salaries And Wages": 10273000.0,
        "Total Revenue": 19489000.0,
        "Operating Revenue": 19489000.0,
        "Occupancy And Equipment": 2104000.0,
        "Professional Expense And Contract Services Expense": 423000.0,
        "Other Non Interest Expense": 3147000.0
    },
    "2024-09-30": {
        "Tax Effect Of Unusual Items": 0.0,
        "Tax Rate For Calcs": 0.163372,
        "Net Income From Continuing Operation Net Minority Interest": 2709000.0,
        "Reconciled Depreciation": 2258000.0,
        "Net Interest Income": 15536000.0,
        "Interest Expense": 10958000.0,
        "Interest Income": 26494000.0,
        "Normalized Income": 2709000.0,
        "Net Income From Continuing And Discontinued Operation": 2709000.0,
        "Diluted Average Shares": NaN,
        "Basic Average Shares": NaN,
        "Diluted EPS": NaN,
        "Basic EPS": NaN,
        "Diluted NI Availto Com Stockholders": 2709000.0,
        "Net Income Common Stockholders": 2709000.0,
        "Net Income": 2709000.0,
        "Net Income Including Noncontrolling Interests": 2709000.0,
        "Net Income Continuous Operations": 2709000.0,
        "Tax Provision": 529000.0,
        "Pretax Income": 3238000.0,
        "Gain On Sale Of Security": 0.0,
        "Depreciation Amortization Depletion Income Statement": 337000.0,
        "Depreciation And Amortization In Income Statement": 337000.0,
        "Amortization": 337000.0,
        "Amortization Of Intangibles Income Statement": 337000.0,
        "Selling General And Administration": 10466000.0,
        "Selling And Marketing Expense": 277000.0,
        "General And Administrative Expense": 10189000.0,
        "Insurance And Claims": 295000.0,
        "Salaries And Wages": 9894000.0,
        "Total Revenue": 20400000.0,
        "Operating Revenue": 20400000.0,
        "Occupancy And Equipment": 2134000.0,
        "Professional Expense And Contract Services Expense": 438000.0,
        "Other Non Interest Expense": 3510000.0
    },
    "2024-12-31": {
        "Tax Effect Of Unusual Items": 0.0,
        "Tax Rate For Calcs": 0.072663,
        "Net Income From Continuing Operation Net Minority Interest": 3433000.0,
        "Reconciled Depreciation": 2221000.0,
        "Net Interest Income": 16482000.0,
        "Interest Expense": 9897000.0,
        "Interest Income": 26379000.0,
        "Normalized Income": 3433000.0,
        "Net Income From Continuing And Discontinued Operation": 3433000.0,
        "Diluted Average Shares": 7868507.0,
        "Basic Average Shares": 7862279.0,
        "Diluted EPS": 0.44,
        "Basic EPS": 0.44,
        "Diluted NI Availto Com Stockholders": 3433000.0,
        "Net Income Common Stockholders": 3433000.0,
        "Net Income": 3433000.0,
        "Net Income Including Noncontrolling Interests": 3433000.0,
        "Net Income Continuous Operations": 3433000.0,
        "Tax Provision": 269000.0,
        "Pretax Income": 3702000.0,
        "Gain On Sale Of Security": -141000.0,
        "Depreciation Amortization Depletion Income Statement": 337000.0,
        "Depreciation And Amortization In Income Statement": 337000.0,
        "Amortization": 337000.0,
        "Amortization Of Intangibles Income Statement": 337000.0,
        "Selling General And Administration": 10583000.0,
        "Selling And Marketing Expense": 466000.0,
        "General And Administrative Expense": 10117000.0,
        "Insurance And Claims": 287000.0,
        "Salaries And Wages": 9830000.0,
        "Total Revenue": 20990000.0,
        "Operating Revenue": 20990000.0,
        "Occupancy And Equipment": 2194000.0,
        "Professional Expense And Contract Services Expense": 596000.0,
        "Other Non Interest Expense": 3614000.0
    },
    "2025-03-31": {
        "Tax Effect Of Unusual Items": 0.0,
        "Tax Rate For Calcs": 0.163,
        "Net Income From Continuing Operation Net Minority Interest": 3239000.0,
        "Reconciled Depreciation": 2091000.0,
        "Net Interest Income": 16642000.0,
        "Interest Expense": 9167000.0,
        "Interest Income": 25809000.0,
        "Normalized Income": 3239000.0,
        "Net Income From Continuing And Discontinued Operation": 3239000.0,
        "Diluted Average Shares": 7823636.0,
        "Basic Average Shares": 7812248.0,
        "Diluted EPS": 0.41,
        "Basic EPS": 0.41,
        "Diluted NI Availto Com Stockholders": 3239000.0,
        "Net Income Common Stockholders": 3239000.0,
        "Net Income": 3239000.0,
        "Net Income Including Noncontrolling Interests": 3239000.0,
        "Net Income Continuous Operations": 3239000.0,
        "Tax Provision": 631000.0,
        "Pretax Income": 3870000.0,
        "Gain On Sale Of Security": 0.0,
        "Depreciation Amortization Depletion Income Statement": 320000.0,
        "Depreciation And Amortization In Income Statement": 320000.0,
        "Amortization": 320000.0,
        "Amortization Of Intangibles Income Statement": 320000.0,
        "Selling General And Administration": 10127000.0,
        "Selling And Marketing Expense": 232000.0,
        "General And Administrative Expense": 9895000.0,
        "Insurance And Claims": 231000.0,
        "Salaries And Wages": 9664000.0,
        "Total Revenue": 20546000.0,
        "Operating Revenue": 20546000.0,
        "Occupancy And Equipment": 2302000.0,
        "Professional Expense And Contract Services Expense": 520000.0,
        "Other Non Interest Expense": 3365000.0
    },
    "2025-06-30": {
        "Tax Effect Of Unusual Items": 0.0,
        "Tax Rate For Calcs": 0.188315,
        "Net Income From Continuing Operation Net Minority Interest": 3237000.0,
        "Reconciled Depreciation": 2281000.0,
        "Net Interest Income": 17909000.0,
        "Interest Expense": 9005000.0,
        "Interest Income": 26914000.0,
        "Normalized Income": 3237000.0,
        "Net Income From Continuing And Discontinued Operation": 3237000.0,
        "Diluted Average Shares": 7812656.0,
        "Basic Average Shares": 7791320.0,
        "Diluted EPS": 0.41,
        "Basic EPS": 0.42,
        "Diluted NI Availto Com Stockholders": 3237000.0,
        "Net Income Common Stockholders": 3237000.0,
        "Net Income": 3237000.0,
        "Net Income Including Noncontrolling Interests": 3237000.0,
        "Net Income Continuous Operations": 3237000.0,
        "Tax Provision": 751000.0,
        "Pretax Income": 3988000.0,
        "Gain On Sale Of Security": 0.0,
        "Depreciation Amortization Depletion Income Statement": 298000.0,
        "Depreciation And Amortization In Income Statement": 298000.0,
        "Amortization": 298000.0,
        "Amortization Of Intangibles Income Statement": 298000.0,
        "Selling General And Administration": 11182000.0,
        "Selling And Marketing Expense": 280000.0,
        "General And Administrative Expense": 10902000.0,
        "Insurance And Claims": 257000.0,
        "Salaries And Wages": 10645000.0,
        "Total Revenue": 22598000.0,
        "Operating Revenue": 22598000.0,
        "Occupancy And Equipment": 2230000.0,
        "Professional Expense And Contract Services Expense": 391000.0,
        "Other Non Interest Expense": 3471000.0
    },
    "2025-09-30": {
        "Tax Effect Of Unusual Items": 0.0,
        "Tax Rate For Calcs": 0.267554,
        "Net Income From Continuing Operation Net Minority Interest": 3630000.0,
        "Reconciled Depreciation": 2195000.0,
        "Net Interest Income": 18463000.0,
        "Interest Expense": 9146000.0,
        "Interest Income": 27609000.0,
        "Normalized Income": 3630000.0,
        "Net Income From Continuing And Discontinued Operation": 3630000.0,
        "Diluted Average Shares": 7830947.0,
        "Basic Average Shares": 7796304.0,
        "Diluted EPS": 0.46,
        "Basic EPS": 0.47,
        "Diluted NI Availto Com Stockholders": 3630000.0,
        "Net Income Common Stockholders": 3630000.0,
        "Net Income": 3630000.0,
        "Net Income Including Noncontrolling Interests": 3630000.0,
        "Net Income Continuous Operations": 3630000.0,
        "Tax Provision": 1326000.0,
        "Pretax Income": 4956000.0,
        "Gain On Sale Of Security": 0.0,
        "Depreciation Amortization Depletion Income Statement": 288000.0,
        "Depreciation And Amortization In Income Statement": 288000.0,
        "Amortization": 288000.0,
        "Amortization Of Intangibles Income Statement": 288000.0,
        "Selling General And Administration": 11732000.0,
        "Selling And Marketing Expense": 308000.0,
        "General And Administrative Expense": 11424000.0,
        "Insurance And Claims": 231000.0,
        "Salaries And Wages": 11193000.0,
        "Total Revenue": 23023000.0,
        "Operating Revenue": 23023000.0,
        "Occupancy And Equipment": 2274000.0,
        "Professional Expense And Contract Services Expense": 401000.0,
        "Other Non Interest Expense": 3310000.0
    },
    "2025-12-31": {
        "Tax Effect Of Unusual Items": NaN,
        "Tax Rate For Calcs": NaN,
        "Net Income From Continuing Operation Net Minority Interest": NaN,
        "Reconciled Depreciation": NaN,
        "Net Interest Income": NaN,
        "Interest Expense": NaN,
        "Interest Income": NaN,
        "Normalized Income": NaN,
        "Net Income From Continuing And Discontinued Operation": NaN,
        "Diluted Average Shares": 7824500.0,
        "Basic Average Shares": 7807848.0,
        "Diluted EPS": 0.6,
        "Basic EPS": 0.61,
        "Diluted NI Availto Com Stockholders": NaN,
        "Net Income Common Stockholders": NaN,
        "Net Income": NaN,
        "Net Income Including Noncontrolling Interests": NaN,
        "Net Income Continuous Operations": NaN,
        "Tax Provision": NaN,
        "Pretax Income": NaN,
        "Gain On Sale Of Security": NaN,
        "Depreciation Amortization Depletion Income Statement": NaN,
        "Depreciation And Amortization In Income Statement": NaN,
        "Amortization": NaN,
        "Amortization Of Intangibles Income Statement": NaN,
        "Selling General And Administration": NaN,
        "Selling And Marketing Expense": NaN,
        "General And Administrative Expense": NaN,
        "Insurance And Claims": NaN,
        "Salaries And Wages": NaN,
        "Total Revenue": NaN,
        "Operating Revenue": NaN,
        "Occupancy And Equipment": NaN,
        "Professional Expense And Contract Services Expense": NaN,
        "Other Non Interest Expense": NaN
    }
}