{
    "2023-03-31": {
        "Tax Effect Of Unusual Items": 0.0,
        "Tax Rate For Calcs": 0.16,
        "Normalized EBITDA": -108100000.0,
        "Total Unusual Items": NaN,
        "Total Unusual Items Excluding Goodwill": NaN,
        "Net Income From Continuing Operation Net Minority Interest": -186200000.0,
        "Reconciled Depreciation": 34600000.0,
        "Reconciled Cost Of Revenue": 135300000.0,
        "EBITDA": -108100000.0,
        "EBIT": -142700000.0,
        "Net Interest Income": -17900000.0,
        "Interest Expense": 17900000.0,
        "Normalized Income": -186200000.0,
        "Net Income From Continuing And Discontinued Operation": -186200000.0,
        "Total Expenses": 305400000.0,
        "Total Operating Income As Reported": -147600000.0,
        "Diluted Average Shares": 50200000.0,
        "Basic Average Shares": 50200000.0,
        "Diluted EPS": -3.71,
        "Basic EPS": -3.71,
        "Diluted NI Availto Com Stockholders": -186200000.0,
        "Net Income Common Stockholders": -186200000.0,
        "Net Income": -186200000.0,
        "Net Income Including Noncontrolling Interests": -186200000.0,
        "Net Income Continuous Operations": -186200000.0,
        "Tax Provision": 25600000.0,
        "Pretax Income": -160600000.0,
        "Other Income Expense": 4900000.0,
        "Other Non Operating Income Expenses": 4900000.0,
        "Special Income Charges": NaN,
        "Gain On Sale Of Business": NaN,
        "Impairment Of Capital Assets": NaN,
        "Net Non Operating Interest Income Expense": -17900000.0,
        "Interest Expense Non Operating": 17900000.0,
        "Operating Income": -147600000.0,
        "Operating Expense": 152500000.0,
        "Other Operating Expenses": -6500000.0,
        "Depreciation Amortization Depletion Income Statement": 17000000.0,
        "Depreciation And Amortization In Income Statement": 17000000.0,
        "Amortization": 17000000.0,
        "Amortization Of Intangibles Income Statement": 17000000.0,
        "Research And Development": 40700000.0,
        "Selling General And Administration": 101300000.0,
        "Gross Profit": 4900000.0,
        "Cost Of Revenue": 152900000.0,
        "Total Revenue": 157800000.0,
        "Operating Revenue": 157800000.0
    },
    "2022-12-31": {
        "Tax Effect Of Unusual Items": NaN,
        "Tax Rate For Calcs": NaN,
        "Normalized EBITDA": NaN,
        "Total Unusual Items": NaN,
        "Total Unusual Items Excluding Goodwill": NaN,
        "Net Income From Continuing Operation Net Minority Interest": NaN,
        "Reconciled Depreciation": NaN,
        "Reconciled Cost Of Revenue": NaN,
        "EBITDA": NaN,
        "EBIT": NaN,
        "Net Interest Income": NaN,
        "Interest Expense": NaN,
        "Normalized Income": NaN,
        "Net Income From Continuing And Discontinued Operation": NaN,
        "Total Expenses": NaN,
        "Total Operating Income As Reported": NaN,
        "Diluted Average Shares": 49900000.0,
        "Basic Average Shares": 49900000.0,
        "Diluted EPS": -1.76,
        "Basic EPS": -1.76,
        "Diluted NI Availto Com Stockholders": NaN,
        "Net Income Common Stockholders": NaN,
        "Net Income": NaN,
        "Net Income Including Noncontrolling Interests": NaN,
        "Net Income Continuous Operations": NaN,
        "Tax Provision": NaN,
        "Pretax Income": NaN,
        "Other Income Expense": NaN,
        "Other Non Operating Income Expenses": NaN,
        "Special Income Charges": NaN,
        "Gain On Sale Of Business": NaN,
        "Impairment Of Capital Assets": NaN,
        "Net Non Operating Interest Income Expense": NaN,
        "Interest Expense Non Operating": NaN,
        "Operating Income": NaN,
        "Operating Expense": NaN,
        "Other Operating Expenses": NaN,
        "Depreciation Amortization Depletion Income Statement": NaN,
        "Depreciation And Amortization In Income Statement": NaN,
        "Amortization": NaN,
        "Amortization Of Intangibles Income Statement": NaN,
        "Research And Development": NaN,
        "Selling General And Administration": NaN,
        "Gross Profit": NaN,
        "Cost Of Revenue": NaN,
        "Total Revenue": NaN,
        "Operating Revenue": NaN
    },
    "2022-09-30": {
        "Tax Effect Of Unusual Items": NaN,
        "Tax Rate For Calcs": NaN,
        "Normalized EBITDA": NaN,
        "Total Unusual Items": 0.0,
        "Total Unusual Items Excluding Goodwill": 0.0,
        "Net Income From Continuing Operation Net Minority Interest": NaN,
        "Reconciled Depreciation": NaN,
        "Reconciled Cost Of Revenue": NaN,
        "EBITDA": NaN,
        "EBIT": NaN,
        "Net Interest Income": NaN,
        "Interest Expense": NaN,
        "Normalized Income": NaN,
        "Net Income From Continuing And Discontinued Operation": NaN,
        "Total Expenses": NaN,
        "Total Operating Income As Reported": NaN,
        "Diluted Average Shares": NaN,
        "Basic Average Shares": NaN,
        "Diluted EPS": NaN,
        "Basic EPS": NaN,
        "Diluted NI Availto Com Stockholders": NaN,
        "Net Income Common Stockholders": NaN,
        "Net Income": NaN,
        "Net Income Including Noncontrolling Interests": NaN,
        "Net Income Continuous Operations": NaN,
        "Tax Provision": NaN,
        "Pretax Income": NaN,
        "Other Income Expense": NaN,
        "Other Non Operating Income Expenses": NaN,
        "Special Income Charges": 0.0,
        "Gain On Sale Of Business": 0.0,
        "Impairment Of Capital Assets": 0.0,
        "Net Non Operating Interest Income Expense": NaN,
        "Interest Expense Non Operating": NaN,
        "Operating Income": NaN,
        "Operating Expense": NaN,
        "Other Operating Expenses": NaN,
        "Depreciation Amortization Depletion Income Statement": NaN,
        "Depreciation And Amortization In Income Statement": NaN,
        "Amortization": NaN,
        "Amortization Of Intangibles Income Statement": NaN,
        "Research And Development": NaN,
        "Selling General And Administration": NaN,
        "Gross Profit": NaN,
        "Cost Of Revenue": NaN,
        "Total Revenue": NaN,
        "Operating Revenue": NaN
    },
    "2022-06-30": {
        "Tax Effect Of Unusual Items": 0.0,
        "Tax Rate For Calcs": 0.318841,
        "Normalized EBITDA": -30500000.0,
        "Total Unusual Items": NaN,
        "Total Unusual Items Excluding Goodwill": NaN,
        "Net Income From Continuing Operation Net Minority Interest": -56400000.0,
        "Reconciled Depreciation": 44500000.0,
        "Reconciled Cost Of Revenue": 139300000.0,
        "EBITDA": -30500000.0,
        "EBIT": -75000000.0,
        "Net Interest Income": -7800000.0,
        "Interest Expense": 7800000.0,
        "Normalized Income": -56400000.0,
        "Net Income From Continuing And Discontinued Operation": -56400000.0,
        "Total Expenses": 314700000.0,
        "Total Operating Income As Reported": -72000000.0,
        "Diluted Average Shares": 50000000.0,
        "Basic Average Shares": 50000000.0,
        "Diluted EPS": -1.13,
        "Basic EPS": -1.13,
        "Diluted NI Availto Com Stockholders": -56400000.0,
        "Net Income Common Stockholders": -56400000.0,
        "Net Income": -56400000.0,
        "Net Income Including Noncontrolling Interests": -56400000.0,
        "Net Income Continuous Operations": -56400000.0,
        "Tax Provision": -26400000.0,
        "Pretax Income": -82800000.0,
        "Other Income Expense": -3000000.0,
        "Other Non Operating Income Expenses": -3000000.0,
        "Special Income Charges": NaN,
        "Gain On Sale Of Business": NaN,
        "Impairment Of Capital Assets": NaN,
        "Net Non Operating Interest Income Expense": -7800000.0,
        "Interest Expense Non Operating": 7800000.0,
        "Operating Income": -72000000.0,
        "Operating Expense": 144900000.0,
        "Depreciation Amortization Depletion Income Statement": 14000000.0,
        "Depreciation And Amortization In Income Statement": 14000000.0,
        "Amortization": 14000000.0,
        "Amortization Of Intangibles Income Statement": 14000000.0,
        "Research And Development": 49800000.0,
        "Selling General And Administration": 81100000.0,
        "Gross Profit": 72900000.0,
        "Cost Of Revenue": 169800000.0,
        "Total Revenue": 242700000.0,
        "Operating Revenue": 242700000.0
    },
    "2022-03-31": {
        "Diluted EPS": -0.07,
        "Total Revenue": 308,
        "Gross Profit": 152,
        "Operating Income": 6,
        "EBIT": 38,
        "Net Income": -4
    },
    "2021-12-31": {
        "Diluted EPS": 3.51,
        "Total Revenue": 723,
        "Gross Profit": 510,
        "Operating Income": 277,
        "EBIT": 308,
        "Net Income": 189
    },
    "2021-09-30": {
        "Diluted EPS": -0.61,
        "Total Revenue": 329,
        "Gross Profit": 112,
        "Operating Income": -35,
        "EBIT": -1,
        "Net Income": -33
    },
    "2021-06-30": {
        "Diluted EPS": 0.09,
        "Total Revenue": 398,
        "Gross Profit": 170,
        "Operating Income": 15,
        "EBIT": 49,
        "Net Income": 5
    },
    "2021-03-31": {
        "Diluted EPS": 1.28,
        "Total Revenue": 343,
        "Gross Profit": 244,
        "Operating Income": 95,
        "EBIT": 125,
        "Net Income": 70
    },
    "2020-12-31": {
        "Diluted EPS": 3.45,
        "Total Revenue": 583,
        "Gross Profit": 386,
        "Operating Income": 258,
        "EBIT": 288,
        "Net Income": 185
    },
    "2020-09-30": {
        "Diluted EPS": 0.73,
        "Total Revenue": 385,
        "Gross Profit": 265,
        "Operating Income": 61,
        "EBIT": 91,
        "Net Income": 40
    },
    "2020-06-30": {
        "Diluted EPS": 1.73,
        "Total Revenue": 395,
        "Gross Profit": 265,
        "Operating Income": 126,
        "EBIT": 155,
        "Net Income": 93
    },
    "2020-03-31": {
        "Diluted EPS": -0.24,
        "Total Revenue": 193,
        "Gross Profit": 116,
        "Operating Income": -12,
        "EBIT": 17,
        "Net Income": -13
    },
    "2019-12-31": {
        "Diluted EPS": 0.9,
        "Total Revenue": 360,
        "Gross Profit": 228,
        "Operating Income": 78,
        "EBIT": 106,
        "Net Income": 47
    },
    "2019-09-30": {
        "Diluted EPS": 0.83,
        "Total Revenue": 312,
        "Gross Profit": 204,
        "Operating Income": 71,
        "EBIT": 99,
        "Net Income": 43
    },
    "2019-06-30": {
        "Diluted EPS": -0.18,
        "Total Revenue": 243,
        "Gross Profit": 142,
        "Operating Income": -7,
        "EBIT": 22,
        "Net Income": -10
    },
    "2019-03-31": {
        "Diluted EPS": -0.51,
        "Total Revenue": 191,
        "Gross Profit": 99,
        "Operating Income": -27,
        "EBIT": 0,
        "Net Income": -26
    },
    "2018-12-31": {
        "Diluted EPS": -0.07,
        "Total Revenue": 271,
        "Gross Profit": 157,
        "Operating Income": 11,
        "EBIT": 37,
        "Net Income": -3
    },
    "2018-09-30": {
        "Diluted EPS": 0.41,
        "Total Revenue": 174,
        "Gross Profit": 104,
        "Operating Income": 21,
        "EBIT": 34,
        "Net Income": 21
    },
    "2018-06-30": {
        "Diluted EPS": 0.98,
        "Total Revenue": 220,
        "Gross Profit": 135,
        "Operating Income": 67,
        "EBIT": 79,
        "Net Income": 50
    },
    "2018-03-31": {
        "Diluted EPS": -0.1,
        "Total Revenue": 118,
        "Gross Profit": 64,
        "Operating Income": -10,
        "EBIT": 3,
        "Net Income": -5
    },
    "2017-12-31": {
        "Diluted EPS": 0.69,
        "Total Revenue": 194,
        "Gross Profit": 132,
        "Operating Income": 53,
        "EBIT": 67,
        "Net Income": 34
    },
    "2017-09-30": {
        "Diluted EPS": 0.68,
        "Total Revenue": 149,
        "Gross Profit": 105,
        "Operating Income": 48,
        "EBIT": 58,
        "Net Income": 34
    },
    "2017-06-30": {
        "Diluted EPS": 0.11,
        "Total Revenue": 101,
        "Gross Profit": 66,
        "Operating Income": 9,
        "EBIT": 18,
        "Net Income": 5
    },
    "2017-03-31": {
        "Diluted EPS": 0.23,
        "Total Revenue": 117,
        "Gross Profit": 71,
        "Operating Income": 15,
        "EBIT": 25,
        "Net Income": 10
    },
    "2016-12-31": {
        "Diluted EPS": 0.85,
        "Total Revenue": 152,
        "Gross Profit": 118,
        "Operating Income": 51,
        "EBIT": 61,
        "Net Income": 37
    },
    "2016-09-30": {
        "Diluted EPS": 0.45,
        "Total Revenue": 143,
        "Gross Profit": 103,
        "Operating Income": 35,
        "EBIT": 46,
        "Net Income": 21
    },
    "2016-06-30": {
        "Diluted EPS": -0.27,
        "Total Revenue": 91,
        "Gross Profit": 62,
        "Operating Income": -2,
        "EBIT": 7,
        "Net Income": -11
    },
    "2016-03-31": {
        "Diluted EPS": 0.1,
        "Total Revenue": 103,
        "Gross Profit": 79,
        "Operating Income": 21,
        "EBIT": 30,
        "Net Income": 4
    },
    "2015-12-31": {
        "Diluted EPS": 0.87,
        "Total Revenue": 141,
        "Gross Profit": 115,
        "Operating Income": 85,
        "EBIT": 95,
        "Net Income": 33
    },
    "2015-09-30": {
        "Diluted EPS": 0.79,
        "Total Revenue": 158,
        "Gross Profit": 123,
        "Operating Income": 63,
        "EBIT": 72,
        "Net Income": 37
    },
    "2015-06-30": {
        "Diluted EPS": 0.32,
        "Total Revenue": 126,
        "Gross Profit": 99,
        "Operating Income": 21,
        "EBIT": 30,
        "Net Income": 14
    },
    "2015-03-31": {
        "Diluted EPS": -0.57,
        "Total Revenue": 64,
        "Gross Profit": 45,
        "Operating Income": -28,
        "EBIT": -20,
        "Net Income": -22
    },
    "2014-12-31": {
        "Diluted EPS": 0.81,
        "Total Revenue": 102,
        "Gross Profit": 86,
        "Operating Income": 76,
        "EBIT": 84,
        "Net Income": 30
    },
    "2014-09-30": {
        "Diluted EPS": 0.49,
        "Total Revenue": 138,
        "Gross Profit": 106,
        "Operating Income": 31,
        "EBIT": 40,
        "Net Income": 22
    },
    "2014-06-30": {
        "Diluted EPS": 0.13,
        "Total Revenue": 110,
        "Gross Profit": 76,
        "Operating Income": 8,
        "EBIT": 16,
        "Net Income": 5
    },
    "2014-03-31": {
        "Diluted EPS": -0.55,
        "Total Revenue": 54,
        "Gross Profit": 35,
        "Operating Income": -25,
        "EBIT": -19,
        "Net Income": -20
    },
    "2013-12-31": {
        "Diluted EPS": 0.42,
        "Total Revenue": 98,
        "Gross Profit": 79,
        "Operating Income": 23,
        "EBIT": 29,
        "Net Income": 15
    },
    "2013-09-30": {
        "Diluted EPS": 0.36,
        "Total Revenue": 89,
        "Gross Profit": 69,
        "Operating Income": 18,
        "EBIT": 23,
        "Net Income": 13
    },
    "2013-06-30": {
        "Diluted EPS": 0.29,
        "Total Revenue": 82,
        "Gross Profit": 65,
        "Operating Income": 15,
        "EBIT": 19,
        "Net Income": 10
    },
    "2013-03-31": {
        "Diluted EPS": -0.22,
        "Total Revenue": 43,
        "Gross Profit": 37,
        "Operating Income": -13,
        "EBIT": -9,
        "Net Income": -8
    },
    "2012-12-31": {
        "Diluted EPS": 0.45,
        "Total Revenue": 95,
        "Gross Profit": 79,
        "Operating Income": 24,
        "EBIT": 28,
        "Net Income": 16
    },
    "2012-09-30": {
        "Diluted EPS": 0.18,
        "Total Revenue": 67,
        "Gross Profit": 56,
        "Operating Income": 10,
        "EBIT": 13,
        "Net Income": 7
    },
    "2012-06-30": {
        "Diluted EPS": 0.21,
        "Total Revenue": 70,
        "Gross Profit": 57,
        "Operating Income": 9,
        "EBIT": 11,
        "Net Income": 8
    },
    "2012-03-31": {
        "Diluted EPS": -0.19,
        "Total Revenue": 50,
        "Gross Profit": 43,
        "Operating Income": -13,
        "EBIT": -10,
        "Net Income": -7
    },
    "2011-12-31": {
        "Diluted EPS": 0.82,
        "Total Revenue": 108,
        "Gross Profit": 94,
        "Operating Income": 46,
        "EBIT": 48,
        "Net Income": 29
    },
    "2011-09-30": {
        "Diluted EPS": 0.04,
        "Total Revenue": 59,
        "Gross Profit": 48,
        "Operating Income": 1,
        "EBIT": 4,
        "Net Income": 2
    },
    "2011-06-30": {
        "Diluted EPS": 0.39,
        "Total Revenue": 88,
        "Gross Profit": 72,
        "Operating Income": 20,
        "EBIT": 22,
        "Net Income": 14
    },
    "2011-03-31": {
        "Diluted EPS": -0.61,
        "Total Revenue": 19,
        "Gross Profit": 17,
        "Operating Income": -36,
        "EBIT": -33,
        "Net Income": -21
    },
    "2010-12-31": {
        "Diluted EPS": 0.79,
        "Total Revenue": 103,
        "Gross Profit": 86,
        "Operating Income": 35,
        "EBIT": 37,
        "Net Income": 26
    },
    "2010-09-30": {
        "Diluted EPS": 0.41,
        "Total Revenue": 74,
        "Gross Profit": 62,
        "Operating Income": 21,
        "EBIT": 22,
        "Net Income": 13
    },
    "2010-06-30": {
        "Diluted EPS": 0.31,
        "Total Revenue": 62,
        "Gross Profit": 51,
        "Operating Income": 15,
        "EBIT": 16,
        "Net Income": 10
    },
    "2010-03-31": {
        "Diluted EPS": 0.08,
        "Total Revenue": 47,
        "Gross Profit": 39,
        "Operating Income": 3,
        "EBIT": 4,
        "Net Income": 3
    },
    "2009-12-31": {
        "Diluted EPS": 0.13,
        "Total Revenue": 54,
        "Gross Profit": 42,
        "Operating Income": 4,
        "EBIT": 5,
        "Net Income": 4
    },
    "2009-09-30": {
        "Diluted EPS": 0.03,
        "Total Revenue": 43,
        "Gross Profit": 35,
        "Operating Income": -4,
        "EBIT": -3,
        "Net Income": 1
    },
    "2009-06-30": {
        "Diluted EPS": 0.48,
        "Total Revenue": 73,
        "Gross Profit": 63,
        "Operating Income": 23,
        "EBIT": 24,
        "Net Income": 15
    },
    "2009-03-31": {
        "Diluted EPS": 0.35,
        "Total Revenue": 65,
        "Gross Profit": 49,
        "Operating Income": 17,
        "EBIT": 19,
        "Net Income": 11
    },
    "2023-06-30": {
        "Tax Effect Of Unusual Items": NaN,
        "Tax Rate For Calcs": NaN,
        "Normalized EBITDA": NaN,
        "Total Unusual Items": -231800000.0,
        "Total Unusual Items Excluding Goodwill": -231800000.0,
        "Net Income From Continuing Operation Net Minority Interest": NaN,
        "Reconciled Depreciation": NaN,
        "Reconciled Cost Of Revenue": NaN,
        "EBITDA": NaN,
        "EBIT": NaN,
        "Net Interest Income": NaN,
        "Interest Expense": NaN,
        "Normalized Income": NaN,
        "Net Income From Continuing And Discontinued Operation": NaN,
        "Total Expenses": NaN,
        "Total Operating Income As Reported": NaN,
        "Diluted Average Shares": NaN,
        "Basic Average Shares": NaN,
        "Diluted EPS": NaN,
        "Basic EPS": NaN,
        "Diluted NI Availto Com Stockholders": NaN,
        "Net Income Common Stockholders": NaN,
        "Net Income": NaN,
        "Net Income Including Noncontrolling Interests": NaN,
        "Net Income Continuous Operations": NaN,
        "Tax Provision": NaN,
        "Pretax Income": NaN,
        "Other Income Expense": NaN,
        "Other Non Operating Income Expenses": NaN,
        "Special Income Charges": -231800000.0,
        "Gain On Sale Of Business": 74900000.0,
        "Impairment Of Capital Assets": 306700000.0,
        "Net Non Operating Interest Income Expense": NaN,
        "Interest Expense Non Operating": NaN,
        "Operating Income": NaN,
        "Operating Expense": NaN,
        "Other Operating Expenses": NaN,
        "Depreciation Amortization Depletion Income Statement": NaN,
        "Depreciation And Amortization In Income Statement": NaN,
        "Amortization": NaN,
        "Amortization Of Intangibles Income Statement": NaN,
        "Research And Development": NaN,
        "Selling General And Administration": NaN,
        "Gross Profit": NaN,
        "Cost Of Revenue": NaN,
        "Total Revenue": NaN,
        "Operating Revenue": NaN
    },
    "2023-09-30": {
        "Tax Effect Of Unusual Items": NaN,
        "Tax Rate For Calcs": NaN,
        "Normalized EBITDA": NaN,
        "Total Unusual Items": -218900000.0,
        "Total Unusual Items Excluding Goodwill": -218900000.0,
        "Net Income From Continuing Operation Net Minority Interest": NaN,
        "Reconciled Depreciation": NaN,
        "Reconciled Cost Of Revenue": NaN,
        "EBITDA": NaN,
        "EBIT": NaN,
        "Net Interest Income": NaN,
        "Interest Expense": NaN,
        "Normalized Income": NaN,
        "Net Income From Continuing And Discontinued Operation": NaN,
        "Total Expenses": NaN,
        "Total Operating Income As Reported": NaN,
        "Diluted Average Shares": 51800000.0,
        "Basic Average Shares": 51800000.0,
        "Diluted EPS": -5.133205,
        "Basic EPS": -5.133205,
        "Diluted NI Availto Com Stockholders": NaN,
        "Net Income Common Stockholders": NaN,
        "Net Income": NaN,
        "Net Income Including Noncontrolling Interests": NaN,
        "Net Income Continuous Operations": NaN,
        "Tax Provision": NaN,
        "Pretax Income": NaN,
        "Other Income Expense": NaN,
        "Other Non Operating Income Expenses": NaN,
        "Special Income Charges": -218900000.0,
        "Gain On Sale Of Business": -700000.0,
        "Impairment Of Capital Assets": 218200000.0,
        "Net Non Operating Interest Income Expense": NaN,
        "Interest Expense Non Operating": NaN,
        "Operating Income": NaN,
        "Operating Expense": NaN,
        "Other Operating Expenses": NaN,
        "Depreciation Amortization Depletion Income Statement": NaN,
        "Depreciation And Amortization In Income Statement": NaN,
        "Amortization": NaN,
        "Amortization Of Intangibles Income Statement": NaN,
        "Research And Development": NaN,
        "Selling General And Administration": NaN,
        "Gross Profit": NaN,
        "Cost Of Revenue": NaN,
        "Total Revenue": NaN,
        "Operating Revenue": NaN
    },
    "2023-12-31": {
        "Tax Effect Of Unusual Items": 0.0,
        "Tax Rate For Calcs": 0.091743,
        "Normalized EBITDA": -3200000.0,
        "Total Unusual Items": 0.0,
        "Total Unusual Items Excluding Goodwill": 0.0,
        "Net Income From Continuing Operation Net Minority Interest": -49500000.0,
        "Reconciled Depreciation": 29600000.0,
        "Reconciled Cost Of Revenue": 171700000.0,
        "EBITDA": -3200000.0,
        "EBIT": -32800000.0,
        "Net Interest Income": -21700000.0,
        "Interest Expense": 21700000.0,
        "Normalized Income": -49500000.0,
        "Net Income From Continuing And Discontinued Operation": -49500000.0,
        "Total Expenses": 313700000.0,
        "Total Operating Income As Reported": -43800000.0,
        "Diluted Average Shares": 51900000.0,
        "Basic Average Shares": 51900000.0,
        "Diluted EPS": -0.95,
        "Basic EPS": -0.95,
        "Diluted NI Availto Com Stockholders": -49500000.0,
        "Net Income Common Stockholders": -49500000.0,
        "Net Income": -49500000.0,
        "Net Income Including Noncontrolling Interests": -49500000.0,
        "Net Income Continuous Operations": -49500000.0,
        "Tax Provision": -5000000.0,
        "Pretax Income": -54500000.0,
        "Other Income Expense": 11000000.0,
        "Other Non Operating Income Expenses": 11000000.0,
        "Special Income Charges": 0.0,
        "Gain On Sale Of Business": 0.0,
        "Impairment Of Capital Assets": 0.0,
        "Net Non Operating Interest Income Expense": -21700000.0,
        "Interest Expense Non Operating": 21700000.0,
        "Operating Income": -43800000.0,
        "Operating Expense": 128600000.0,
        "Other Operating Expenses": -6700000.0,
        "Depreciation Amortization Depletion Income Statement": 16200000.0,
        "Depreciation And Amortization In Income Statement": 16200000.0,
        "Amortization": 16200000.0,
        "Amortization Of Intangibles Income Statement": 16200000.0,
        "Research And Development": 29400000.0,
        "Selling General And Administration": 89700000.0,
        "Gross Profit": 84800000.0,
        "Cost Of Revenue": 185100000.0,
        "Total Revenue": 269900000.0,
        "Operating Revenue": 269900000.0
    },
    "2024-03-31": {
        "Tax Effect Of Unusual Items": 0.0,
        "Tax Rate For Calcs": 0.26,
        "Normalized EBITDA": 64300000.0,
        "Total Unusual Items": NaN,
        "Total Unusual Items Excluding Goodwill": NaN,
        "Net Income From Continuing Operation Net Minority Interest": 9000000.0,
        "Reconciled Depreciation": 27900000.0,
        "Reconciled Cost Of Revenue": 132900000.0,
        "EBITDA": 64300000.0,
        "EBIT": 36400000.0,
        "Net Interest Income": -24300000.0,
        "Interest Expense": 24300000.0,
        "Normalized Income": 9000000.0,
        "Net Income From Continuing And Discontinued Operation": 9000000.0,
        "Total Expenses": 252600000.0,
        "Total Operating Income As Reported": 39800000.0,
        "Diluted Average Shares": 52200000.0,
        "Basic Average Shares": 52200000.0,
        "Diluted EPS": 0.17,
        "Basic EPS": 0.17,
        "Diluted NI Availto Com Stockholders": 9000000.0,
        "Net Income Common Stockholders": 9000000.0,
        "Net Income": 9000000.0,
        "Net Income Including Noncontrolling Interests": 9000000.0,
        "Net Income Continuous Operations": 9000000.0,
        "Tax Provision": 3100000.0,
        "Pretax Income": 12100000.0,
        "Other Income Expense": -3400000.0,
        "Other Non Operating Income Expenses": -3400000.0,
        "Special Income Charges": NaN,
        "Gain On Sale Of Business": NaN,
        "Impairment Of Capital Assets": NaN,
        "Net Non Operating Interest Income Expense": -24300000.0,
        "Interest Expense Non Operating": 24300000.0,
        "Operating Income": 39800000.0,
        "Operating Expense": 108000000.0,
        "Other Operating Expenses": -8000000.0,
        "Depreciation Amortization Depletion Income Statement": 16200000.0,
        "Depreciation And Amortization In Income Statement": 16200000.0,
        "Amortization": 16200000.0,
        "Amortization Of Intangibles Income Statement": 16200000.0,
        "Research And Development": 15100000.0,
        "Selling General And Administration": 84700000.0,
        "Gross Profit": 147800000.0,
        "Cost Of Revenue": 144600000.0,
        "Total Revenue": 292400000.0,
        "Operating Revenue": 292400000.0
    },
    "2024-06-30": {
        "Tax Effect Of Unusual Items": -14112000.0,
        "Tax Rate For Calcs": 0.21,
        "Normalized EBITDA": -150500000.0,
        "Total Unusual Items": -67200000.0,
        "Total Unusual Items Excluding Goodwill": -67200000.0,
        "Net Income From Continuing Operation Net Minority Interest": -283100000.0,
        "Reconciled Depreciation": 28500000.0,
        "Reconciled Cost Of Revenue": 283900000.0,
        "EBITDA": -217700000.0,
        "EBIT": -246200000.0,
        "Net Interest Income": -23600000.0,
        "Interest Expense": 23600000.0,
        "Normalized Income": -230012000.0,
        "Net Income From Continuing And Discontinued Operation": -283100000.0,
        "Total Expenses": 424400000.0,
        "Total Operating Income As Reported": -203500000.0,
        "Diluted Average Shares": 52600000.0,
        "Basic Average Shares": 52600000.0,
        "Diluted EPS": -5.38,
        "Basic EPS": -5.38,
        "Diluted NI Availto Com Stockholders": -283100000.0,
        "Net Income Common Stockholders": -283100000.0,
        "Net Income": -283100000.0,
        "Net Income Including Noncontrolling Interests": -283100000.0,
        "Net Income Continuous Operations": -283100000.0,
        "Tax Provision": 13300000.0,
        "Pretax Income": -269800000.0,
        "Other Income Expense": -69900000.0,
        "Other Non Operating Income Expenses": -2700000.0,
        "Special Income Charges": -67200000.0,
        "Gain On Sale Of Business": -40000000.0,
        "Impairment Of Capital Assets": 27200000.0,
        "Net Non Operating Interest Income Expense": -23600000.0,
        "Interest Expense Non Operating": 23600000.0,
        "Operating Income": -176300000.0,
        "Operating Expense": 128300000.0,
        "Other Operating Expenses": -6600000.0,
        "Depreciation Amortization Depletion Income Statement": 16300000.0,
        "Depreciation And Amortization In Income Statement": 16300000.0,
        "Amortization": 16300000.0,
        "Amortization Of Intangibles Income Statement": 16300000.0,
        "Research And Development": 32700000.0,
        "Selling General And Administration": 85900000.0,
        "Gross Profit": -48000000.0,
        "Cost Of Revenue": 296100000.0,
        "Total Revenue": 248100000.0,
        "Operating Revenue": 248100000.0
    },
    "2024-09-30": {
        "Tax Effect Of Unusual Items": 12462640.449438,
        "Tax Rate For Calcs": 0.19382,
        "Normalized EBITDA": 112800000.0,
        "Total Unusual Items": 64300000.0,
        "Total Unusual Items Excluding Goodwill": 64300000.0,
        "Net Income From Continuing Operation Net Minority Interest": 114800000.0,
        "Reconciled Depreciation": 26400000.0,
        "Reconciled Cost Of Revenue": 112500000.0,
        "EBITDA": 177100000.0,
        "EBIT": 150700000.0,
        "Net Interest Income": -8300000.0,
        "Interest Expense": 8300000.0,
        "Normalized Income": 62962640.449438,
        "Net Income From Continuing And Discontinued Operation": 114800000.0,
        "Total Expenses": 219300000.0,
        "Total Operating Income As Reported": 64500000.0,
        "Diluted Average Shares": 55600000.0,
        "Basic Average Shares": 53100000.0,
        "Diluted EPS": 2.06,
        "Basic EPS": 2.16,
        "Diluted NI Availto Com Stockholders": 114800000.0,
        "Net Income Common Stockholders": 114800000.0,
        "Net Income": 114800000.0,
        "Net Income Including Noncontrolling Interests": 114800000.0,
        "Net Income Continuous Operations": 114800000.0,
        "Tax Provision": 27600000.0,
        "Pretax Income": 142400000.0,
        "Other Income Expense": 86200000.0,
        "Other Non Operating Income Expenses": 21900000.0,
        "Special Income Charges": 64300000.0,
        "Gain On Sale Of Business": 64300000.0,
        "Impairment Of Capital Assets": 0.0,
        "Net Non Operating Interest Income Expense": -8300000.0,
        "Interest Expense Non Operating": 8300000.0,
        "Operating Income": 64500000.0,
        "Operating Expense": 96700000.0,
        "Other Operating Expenses": -10000000.0,
        "Depreciation Amortization Depletion Income Statement": 16300000.0,
        "Depreciation And Amortization In Income Statement": 16300000.0,
        "Amortization": 16300000.0,
        "Amortization Of Intangibles Income Statement": 16300000.0,
        "Research And Development": 13800000.0,
        "Selling General And Administration": 76600000.0,
        "Gross Profit": 161200000.0,
        "Cost Of Revenue": 122600000.0,
        "Total Revenue": 283800000.0,
        "Operating Revenue": 283800000.0
    },
    "2024-12-31": {
        "Tax Effect Of Unusual Items": 0.0,
        "Tax Rate For Calcs": 0.21,
        "Normalized EBITDA": 13200000.0,
        "Total Unusual Items": 0.0,
        "Total Unusual Items Excluding Goodwill": 0.0,
        "Net Income From Continuing Operation Net Minority Interest": -31300000.0,
        "Reconciled Depreciation": 26000000.0,
        "Reconciled Cost Of Revenue": 108300000.0,
        "EBITDA": 13200000.0,
        "EBIT": -12800000.0,
        "Net Interest Income": -14800000.0,
        "Interest Expense": 14800000.0,
        "Normalized Income": -31300000.0,
        "Net Income From Continuing And Discontinued Operation": -31300000.0,
        "Total Expenses": 198800000.0,
        "Total Operating Income As Reported": -9500000.0,
        "Diluted Average Shares": NaN,
        "Basic Average Shares": NaN,
        "Diluted EPS": NaN,
        "Basic EPS": NaN,
        "Diluted NI Availto Com Stockholders": -31300000.0,
        "Net Income Common Stockholders": -31300000.0,
        "Net Income": -31300000.0,
        "Net Income Including Noncontrolling Interests": -31300000.0,
        "Net Income Continuous Operations": -31300000.0,
        "Tax Provision": 3700000.0,
        "Pretax Income": -27600000.0,
        "Other Income Expense": -3300000.0,
        "Other Non Operating Income Expenses": -3300000.0,
        "Special Income Charges": 0.0,
        "Gain On Sale Of Business": 0.0,
        "Impairment Of Capital Assets": 0.0,
        "Net Non Operating Interest Income Expense": -14800000.0,
        "Interest Expense Non Operating": 14800000.0,
        "Operating Income": -9500000.0,
        "Operating Expense": 80800000.0,
        "Other Operating Expenses": -5400000.0,
        "Depreciation Amortization Depletion Income Statement": 16300000.0,
        "Depreciation And Amortization In Income Statement": 16300000.0,
        "Amortization": 16300000.0,
        "Amortization Of Intangibles Income Statement": 16300000.0,
        "Research And Development": 9100000.0,
        "Selling General And Administration": 60800000.0,
        "Gross Profit": 71300000.0,
        "Cost Of Revenue": 118000000.0,
        "Total Revenue": 189300000.0,
        "Operating Revenue": 189300000.0
    }
}