{
    "2023-06-30": {
        "Tax Effect Of Unusual Items": NaN,
        "Tax Rate For Calcs": NaN,
        "Net Income From Continuing Operation Net Minority Interest": NaN,
        "Reconciled Depreciation": NaN,
        "Net Interest Income": NaN,
        "Interest Expense": NaN,
        "Interest Income": NaN,
        "Normalized Income": NaN,
        "Net Income From Continuing And Discontinued Operation": NaN,
        "Diluted Average Shares": NaN,
        "Basic Average Shares": NaN,
        "Diluted EPS": NaN,
        "Basic EPS": NaN,
        "Diluted NI Availto Com Stockholders": NaN,
        "Net Income Common Stockholders": NaN,
        "Net Income": NaN,
        "Net Income Including Noncontrolling Interests": NaN,
        "Net Income Continuous Operations": NaN,
        "Tax Provision": NaN,
        "Pretax Income": NaN,
        "Gain On Sale Of Security": NaN,
        "Selling General And Administration": NaN,
        "Selling And Marketing Expense": NaN,
        "General And Administrative Expense": NaN,
        "Other Gand A": 2883000.0,
        "Insurance And Claims": NaN,
        "Salaries And Wages": NaN,
        "Total Revenue": NaN,
        "Operating Revenue": NaN,
        "Occupancy And Equipment": NaN,
        "Professional Expense And Contract Services Expense": NaN,
        "Other Non Interest Expense": NaN
    },
    "2023-03-31": {
        "Tax Effect Of Unusual Items": NaN,
        "Tax Rate For Calcs": NaN,
        "Net Income From Continuing Operation Net Minority Interest": NaN,
        "Reconciled Depreciation": NaN,
        "Net Interest Income": NaN,
        "Interest Expense": NaN,
        "Interest Income": NaN,
        "Normalized Income": NaN,
        "Net Income From Continuing And Discontinued Operation": NaN,
        "Diluted Average Shares": NaN,
        "Basic Average Shares": NaN,
        "Diluted EPS": NaN,
        "Basic EPS": NaN,
        "Diluted NI Availto Com Stockholders": NaN,
        "Net Income Common Stockholders": NaN,
        "Net Income": NaN,
        "Net Income Including Noncontrolling Interests": NaN,
        "Net Income Continuous Operations": NaN,
        "Tax Provision": NaN,
        "Pretax Income": NaN,
        "Gain On Sale Of Security": NaN,
        "Selling General And Administration": NaN,
        "Selling And Marketing Expense": NaN,
        "General And Administrative Expense": NaN,
        "Other Gand A": 255000.0,
        "Insurance And Claims": NaN,
        "Salaries And Wages": NaN,
        "Total Revenue": NaN,
        "Operating Revenue": NaN,
        "Occupancy And Equipment": NaN,
        "Professional Expense And Contract Services Expense": NaN,
        "Other Non Interest Expense": NaN
    },
    "2022-12-31": {
        "Tax Effect Of Unusual Items": NaN,
        "Tax Rate For Calcs": NaN,
        "Total Unusual Items": 0.0,
        "Total Unusual Items Excluding Goodwill": 0.0,
        "Net Income From Continuing Operation Net Minority Interest": NaN,
        "Reconciled Depreciation": NaN,
        "Net Interest Income": NaN,
        "Interest Expense": NaN,
        "Interest Income": NaN,
        "Normalized Income": NaN,
        "Net Income From Continuing And Discontinued Operation": NaN,
        "Diluted Average Shares": NaN,
        "Basic Average Shares": NaN,
        "Diluted EPS": NaN,
        "Basic EPS": NaN,
        "Diluted NI Availto Com Stockholders": NaN,
        "Net Income Common Stockholders": NaN,
        "Net Income": NaN,
        "Net Income Including Noncontrolling Interests": NaN,
        "Net Income Continuous Operations": NaN,
        "Tax Provision": NaN,
        "Pretax Income": NaN,
        "Special Income Charges": 0.0,
        "Gain On Sale Of Security": NaN,
        "Selling General And Administration": NaN,
        "Selling And Marketing Expense": NaN,
        "General And Administrative Expense": NaN,
        "Other Gand A": NaN,
        "Insurance And Claims": NaN,
        "Salaries And Wages": NaN,
        "Total Revenue": NaN,
        "Operating Revenue": NaN,
        "Occupancy And Equipment": NaN,
        "Professional Expense And Contract Services Expense": NaN,
        "Other Non Interest Expense": NaN
    },
    "2022-09-30": {
        "Tax Effect Of Unusual Items": NaN,
        "Tax Rate For Calcs": NaN,
        "Total Unusual Items": NaN,
        "Total Unusual Items Excluding Goodwill": NaN,
        "Net Income From Continuing Operation Net Minority Interest": NaN,
        "Reconciled Depreciation": NaN,
        "Net Interest Income": NaN,
        "Interest Expense": NaN,
        "Interest Income": NaN,
        "Normalized Income": NaN,
        "Net Income From Continuing And Discontinued Operation": NaN,
        "Diluted Average Shares": NaN,
        "Basic Average Shares": NaN,
        "Diluted EPS": NaN,
        "Basic EPS": NaN,
        "Diluted NI Availto Com Stockholders": NaN,
        "Net Income Common Stockholders": NaN,
        "Net Income": NaN,
        "Net Income Including Noncontrolling Interests": NaN,
        "Net Income Continuous Operations": NaN,
        "Tax Provision": NaN,
        "Pretax Income": NaN,
        "Special Income Charges": NaN,
        "Gain On Sale Of Security": NaN,
        "Selling General And Administration": NaN,
        "Selling And Marketing Expense": NaN,
        "General And Administrative Expense": NaN,
        "Other Gand A": 2818000.0,
        "Insurance And Claims": NaN,
        "Salaries And Wages": NaN,
        "Total Revenue": NaN,
        "Operating Revenue": NaN
    },
    "2022-06-30": {
        "Tax Effect Of Unusual Items": 0.0,
        "Tax Rate For Calcs": 0.237,
        "Total Unusual Items": 0.0,
        "Total Unusual Items Excluding Goodwill": 0.0,
        "Net Income From Continuing Operation Net Minority Interest": 8161000.0,
        "Reconciled Depreciation": 1778000.0,
        "Net Interest Income": 35821000.0,
        "Interest Expense": 1501000.0,
        "Interest Income": 37322000.0,
        "Normalized Income": 8161000.0,
        "Net Income From Continuing And Discontinued Operation": 8161000.0,
        "Diluted Average Shares": 12151712.0,
        "Basic Average Shares": 12107804.0,
        "Diluted EPS": 0.67,
        "Basic EPS": 0.67,
        "Diluted NI Availto Com Stockholders": 8161000.0,
        "Net Income Common Stockholders": 8161000.0,
        "Net Income": 8161000.0,
        "Net Income Including Noncontrolling Interests": 8161000.0,
        "Net Income Continuous Operations": 8161000.0,
        "Tax Provision": 2530000.0,
        "Pretax Income": 10691000.0,
        "Special Income Charges": 0.0,
        "Gain On Sale Of Security": 0.0,
        "Selling General And Administration": 21812000.0,
        "Selling And Marketing Expense": 560000.0,
        "General And Administrative Expense": 21252000.0,
        "Other Gand A": 3143000.0,
        "Insurance And Claims": 366000.0,
        "Salaries And Wages": 17743000.0,
        "Total Revenue": 39953000.0,
        "Operating Revenue": 39953000.0
    },
    "2022-03-31": {
        "Diluted EPS": 0.85,
        "Total Revenue": 41,
        "Gross Profit": 40,
        "Operating Income": 13,
        "EBIT": NaN,
        "Net Income": 10
    },
    "2021-12-31": {
        "Diluted EPS": 0.91,
        "Total Revenue": 43,
        "Gross Profit": 42,
        "Operating Income": 13,
        "EBIT": NaN,
        "Net Income": 11
    },
    "2021-09-30": {
        "Diluted EPS": 0.81,
        "Total Revenue": 41,
        "Gross Profit": 39,
        "Operating Income": 13,
        "EBIT": NaN,
        "Net Income": 10
    },
    "2021-06-30": {
        "Diluted EPS": 0.92,
        "Total Revenue": 42,
        "Gross Profit": 40,
        "Operating Income": 15,
        "EBIT": NaN,
        "Net Income": 11
    },
    "2021-03-31": {
        "Diluted EPS": 0.86,
        "Total Revenue": 41,
        "Gross Profit": 39,
        "Operating Income": 14,
        "EBIT": NaN,
        "Net Income": 10
    },
    "2020-12-31": {
        "Diluted EPS": 0.82,
        "Total Revenue": 42,
        "Gross Profit": 39,
        "Operating Income": 12,
        "EBIT": NaN,
        "Net Income": 10
    },
    "2020-09-30": {
        "Diluted EPS": 0.87,
        "Total Revenue": 41,
        "Gross Profit": 38,
        "Operating Income": 14,
        "EBIT": NaN,
        "Net Income": 10
    },
    "2020-06-30": {
        "Diluted EPS": 0.61,
        "Total Revenue": 40,
        "Gross Profit": 37,
        "Operating Income": 10,
        "EBIT": NaN,
        "Net Income": 7
    },
    "2020-03-31": {
        "Diluted EPS": 0.34,
        "Total Revenue": 39,
        "Gross Profit": 34,
        "Operating Income": 5,
        "EBIT": NaN,
        "Net Income": 4
    },
    "2019-12-31": {
        "Diluted EPS": 0.73,
        "Total Revenue": 39,
        "Gross Profit": 34,
        "Operating Income": 12,
        "EBIT": NaN,
        "Net Income": 9
    },
    "2019-09-30": {
        "Diluted EPS": 0.76,
        "Total Revenue": 39,
        "Gross Profit": 34,
        "Operating Income": 11,
        "EBIT": NaN,
        "Net Income": 9
    },
    "2019-06-30": {
        "Diluted EPS": 0.66,
        "Total Revenue": 38,
        "Gross Profit": 33,
        "Operating Income": 10,
        "EBIT": NaN,
        "Net Income": 8
    },
    "2019-03-31": {
        "Diluted EPS": 0.74,
        "Total Revenue": 37,
        "Gross Profit": 32,
        "Operating Income": 11,
        "EBIT": NaN,
        "Net Income": 9
    },
    "2018-12-31": {
        "Diluted EPS": 0.56,
        "Total Revenue": 33,
        "Gross Profit": 29,
        "Operating Income": 9,
        "EBIT": NaN,
        "Net Income": 7
    },
    "2018-09-30": {
        "Diluted EPS": 0.68,
        "Total Revenue": 35,
        "Gross Profit": 31,
        "Operating Income": 10,
        "EBIT": NaN,
        "Net Income": 8
    },
    "2018-06-30": {
        "Diluted EPS": 0.64,
        "Total Revenue": 34,
        "Gross Profit": 31,
        "Operating Income": 10,
        "EBIT": NaN,
        "Net Income": 8
    },
    "2018-03-31": {
        "Diluted EPS": 0.58,
        "Total Revenue": 33,
        "Gross Profit": 30,
        "Operating Income": 9,
        "EBIT": NaN,
        "Net Income": 7
    },
    "2017-12-31": {
        "Diluted EPS": 0.23,
        "Total Revenue": 32,
        "Gross Profit": 30,
        "Operating Income": 10,
        "EBIT": NaN,
        "Net Income": 3
    },
    "2017-09-30": {
        "Diluted EPS": 0.47,
        "Total Revenue": 30,
        "Gross Profit": 29,
        "Operating Income": 9,
        "EBIT": NaN,
        "Net Income": 6
    },
    "2017-06-30": {
        "Diluted EPS": 0.48,
        "Total Revenue": 29,
        "Gross Profit": 27,
        "Operating Income": 8,
        "EBIT": NaN,
        "Net Income": 6
    },
    "2017-03-31": {
        "Diluted EPS": 0.48,
        "Total Revenue": 28,
        "Gross Profit": 27,
        "Operating Income": 7,
        "EBIT": NaN,
        "Net Income": 6
    },
    "2016-12-31": {
        "Diluted EPS": 0.43,
        "Total Revenue": 28,
        "Gross Profit": 26,
        "Operating Income": 7,
        "EBIT": NaN,
        "Net Income": 5
    },
    "2016-09-30": {
        "Diluted EPS": 0.41,
        "Total Revenue": 27,
        "Gross Profit": 26,
        "Operating Income": 7,
        "EBIT": NaN,
        "Net Income": 5
    },
    "2016-06-30": {
        "Diluted EPS": 0.45,
        "Total Revenue": 26,
        "Gross Profit": 25,
        "Operating Income": 7,
        "EBIT": NaN,
        "Net Income": 5
    },
    "2016-03-31": {
        "Diluted EPS": 0.41,
        "Total Revenue": 26,
        "Gross Profit": 24,
        "Operating Income": 7,
        "EBIT": NaN,
        "Net Income": 4
    },
    "2015-12-31": {
        "Diluted EPS": 0.45,
        "Total Revenue": 26,
        "Gross Profit": 25,
        "Operating Income": 6,
        "EBIT": NaN,
        "Net Income": 5
    },
    "2015-09-30": {
        "Diluted EPS": 0.41,
        "Total Revenue": 24,
        "Gross Profit": 23,
        "Operating Income": 6,
        "EBIT": NaN,
        "Net Income": 4
    },
    "2015-06-30": {
        "Diluted EPS": 0.34,
        "Total Revenue": 24,
        "Gross Profit": 23,
        "Operating Income": 5,
        "EBIT": NaN,
        "Net Income": 4
    },
    "2015-03-31": {
        "Diluted EPS": 0.35,
        "Total Revenue": 24,
        "Gross Profit": 22,
        "Operating Income": 6,
        "EBIT": NaN,
        "Net Income": 4
    },
    "2014-12-31": {
        "Diluted EPS": 0.4,
        "Total Revenue": 24,
        "Gross Profit": 23,
        "Operating Income": 5,
        "EBIT": NaN,
        "Net Income": 4
    },
    "2014-09-30": {
        "Diluted EPS": 0.37,
        "Total Revenue": 23,
        "Gross Profit": 22,
        "Operating Income": 6,
        "EBIT": NaN,
        "Net Income": 4
    },
    "2014-06-30": {
        "Diluted EPS": 0.32,
        "Total Revenue": 22,
        "Gross Profit": 21,
        "Operating Income": 5,
        "EBIT": NaN,
        "Net Income": 3
    },
    "2014-03-31": {
        "Diluted EPS": 0.35,
        "Total Revenue": 22,
        "Gross Profit": 20,
        "Operating Income": 5,
        "EBIT": NaN,
        "Net Income": 4
    },
    "2013-12-31": {
        "Diluted EPS": 0.35,
        "Total Revenue": 22,
        "Gross Profit": 21,
        "Operating Income": 5,
        "EBIT": NaN,
        "Net Income": 3
    },
    "2013-09-30": {
        "Diluted EPS": 0.35,
        "Total Revenue": 21,
        "Gross Profit": 20,
        "Operating Income": 5,
        "EBIT": NaN,
        "Net Income": 4
    },
    "2013-06-30": {
        "Diluted EPS": 0.31,
        "Total Revenue": 21,
        "Gross Profit": 20,
        "Operating Income": 5,
        "EBIT": NaN,
        "Net Income": 3
    },
    "2013-03-31": {
        "Diluted EPS": 0.35,
        "Total Revenue": 21,
        "Gross Profit": 19,
        "Operating Income": 5,
        "EBIT": NaN,
        "Net Income": 3
    },
    "2012-12-31": {
        "Diluted EPS": 0.33,
        "Total Revenue": 21,
        "Gross Profit": 19,
        "Operating Income": 5,
        "EBIT": NaN,
        "Net Income": 3
    },
    "2012-09-30": {
        "Diluted EPS": 0.32,
        "Total Revenue": 20,
        "Gross Profit": 19,
        "Operating Income": 5,
        "EBIT": NaN,
        "Net Income": 3
    },
    "2012-06-30": {
        "Diluted EPS": 0.3,
        "Total Revenue": 20,
        "Gross Profit": 18,
        "Operating Income": 4,
        "EBIT": NaN,
        "Net Income": 3
    },
    "2012-03-31": {
        "Diluted EPS": 0.33,
        "Total Revenue": 20,
        "Gross Profit": 18,
        "Operating Income": 5,
        "EBIT": NaN,
        "Net Income": 3
    },
    "2011-12-31": {
        "Diluted EPS": 0.31,
        "Total Revenue": 20,
        "Gross Profit": 18,
        "Operating Income": 4,
        "EBIT": NaN,
        "Net Income": 3
    },
    "2011-09-30": {
        "Diluted EPS": 0.31,
        "Total Revenue": 20,
        "Gross Profit": 18,
        "Operating Income": 4,
        "EBIT": NaN,
        "Net Income": 3
    },
    "2011-06-30": {
        "Diluted EPS": 0.28,
        "Total Revenue": 20,
        "Gross Profit": 17,
        "Operating Income": 4,
        "EBIT": NaN,
        "Net Income": 3
    },
    "2011-03-31": {
        "Diluted EPS": 0.26,
        "Total Revenue": 19,
        "Gross Profit": 17,
        "Operating Income": 4,
        "EBIT": NaN,
        "Net Income": 2
    },
    "2010-12-31": {
        "Diluted EPS": -0.02,
        "Total Revenue": 19,
        "Gross Profit": 17,
        "Operating Income": 3,
        "EBIT": NaN,
        "Net Income": 2
    },
    "2010-09-30": {
        "Diluted EPS": 0.3,
        "Total Revenue": 19,
        "Gross Profit": 17,
        "Operating Income": 4,
        "EBIT": NaN,
        "Net Income": 3
    },
    "2010-06-30": {
        "Diluted EPS": 0.55,
        "Total Revenue": 19,
        "Gross Profit": 17,
        "Operating Income": 4,
        "EBIT": NaN,
        "Net Income": 3
    },
    "2010-03-31": {
        "Diluted EPS": 0.32,
        "Total Revenue": 19,
        "Gross Profit": 16,
        "Operating Income": 4,
        "EBIT": NaN,
        "Net Income": 3
    },
    "2009-12-31": {
        "Diluted EPS": 0.32,
        "Total Revenue": 19,
        "Gross Profit": 16,
        "Operating Income": 6,
        "EBIT": NaN,
        "Net Income": 3
    },
    "2009-09-30": {
        "Diluted EPS": 0.28,
        "Total Revenue": 18,
        "Gross Profit": 15,
        "Operating Income": 3,
        "EBIT": NaN,
        "Net Income": 2
    },
    "2009-06-30": {
        "Diluted EPS": 0.17,
        "Total Revenue": 18,
        "Gross Profit": 14,
        "Operating Income": 2,
        "EBIT": NaN,
        "Net Income": 1
    },
    "2009-03-31": {
        "Diluted EPS": 0.19,
        "Total Revenue": 18,
        "Gross Profit": 14,
        "Operating Income": 2,
        "EBIT": NaN,
        "Net Income": 2
    },
    "2023-09-30": {
        "Tax Effect Of Unusual Items": NaN,
        "Tax Rate For Calcs": NaN,
        "Net Income From Continuing Operation Net Minority Interest": NaN,
        "Reconciled Depreciation": NaN,
        "Net Interest Income": NaN,
        "Interest Expense": NaN,
        "Interest Income": NaN,
        "Normalized Income": NaN,
        "Net Income From Continuing And Discontinued Operation": NaN,
        "Diluted Average Shares": 12264778.0,
        "Basic Average Shares": 12247892.0,
        "Diluted EPS": 0.79,
        "Basic EPS": 0.79,
        "Diluted NI Availto Com Stockholders": NaN,
        "Net Income Common Stockholders": NaN,
        "Net Income": NaN,
        "Net Income Including Noncontrolling Interests": NaN,
        "Net Income Continuous Operations": NaN,
        "Tax Provision": NaN,
        "Pretax Income": NaN,
        "Gain On Sale Of Security": NaN,
        "Selling General And Administration": NaN,
        "Selling And Marketing Expense": NaN,
        "General And Administrative Expense": NaN,
        "Other Gand A": NaN,
        "Insurance And Claims": NaN,
        "Salaries And Wages": NaN,
        "Total Revenue": NaN,
        "Operating Revenue": NaN,
        "Occupancy And Equipment": NaN,
        "Professional Expense And Contract Services Expense": NaN,
        "Other Non Interest Expense": NaN
    },
    "2023-12-31": {
        "Tax Effect Of Unusual Items": 0.0,
        "Tax Rate For Calcs": 0.303225,
        "Net Income From Continuing Operation Net Minority Interest": 7907000.0,
        "Reconciled Depreciation": 1488000.0,
        "Net Interest Income": 36518000.0,
        "Interest Expense": 16731000.0,
        "Interest Income": 53249000.0,
        "Normalized Income": 7907000.0,
        "Net Income From Continuing And Discontinued Operation": 7907000.0,
        "Diluted Average Shares": 12276769.0,
        "Basic Average Shares": 12261918.0,
        "Diluted EPS": 0.64,
        "Basic EPS": 0.64,
        "Diluted NI Availto Com Stockholders": 7907000.0,
        "Net Income Common Stockholders": 7907000.0,
        "Net Income": 7907000.0,
        "Net Income Including Noncontrolling Interests": 7907000.0,
        "Net Income Continuous Operations": 7907000.0,
        "Tax Provision": 3441000.0,
        "Pretax Income": 11348000.0,
        "Gain On Sale Of Security": 674000.0,
        "Selling General And Administration": 19945000.0,
        "Selling And Marketing Expense": 709000.0,
        "General And Administrative Expense": 19236000.0,
        "Other Gand A": NaN,
        "Insurance And Claims": 768000.0,
        "Salaries And Wages": 18468000.0,
        "Total Revenue": 42065000.0,
        "Operating Revenue": 42065000.0,
        "Occupancy And Equipment": 2283000.0,
        "Professional Expense And Contract Services Expense": 788000.0,
        "Other Non Interest Expense": 5208000.0
    },
    "2024-03-31": {
        "Tax Effect Of Unusual Items": 0.0,
        "Tax Rate For Calcs": 0.237,
        "Net Income From Continuing Operation Net Minority Interest": 8507000.0,
        "Reconciled Depreciation": 1484000.0,
        "Net Interest Income": 35190000.0,
        "Interest Expense": 18833000.0,
        "Interest Income": 54023000.0,
        "Normalized Income": 8507000.0,
        "Net Income From Continuing And Discontinued Operation": 8507000.0,
        "Diluted Average Shares": 12304203.0,
        "Basic Average Shares": 12292417.0,
        "Diluted EPS": 0.69,
        "Basic EPS": 0.69,
        "Diluted NI Availto Com Stockholders": 8507000.0,
        "Net Income Common Stockholders": 8507000.0,
        "Net Income": 8507000.0,
        "Net Income Including Noncontrolling Interests": 8507000.0,
        "Net Income Continuous Operations": 8507000.0,
        "Tax Provision": 2648000.0,
        "Pretax Income": 11155000.0,
        "Gain On Sale Of Security": 465000.0,
        "Selling General And Administration": 21015000.0,
        "Selling And Marketing Expense": 743000.0,
        "General And Administrative Expense": 20272000.0,
        "Other Gand A": 237000.0,
        "Insurance And Claims": 859000.0,
        "Salaries And Wages": 19176000.0,
        "Total Revenue": 40685000.0,
        "Operating Revenue": 40685000.0,
        "Occupancy And Equipment": 2459000.0,
        "Professional Expense And Contract Services Expense": 734000.0,
        "Other Non Interest Expense": 4700000.0
    },
    "2024-06-30": {
        "Tax Effect Of Unusual Items": 0.0,
        "Tax Rate For Calcs": 0.246,
        "Net Income From Continuing Operation Net Minority Interest": 9512000.0,
        "Reconciled Depreciation": 1438000.0,
        "Net Interest Income": 36161000.0,
        "Interest Expense": 20703000.0,
        "Interest Income": 56864000.0,
        "Normalized Income": 9512000.0,
        "Net Income From Continuing And Discontinued Operation": 9512000.0,
        "Diluted Average Shares": 12394463.0,
        "Basic Average Shares": 12389917.0,
        "Diluted EPS": 0.77,
        "Basic EPS": 0.77,
        "Diluted NI Availto Com Stockholders": 9512000.0,
        "Net Income Common Stockholders": 9512000.0,
        "Net Income": 9512000.0,
        "Net Income Including Noncontrolling Interests": 9512000.0,
        "Net Income Continuous Operations": 9512000.0,
        "Tax Provision": 3111000.0,
        "Pretax Income": 12623000.0,
        "Gain On Sale Of Security": 101000.0,
        "Selling General And Administration": 24109000.0,
        "Selling And Marketing Expense": 674000.0,
        "General And Administrative Expense": 23435000.0,
        "Other Gand A": 2898000.0,
        "Insurance And Claims": 862000.0,
        "Salaries And Wages": 19675000.0,
        "Total Revenue": 41789000.0,
        "Operating Revenue": 41789000.0,
        "Occupancy And Equipment": 2406000.0,
        "Professional Expense And Contract Services Expense": 711000.0,
        "Other Non Interest Expense": 1803000.0
    },
    "2024-09-30": {
        "Tax Effect Of Unusual Items": 0.0,
        "Tax Rate For Calcs": 0.259,
        "Net Income From Continuing Operation Net Minority Interest": 9987000.0,
        "Reconciled Depreciation": 1382000.0,
        "Net Interest Income": 38020000.0,
        "Interest Expense": 22121000.0,
        "Interest Income": 60141000.0,
        "Normalized Income": 9987000.0,
        "Net Income From Continuing And Discontinued Operation": 9987000.0,
        "Diluted Average Shares": 12438160.0,
        "Basic Average Shares": 12428543.0,
        "Diluted EPS": 0.8,
        "Basic EPS": 0.8,
        "Diluted NI Availto Com Stockholders": 9987000.0,
        "Net Income Common Stockholders": 9987000.0,
        "Net Income": 9987000.0,
        "Net Income Including Noncontrolling Interests": 9987000.0,
        "Net Income Continuous Operations": 9987000.0,
        "Tax Provision": 3488000.0,
        "Pretax Income": 13475000.0,
        "Gain On Sale Of Security": 602000.0,
        "Selling General And Administration": 21556000.0,
        "Selling And Marketing Expense": 559000.0,
        "General And Administrative Expense": 20997000.0,
        "Other Gand A": NaN,
        "Insurance And Claims": 900000.0,
        "Salaries And Wages": 20097000.0,
        "Total Revenue": 44160000.0,
        "Operating Revenue": 44160000.0,
        "Occupancy And Equipment": 2438000.0,
        "Professional Expense And Contract Services Expense": 569000.0,
        "Other Non Interest Expense": 4790000.0
    },
    "2024-12-31": {
        "Tax Effect Of Unusual Items": 0.0,
        "Tax Rate For Calcs": 0.25367,
        "Net Income From Continuing Operation Net Minority Interest": 10727000.0,
        "Reconciled Depreciation": 1306000.0,
        "Net Interest Income": 38493000.0,
        "Interest Expense": 20749000.0,
        "Interest Income": 59242000.0,
        "Normalized Income": 10727000.0,
        "Net Income From Continuing And Discontinued Operation": 10727000.0,
        "Diluted Average Shares": NaN,
        "Basic Average Shares": NaN,
        "Diluted EPS": NaN,
        "Basic EPS": NaN,
        "Diluted NI Availto Com Stockholders": 10727000.0,
        "Net Income Common Stockholders": 10727000.0,
        "Net Income": 10727000.0,
        "Net Income Including Noncontrolling Interests": 10727000.0,
        "Net Income Continuous Operations": 10727000.0,
        "Tax Provision": 3646000.0,
        "Pretax Income": 14373000.0,
        "Gain On Sale Of Security": -30000.0,
        "Selling General And Administration": 20835000.0,
        "Selling And Marketing Expense": 609000.0,
        "General And Administrative Expense": 20226000.0,
        "Other Gand A": NaN,
        "Insurance And Claims": 950000.0,
        "Salaries And Wages": 19276000.0,
        "Total Revenue": 44109000.0,
        "Operating Revenue": 44109000.0,
        "Occupancy And Equipment": 2364000.0,
        "Professional Expense And Contract Services Expense": 460000.0,
        "Other Non Interest Expense": 5046000.0
    }
}