{
    "2023-06-30": {
        "Tax Effect Of Unusual Items": 0.0,
        "Tax Rate For Calcs": 0.260892,
        "Total Unusual Items": NaN,
        "Total Unusual Items Excluding Goodwill": NaN,
        "Net Income From Continuing Operation Net Minority Interest": 1425000.0,
        "Reconciled Depreciation": 68000.0,
        "Net Interest Income": 6399000.0,
        "Interest Expense": 7252000.0,
        "Interest Income": 13651000.0,
        "Normalized Income": 1425000.0,
        "Net Income From Continuing And Discontinued Operation": 1425000.0,
        "Diluted Average Shares": 8490128.0,
        "Basic Average Shares": 8490128.0,
        "Diluted EPS": 0.17,
        "Basic EPS": 0.17,
        "Diluted NI Availto Com Stockholders": 1425000.0,
        "Net Income Common Stockholders": 1425000.0,
        "Net Income": 1425000.0,
        "Net Income Including Noncontrolling Interests": 1425000.0,
        "Net Income Continuous Operations": 1425000.0,
        "Tax Provision": 503000.0,
        "Pretax Income": 1928000.0,
        "Special Income Charges": NaN,
        "Other Special Charges": NaN,
        "Selling General And Administration": 3432000.0,
        "Selling And Marketing Expense": 208000.0,
        "General And Administrative Expense": 3224000.0,
        "Insurance And Claims": 282000.0,
        "Salaries And Wages": 2942000.0,
        "Total Revenue": 6639000.0,
        "Operating Revenue": 6639000.0,
        "Occupancy And Equipment": 248000.0,
        "Professional Expense And Contract Services Expense": 295000.0,
        "Other Non Interest Expense": 736000.0
    },
    "2023-03-31": {
        "Tax Effect Of Unusual Items": 0.0,
        "Tax Rate For Calcs": 0.261,
        "Total Unusual Items": NaN,
        "Total Unusual Items Excluding Goodwill": NaN,
        "Net Income From Continuing Operation Net Minority Interest": 901000.0,
        "Reconciled Depreciation": 72000.0,
        "Net Interest Income": 6366000.0,
        "Interest Expense": 5696000.0,
        "Interest Income": 12062000.0,
        "Normalized Income": 901000.0,
        "Net Income From Continuing And Discontinued Operation": 901000.0,
        "Diluted Average Shares": 8481042.0,
        "Basic Average Shares": 8481042.0,
        "Diluted EPS": 0.11,
        "Basic EPS": 0.11,
        "Diluted NI Availto Com Stockholders": 901000.0,
        "Net Income Common Stockholders": 901000.0,
        "Net Income": 901000.0,
        "Net Income Including Noncontrolling Interests": 901000.0,
        "Net Income Continuous Operations": 901000.0,
        "Tax Provision": 319000.0,
        "Pretax Income": 1220000.0,
        "Special Income Charges": NaN,
        "Other Special Charges": NaN,
        "Selling General And Administration": 3297000.0,
        "Selling And Marketing Expense": 168000.0,
        "General And Administrative Expense": 3129000.0,
        "Insurance And Claims": 125000.0,
        "Salaries And Wages": 3004000.0,
        "Total Revenue": 6595000.0,
        "Operating Revenue": 6595000.0,
        "Occupancy And Equipment": 204000.0,
        "Professional Expense And Contract Services Expense": 364000.0,
        "Other Non Interest Expense": 631000.0
    },
    "2022-12-31": {
        "Tax Effect Of Unusual Items": NaN,
        "Tax Rate For Calcs": NaN,
        "Total Unusual Items": -7000.0,
        "Total Unusual Items Excluding Goodwill": -7000.0,
        "Net Income From Continuing Operation Net Minority Interest": NaN,
        "Reconciled Depreciation": NaN,
        "Net Interest Income": NaN,
        "Interest Expense": NaN,
        "Interest Income": NaN,
        "Normalized Income": NaN,
        "Net Income From Continuing And Discontinued Operation": NaN,
        "Diluted Average Shares": NaN,
        "Basic Average Shares": NaN,
        "Diluted EPS": NaN,
        "Basic EPS": NaN,
        "Diluted NI Availto Com Stockholders": NaN,
        "Net Income Common Stockholders": NaN,
        "Net Income": NaN,
        "Net Income Including Noncontrolling Interests": NaN,
        "Net Income Continuous Operations": NaN,
        "Tax Provision": NaN,
        "Pretax Income": NaN,
        "Special Income Charges": -7000.0,
        "Other Special Charges": 7000.0,
        "Selling General And Administration": NaN,
        "Selling And Marketing Expense": NaN,
        "General And Administrative Expense": NaN,
        "Insurance And Claims": NaN,
        "Salaries And Wages": NaN,
        "Total Revenue": NaN,
        "Operating Revenue": NaN,
        "Occupancy And Equipment": NaN,
        "Professional Expense And Contract Services Expense": NaN,
        "Other Non Interest Expense": NaN
    },
    "2022-09-30": {
        "Tax Effect Of Unusual Items": NaN,
        "Tax Rate For Calcs": NaN,
        "Total Unusual Items": -3214000.0,
        "Total Unusual Items Excluding Goodwill": -3214000.0,
        "Net Income From Continuing Operation Net Minority Interest": NaN,
        "Reconciled Depreciation": NaN,
        "Net Interest Income": NaN,
        "Interest Expense": NaN,
        "Interest Income": NaN,
        "Normalized Income": NaN,
        "Net Income From Continuing And Discontinued Operation": NaN,
        "Diluted Average Shares": NaN,
        "Basic Average Shares": NaN,
        "Diluted EPS": NaN,
        "Basic EPS": NaN,
        "Diluted NI Availto Com Stockholders": NaN,
        "Net Income Common Stockholders": NaN,
        "Net Income": NaN,
        "Net Income Including Noncontrolling Interests": NaN,
        "Net Income Continuous Operations": NaN,
        "Tax Provision": NaN,
        "Pretax Income": NaN,
        "Special Income Charges": -3214000.0,
        "Other Special Charges": 3214000.0,
        "Selling General And Administration": NaN,
        "Selling And Marketing Expense": NaN,
        "General And Administrative Expense": NaN,
        "Insurance And Claims": NaN,
        "Salaries And Wages": NaN,
        "Total Revenue": NaN,
        "Operating Revenue": NaN
    },
    "2022-06-30": {
        "Tax Effect Of Unusual Items": 0.0,
        "Tax Rate For Calcs": 0.189,
        "Total Unusual Items": NaN,
        "Total Unusual Items Excluding Goodwill": NaN,
        "Net Income From Continuing Operation Net Minority Interest": 1396000.0,
        "Reconciled Depreciation": 72000.0,
        "Net Interest Income": 5366000.0,
        "Interest Expense": 730000.0,
        "Interest Income": 6096000.0,
        "Normalized Income": 1396000.0,
        "Net Income From Continuing And Discontinued Operation": 1396000.0,
        "Diluted Average Shares": 9175247.0,
        "Basic Average Shares": 9175247.0,
        "Diluted EPS": 0.152148,
        "Basic EPS": 0.152148,
        "Diluted NI Availto Com Stockholders": 1396000.0,
        "Net Income Common Stockholders": 1396000.0,
        "Net Income": 1396000.0,
        "Net Income Including Noncontrolling Interests": 1396000.0,
        "Net Income Continuous Operations": 1396000.0,
        "Tax Provision": 325000.0,
        "Pretax Income": 1721000.0,
        "Special Income Charges": NaN,
        "Other Special Charges": NaN,
        "Selling General And Administration": 2600000.0,
        "Selling And Marketing Expense": 138000.0,
        "General And Administrative Expense": 2462000.0,
        "Other Gand A": 180000.0,
        "Insurance And Claims": 64000.0,
        "Salaries And Wages": 2398000.0,
        "Total Revenue": 6056000.0,
        "Operating Revenue": 6056000.0
    },
    "2022-03-31": {
        "Diluted EPS": 0.0,
        "Total Revenue": 6,
        "Gross Profit": 5,
        "Operating Income": 2,
        "EBIT": NaN,
        "Net Income": 1
    },
    "2021-12-31": {
        "Diluted EPS": 0.0,
        "Total Revenue": 6,
        "Gross Profit": 5,
        "Operating Income": 0,
        "EBIT": NaN,
        "Net Income": 0
    },
    "2021-09-30": {
        "Diluted EPS": 0.0,
        "Total Revenue": 6,
        "Gross Profit": 5,
        "Operating Income": 2,
        "EBIT": NaN,
        "Net Income": 1
    },
    "2021-06-30": {
        "Diluted EPS": 0.0,
        "Total Revenue": 6,
        "Gross Profit": 5,
        "Operating Income": 2,
        "EBIT": NaN,
        "Net Income": 1
    },
    "2021-03-31": {
        "Diluted EPS": 0.0,
        "Total Revenue": 6,
        "Gross Profit": 5,
        "Operating Income": 2,
        "EBIT": NaN,
        "Net Income": 1
    },
    "2023-09-30": {
        "Tax Effect Of Unusual Items": NaN,
        "Tax Rate For Calcs": NaN,
        "Total Unusual Items": -7000.0,
        "Total Unusual Items Excluding Goodwill": -7000.0,
        "Net Income From Continuing Operation Net Minority Interest": NaN,
        "Reconciled Depreciation": NaN,
        "Net Interest Income": NaN,
        "Interest Expense": NaN,
        "Interest Income": NaN,
        "Normalized Income": NaN,
        "Net Income From Continuing And Discontinued Operation": NaN,
        "Diluted Average Shares": NaN,
        "Basic Average Shares": NaN,
        "Diluted EPS": NaN,
        "Basic EPS": NaN,
        "Diluted NI Availto Com Stockholders": NaN,
        "Net Income Common Stockholders": NaN,
        "Net Income": NaN,
        "Net Income Including Noncontrolling Interests": NaN,
        "Net Income Continuous Operations": NaN,
        "Tax Provision": NaN,
        "Pretax Income": NaN,
        "Special Income Charges": -7000.0,
        "Other Special Charges": 7000.0,
        "Selling General And Administration": NaN,
        "Selling And Marketing Expense": NaN,
        "General And Administrative Expense": NaN,
        "Insurance And Claims": NaN,
        "Salaries And Wages": NaN,
        "Total Revenue": NaN,
        "Operating Revenue": NaN,
        "Occupancy And Equipment": NaN,
        "Professional Expense And Contract Services Expense": NaN,
        "Other Non Interest Expense": NaN
    },
    "2023-12-31": {
        "Tax Effect Of Unusual Items": 0.0,
        "Tax Rate For Calcs": 0.252133,
        "Total Unusual Items": NaN,
        "Total Unusual Items Excluding Goodwill": NaN,
        "Net Income From Continuing Operation Net Minority Interest": 789000.0,
        "Reconciled Depreciation": 74000.0,
        "Net Interest Income": 5939000.0,
        "Interest Expense": 8958000.0,
        "Interest Income": 14897000.0,
        "Normalized Income": 789000.0,
        "Net Income From Continuing And Discontinued Operation": 789000.0,
        "Diluted Average Shares": 8433257.0,
        "Basic Average Shares": 8406925.0,
        "Diluted EPS": 0.09,
        "Basic EPS": 0.09,
        "Diluted NI Availto Com Stockholders": 789000.0,
        "Net Income Common Stockholders": 789000.0,
        "Net Income": 789000.0,
        "Net Income Including Noncontrolling Interests": 789000.0,
        "Net Income Continuous Operations": 789000.0,
        "Tax Provision": 266000.0,
        "Pretax Income": 1055000.0,
        "Special Income Charges": NaN,
        "Other Special Charges": NaN,
        "Selling General And Administration": 3656000.0,
        "Selling And Marketing Expense": 218000.0,
        "General And Administrative Expense": 3438000.0,
        "Insurance And Claims": 180000.0,
        "Salaries And Wages": 3258000.0,
        "Total Revenue": 6200000.0,
        "Operating Revenue": 6200000.0,
        "Occupancy And Equipment": 246000.0,
        "Professional Expense And Contract Services Expense": 393000.0,
        "Other Non Interest Expense": 743000.0
    },
    "2024-03-31": {
        "Tax Effect Of Unusual Items": 0.0,
        "Tax Rate For Calcs": 0.253606,
        "Net Income From Continuing Operation Net Minority Interest": 621000.0,
        "Reconciled Depreciation": 75000.0,
        "Net Interest Income": 5903000.0,
        "Interest Expense": 9791000.0,
        "Interest Income": 15694000.0,
        "Normalized Income": 621000.0,
        "Net Income From Continuing And Discontinued Operation": 621000.0,
        "Diluted Average Shares": 8375335.0,
        "Basic Average Shares": 8299775.0,
        "Diluted EPS": 0.07,
        "Basic EPS": 0.07,
        "Diluted NI Availto Com Stockholders": 621000.0,
        "Net Income Common Stockholders": 621000.0,
        "Net Income": 621000.0,
        "Net Income Including Noncontrolling Interests": 621000.0,
        "Net Income Continuous Operations": 621000.0,
        "Tax Provision": 211000.0,
        "Pretax Income": 832000.0,
        "Selling General And Administration": 3830000.0,
        "Selling And Marketing Expense": 131000.0,
        "General And Administrative Expense": 3699000.0,
        "Insurance And Claims": 179000.0,
        "Salaries And Wages": 3520000.0,
        "Total Revenue": 6210000.0,
        "Operating Revenue": 6210000.0,
        "Occupancy And Equipment": 274000.0,
        "Professional Expense And Contract Services Expense": 360000.0,
        "Other Non Interest Expense": 767000.0
    },
    "2024-06-30": {
        "Tax Effect Of Unusual Items": 0.0,
        "Tax Rate For Calcs": 0.25588,
        "Net Income From Continuing Operation Net Minority Interest": 791000.0,
        "Reconciled Depreciation": 76000.0,
        "Net Interest Income": 6013000.0,
        "Interest Expense": 10373000.0,
        "Interest Income": 16386000.0,
        "Normalized Income": 791000.0,
        "Net Income From Continuing And Discontinued Operation": 791000.0,
        "Diluted Average Shares": NaN,
        "Basic Average Shares": NaN,
        "Diluted EPS": NaN,
        "Basic EPS": NaN,
        "Diluted NI Availto Com Stockholders": 791000.0,
        "Net Income Common Stockholders": 791000.0,
        "Net Income": 791000.0,
        "Net Income Including Noncontrolling Interests": 791000.0,
        "Net Income Continuous Operations": 791000.0,
        "Tax Provision": 272000.0,
        "Pretax Income": 1063000.0,
        "Selling General And Administration": 3639000.0,
        "Selling And Marketing Expense": 106000.0,
        "General And Administrative Expense": 3533000.0,
        "Insurance And Claims": 194000.0,
        "Salaries And Wages": 3339000.0,
        "Total Revenue": 6302000.0,
        "Operating Revenue": 6302000.0,
        "Occupancy And Equipment": 263000.0,
        "Professional Expense And Contract Services Expense": 231000.0,
        "Other Non Interest Expense": 814000.0
    },
    "2024-09-30": {
        "Tax Effect Of Unusual Items": 0.0,
        "Tax Rate For Calcs": 0.263,
        "Net Income From Continuing Operation Net Minority Interest": 1133000.0,
        "Reconciled Depreciation": 76000.0,
        "Net Interest Income": 6291000.0,
        "Interest Expense": 10864000.0,
        "Interest Income": 17155000.0,
        "Normalized Income": 1133000.0,
        "Net Income From Continuing And Discontinued Operation": 1133000.0,
        "Diluted Average Shares": 8343736.0,
        "Basic Average Shares": 8240602.0,
        "Diluted EPS": 0.14,
        "Basic EPS": 0.14,
        "Diluted NI Availto Com Stockholders": 1133000.0,
        "Net Income Common Stockholders": 1133000.0,
        "Net Income": 1133000.0,
        "Net Income Including Noncontrolling Interests": 1133000.0,
        "Net Income Continuous Operations": 1133000.0,
        "Tax Provision": 405000.0,
        "Pretax Income": 1538000.0,
        "Selling General And Administration": 3759000.0,
        "Selling And Marketing Expense": 159000.0,
        "General And Administrative Expense": 3600000.0,
        "Insurance And Claims": 189000.0,
        "Salaries And Wages": 3411000.0,
        "Total Revenue": 6595000.0,
        "Operating Revenue": 6595000.0,
        "Occupancy And Equipment": 250000.0,
        "Professional Expense And Contract Services Expense": 240000.0,
        "Other Non Interest Expense": 762000.0
    },
    "2024-12-31": {
        "Tax Effect Of Unusual Items": 0.0,
        "Tax Rate For Calcs": 0.254255,
        "Net Income From Continuing Operation Net Minority Interest": 1446000.0,
        "Reconciled Depreciation": 75000.0,
        "Net Interest Income": 6783000.0,
        "Interest Expense": 11028000.0,
        "Interest Income": 17811000.0,
        "Normalized Income": 1446000.0,
        "Net Income From Continuing And Discontinued Operation": 1446000.0,
        "Diluted Average Shares": 8375643.0,
        "Basic Average Shares": 8224033.0,
        "Diluted EPS": 0.17,
        "Basic EPS": 0.18,
        "Diluted NI Availto Com Stockholders": 1446000.0,
        "Net Income Common Stockholders": 1446000.0,
        "Net Income": 1446000.0,
        "Net Income Including Noncontrolling Interests": 1446000.0,
        "Net Income Continuous Operations": 1446000.0,
        "Tax Provision": 493000.0,
        "Pretax Income": 1939000.0,
        "Selling General And Administration": 3973000.0,
        "Selling And Marketing Expense": 155000.0,
        "General And Administrative Expense": 3818000.0,
        "Insurance And Claims": 191000.0,
        "Salaries And Wages": 3627000.0,
        "Total Revenue": 7111000.0,
        "Operating Revenue": 7111000.0,
        "Occupancy And Equipment": 245000.0,
        "Professional Expense And Contract Services Expense": 427000.0,
        "Other Non Interest Expense": 838000.0
    },
    "2025-03-31": {
        "Tax Effect Of Unusual Items": 0.0,
        "Tax Rate For Calcs": 0.246,
        "Net Income From Continuing Operation Net Minority Interest": 1297000.0,
        "Reconciled Depreciation": 75000.0,
        "Net Interest Income": 6648000.0,
        "Interest Expense": 10973000.0,
        "Interest Income": 17621000.0,
        "Normalized Income": 1297000.0,
        "Net Income From Continuing And Discontinued Operation": 1297000.0,
        "Diluted Average Shares": 8343771.0,
        "Basic Average Shares": 8210782.0,
        "Diluted EPS": 0.16,
        "Basic EPS": 0.16,
        "Diluted NI Availto Com Stockholders": 1297000.0,
        "Net Income Common Stockholders": 1297000.0,
        "Net Income": 1297000.0,
        "Net Income Including Noncontrolling Interests": 1297000.0,
        "Net Income Continuous Operations": 1297000.0,
        "Tax Provision": 424000.0,
        "Pretax Income": 1721000.0,
        "Selling General And Administration": 3793000.0,
        "Selling And Marketing Expense": 132000.0,
        "General And Administrative Expense": 3661000.0,
        "Insurance And Claims": 185000.0,
        "Salaries And Wages": 3476000.0,
        "Total Revenue": 6919000.0,
        "Operating Revenue": 6919000.0,
        "Occupancy And Equipment": 281000.0,
        "Professional Expense And Contract Services Expense": 310000.0,
        "Other Non Interest Expense": 824000.0
    },
    "2025-06-30": {
        "Tax Effect Of Unusual Items": 0.0,
        "Tax Rate For Calcs": 0.248042,
        "Net Income From Continuing Operation Net Minority Interest": 1440000.0,
        "Reconciled Depreciation": 75000.0,
        "Net Interest Income": 7660000.0,
        "Interest Expense": 11441000.0,
        "Interest Income": 19101000.0,
        "Normalized Income": 1440000.0,
        "Net Income From Continuing And Discontinued Operation": 1440000.0,
        "Diluted Average Shares": 8369819.0,
        "Basic Average Shares": 8155667.0,
        "Diluted EPS": 0.17,
        "Basic EPS": 0.18,
        "Diluted NI Availto Com Stockholders": 1440000.0,
        "Net Income Common Stockholders": 1440000.0,
        "Net Income": 1440000.0,
        "Net Income Including Noncontrolling Interests": 1440000.0,
        "Net Income Continuous Operations": 1440000.0,
        "Tax Provision": 475000.0,
        "Pretax Income": 1915000.0,
        "Selling General And Administration": 3591000.0,
        "Selling And Marketing Expense": 189000.0,
        "General And Administrative Expense": 3402000.0,
        "Insurance And Claims": 216000.0,
        "Salaries And Wages": 3186000.0,
        "Total Revenue": 8015000.0,
        "Operating Revenue": 8015000.0,
        "Occupancy And Equipment": 261000.0,
        "Professional Expense And Contract Services Expense": 264000.0,
        "Other Non Interest Expense": 864000.0
    },
    "2025-09-30": {
        "Tax Effect Of Unusual Items": NaN,
        "Tax Rate For Calcs": NaN,
        "Net Income From Continuing Operation Net Minority Interest": NaN,
        "Reconciled Depreciation": NaN,
        "Net Interest Income": NaN,
        "Interest Expense": NaN,
        "Interest Income": NaN,
        "Normalized Income": NaN,
        "Net Income From Continuing And Discontinued Operation": NaN,
        "Diluted Average Shares": 8274506.0,
        "Basic Average Shares": 8023681.0,
        "Diluted EPS": 0.29,
        "Basic EPS": 0.3,
        "Diluted NI Availto Com Stockholders": NaN,
        "Net Income Common Stockholders": NaN,
        "Net Income": NaN,
        "Net Income Including Noncontrolling Interests": NaN,
        "Net Income Continuous Operations": NaN,
        "Tax Provision": NaN,
        "Pretax Income": NaN,
        "Selling General And Administration": NaN,
        "Selling And Marketing Expense": NaN,
        "General And Administrative Expense": NaN,
        "Insurance And Claims": NaN,
        "Salaries And Wages": NaN,
        "Total Revenue": NaN,
        "Operating Revenue": NaN,
        "Occupancy And Equipment": NaN,
        "Professional Expense And Contract Services Expense": NaN,
        "Other Non Interest Expense": NaN
    }
}