{
    "2024-06-30": {
        "Tax Effect Of Unusual Items": 0.0,
        "Tax Rate For Calcs": 0.269,
        "Normalized EBITDA": 59194000.0,
        "Net Income From Continuing Operation Net Minority Interest": 38972000.0,
        "Reconciled Depreciation": 6191000.0,
        "Reconciled Cost Of Revenue": 614796000.0,
        "EBITDA": 59194000.0,
        "EBIT": 53003000.0,
        "Net Interest Income": -3246000.0,
        "Interest Expense": 3246000.0,
        "Normalized Income": 38972000.0,
        "Net Income From Continuing And Discontinued Operation": 38972000.0,
        "Total Expenses": 652064000.0,
        "Total Operating Income As Reported": 51309000.0,
        "Diluted Average Shares": 50972000.0,
        "Basic Average Shares": 50972000.0,
        "Diluted EPS": 0.764577,
        "Basic EPS": 0.764577,
        "Diluted NI Availto Com Stockholders": 38972000.0,
        "Net Income Common Stockholders": 38972000.0,
        "Net Income": 38972000.0,
        "Net Income Including Noncontrolling Interests": 38972000.0,
        "Net Income Continuous Operations": 38972000.0,
        "Earnings From Equity Interest Net Of Tax": 2849000.0,
        "Tax Provision": 13634000.0,
        "Pretax Income": 49757000.0,
        "Other Income Expense": 1694000.0,
        "Other Non Operating Income Expenses": 1694000.0,
        "Net Non Operating Interest Income Expense": -3246000.0,
        "Interest Expense Non Operating": 3246000.0,
        "Operating Income": 51309000.0,
        "Operating Expense": 37268000.0,
        "Selling General And Administration": 37268000.0,
        "Gross Profit": 88577000.0,
        "Cost Of Revenue": 614796000.0,
        "Total Revenue": 703373000.0,
        "Operating Revenue": 710662000.0
    },
    "2023-06-30": {
        "Tax Effect Of Unusual Items": NaN,
        "Tax Rate For Calcs": NaN,
        "Normalized EBITDA": NaN,
        "Net Income From Continuing Operation Net Minority Interest": NaN,
        "Reconciled Depreciation": NaN,
        "Reconciled Cost Of Revenue": NaN,
        "EBITDA": NaN,
        "EBIT": NaN,
        "Net Interest Income": NaN,
        "Interest Expense": NaN,
        "Normalized Income": NaN,
        "Net Income From Continuing And Discontinued Operation": NaN,
        "Total Expenses": NaN,
        "Total Operating Income As Reported": NaN,
        "Diluted Average Shares": 50972000.0,
        "Basic Average Shares": 50972000.0,
        "Diluted EPS": 0.75824,
        "Basic EPS": 0.75824,
        "Diluted NI Availto Com Stockholders": NaN,
        "Net Income Common Stockholders": NaN,
        "Net Income": NaN,
        "Net Income Including Noncontrolling Interests": NaN,
        "Net Income Continuous Operations": NaN,
        "Earnings From Equity Interest Net Of Tax": NaN,
        "Tax Provision": NaN,
        "Pretax Income": NaN,
        "Other Income Expense": NaN,
        "Other Non Operating Income Expenses": NaN,
        "Net Non Operating Interest Income Expense": NaN,
        "Interest Expense Non Operating": NaN,
        "Operating Income": NaN,
        "Operating Expense": NaN,
        "Selling General And Administration": NaN,
        "Gross Profit": NaN,
        "Cost Of Revenue": NaN,
        "Total Revenue": NaN,
        "Operating Revenue": NaN
    },
    "2024-09-30": {
        "Tax Effect Of Unusual Items": 0.0,
        "Tax Rate For Calcs": 0.251,
        "Normalized EBITDA": 61105000.0,
        "Net Income From Continuing Operation Net Minority Interest": 41767000.0,
        "Reconciled Depreciation": 6325000.0,
        "Reconciled Cost Of Revenue": 671085000.0,
        "EBITDA": 61105000.0,
        "EBIT": 54780000.0,
        "Net Interest Income": -2851000.0,
        "Interest Expense": 2851000.0,
        "Interest Income": NaN,
        "Normalized Income": 41767000.0,
        "Net Income From Continuing And Discontinued Operation": 41767000.0,
        "Total Expenses": 707276000.0,
        "Total Operating Income As Reported": 53709000.0,
        "Diluted Average Shares": 50972000.0,
        "Basic Average Shares": 50972000.0,
        "Diluted EPS": 0.82,
        "Basic EPS": 0.82,
        "Diluted NI Availto Com Stockholders": 41767000.0,
        "Net Income Common Stockholders": 41767000.0,
        "Net Income": 41767000.0,
        "Net Income Including Noncontrolling Interests": 41767000.0,
        "Net Income Continuous Operations": 41767000.0,
        "Earnings From Equity Interest Net Of Tax": 3833000.0,
        "Tax Provision": 13995000.0,
        "Pretax Income": 51929000.0,
        "Other Income Expense": 1071000.0,
        "Other Non Operating Income Expenses": 1071000.0,
        "Net Non Operating Interest Income Expense": -2851000.0,
        "Interest Expense Non Operating": 2851000.0,
        "Interest Income Non Operating": NaN,
        "Operating Income": 53709000.0,
        "Operating Expense": 36191000.0,
        "Selling General And Administration": 36191000.0,
        "Gross Profit": 89900000.0,
        "Cost Of Revenue": 671085000.0,
        "Total Revenue": 760985000.0,
        "Operating Revenue": 765399000.0
    },
    "2023-12-31": {
        "Tax Effect Of Unusual Items": 0.0,
        "Tax Rate For Calcs": 0.355191,
        "Normalized EBITDA": 47950000.0,
        "Net Income From Continuing Operation Net Minority Interest": 18046000.0,
        "Reconciled Depreciation": 5915000.0,
        "Reconciled Cost Of Revenue": 555589000.0,
        "EBITDA": 47950000.0,
        "EBIT": 42035000.0,
        "Net Interest Income": -14402000.0,
        "Interest Expense": 14402000.0,
        "Normalized Income": 18046000.0,
        "Net Income From Continuing And Discontinued Operation": 18046000.0,
        "Total Expenses": 595160000.0,
        "Total Operating Income As Reported": 40558000.0,
        "Diluted Average Shares": NaN,
        "Basic Average Shares": NaN,
        "Diluted EPS": NaN,
        "Basic EPS": NaN,
        "Diluted NI Availto Com Stockholders": 18046000.0,
        "Net Income Common Stockholders": 18046000.0,
        "Net Income": 18046000.0,
        "Net Income Including Noncontrolling Interests": 18046000.0,
        "Net Income Continuous Operations": 18046000.0,
        "Earnings From Equity Interest Net Of Tax": 228000.0,
        "Tax Provision": 9815000.0,
        "Pretax Income": 27633000.0,
        "Other Income Expense": 1477000.0,
        "Other Non Operating Income Expenses": 1477000.0,
        "Net Non Operating Interest Income Expense": -14402000.0,
        "Interest Expense Non Operating": 14402000.0,
        "Operating Income": 40558000.0,
        "Operating Expense": 39571000.0,
        "Selling General And Administration": 39571000.0,
        "Gross Profit": 80129000.0,
        "Cost Of Revenue": 555589000.0,
        "Total Revenue": 635718000.0,
        "Operating Revenue": 639783000.0
    },
    "2023-09-30": {
        "Tax Effect Of Unusual Items": NaN,
        "Tax Rate For Calcs": NaN,
        "Normalized EBITDA": NaN,
        "Net Income From Continuing Operation Net Minority Interest": NaN,
        "Reconciled Depreciation": NaN,
        "Reconciled Cost Of Revenue": NaN,
        "EBITDA": NaN,
        "EBIT": NaN,
        "Net Interest Income": NaN,
        "Interest Expense": NaN,
        "Normalized Income": NaN,
        "Net Income From Continuing And Discontinued Operation": NaN,
        "Total Expenses": NaN,
        "Total Operating Income As Reported": NaN,
        "Diluted Average Shares": 50972000.0,
        "Basic Average Shares": 50972000.0,
        "Diluted EPS": 0.71,
        "Basic EPS": 0.71,
        "Diluted NI Availto Com Stockholders": NaN,
        "Net Income Common Stockholders": NaN,
        "Net Income": NaN,
        "Net Income Including Noncontrolling Interests": NaN,
        "Net Income Continuous Operations": NaN,
        "Earnings From Equity Interest Net Of Tax": NaN,
        "Tax Provision": NaN,
        "Pretax Income": NaN,
        "Other Income Expense": NaN,
        "Other Non Operating Income Expenses": NaN,
        "Net Non Operating Interest Income Expense": NaN,
        "Interest Expense Non Operating": NaN,
        "Operating Income": NaN,
        "Operating Expense": NaN,
        "Selling General And Administration": NaN,
        "Gross Profit": NaN,
        "Cost Of Revenue": NaN,
        "Total Revenue": NaN,
        "Operating Revenue": NaN
    },
    "2024-12-31": {
        "Tax Effect Of Unusual Items": 0.0,
        "Tax Rate For Calcs": 0.283758,
        "Normalized EBITDA": 53970000.0,
        "Net Income From Continuing Operation Net Minority Interest": 34468000.0,
        "Reconciled Depreciation": 6773000.0,
        "Reconciled Cost Of Revenue": 673381000.0,
        "EBITDA": 53970000.0,
        "EBIT": 47197000.0,
        "Net Interest Income": -5200000.0,
        "Interest Expense": 5200000.0,
        "Interest Income": NaN,
        "Normalized Income": 34468000.0,
        "Net Income From Continuing And Discontinued Operation": 34468000.0,
        "Total Expenses": 713633000.0,
        "Total Operating Income As Reported": 46005000.0,
        "Diluted Average Shares": 51075000.0,
        "Basic Average Shares": 50976000.0,
        "Diluted EPS": 0.67,
        "Basic EPS": 0.68,
        "Diluted NI Availto Com Stockholders": 34468000.0,
        "Net Income Common Stockholders": 34468000.0,
        "Net Income": 34468000.0,
        "Net Income Including Noncontrolling Interests": 34468000.0,
        "Net Income Continuous Operations": 34468000.0,
        "Earnings From Equity Interest Net Of Tax": 4388000.0,
        "Tax Provision": 11917000.0,
        "Pretax Income": 41997000.0,
        "Other Income Expense": 1192000.0,
        "Other Non Operating Income Expenses": 1192000.0,
        "Net Non Operating Interest Income Expense": -5200000.0,
        "Interest Expense Non Operating": 5200000.0,
        "Interest Income Non Operating": NaN,
        "Operating Income": 46005000.0,
        "Operating Expense": 40252000.0,
        "Selling General And Administration": 40252000.0,
        "Gross Profit": 86257000.0,
        "Cost Of Revenue": 673381000.0,
        "Total Revenue": 759638000.0,
        "Operating Revenue": 763038000.0
    },
    "2025-03-31": {
        "Tax Effect Of Unusual Items": 0.0,
        "Tax Rate For Calcs": 0.27,
        "Normalized EBITDA": 58441000.0,
        "Net Income From Continuing Operation Net Minority Interest": 36672000.0,
        "Reconciled Depreciation": 6890000.0,
        "Reconciled Cost Of Revenue": 734136000.0,
        "EBITDA": 58441000.0,
        "EBIT": 51551000.0,
        "Net Interest Income": -4694000.0,
        "Interest Expense": 4694000.0,
        "Interest Income": NaN,
        "Normalized Income": 36672000.0,
        "Net Income From Continuing And Discontinued Operation": 36672000.0,
        "Total Expenses": 775645000.0,
        "Total Operating Income As Reported": 50984000.0,
        "Diluted Average Shares": 51091000.0,
        "Basic Average Shares": 51042000.0,
        "Diluted EPS": 0.72,
        "Basic EPS": 0.72,
        "Diluted NI Availto Com Stockholders": 36672000.0,
        "Net Income Common Stockholders": 36672000.0,
        "Net Income": 36672000.0,
        "Net Income Including Noncontrolling Interests": 36672000.0,
        "Net Income Continuous Operations": 36672000.0,
        "Earnings From Equity Interest Net Of Tax": 3388000.0,
        "Tax Provision": 13573000.0,
        "Pretax Income": 46857000.0,
        "Other Income Expense": 567000.0,
        "Other Non Operating Income Expenses": 567000.0,
        "Net Non Operating Interest Income Expense": -4694000.0,
        "Interest Expense Non Operating": 4694000.0,
        "Interest Income Non Operating": NaN,
        "Operating Income": 50984000.0,
        "Operating Expense": 41509000.0,
        "Selling General And Administration": 41509000.0,
        "Gross Profit": 92493000.0,
        "Cost Of Revenue": 734136000.0,
        "Total Revenue": 826629000.0,
        "Operating Revenue": 833242000.0
    },
    "2024-03-31": {
        "Tax Effect Of Unusual Items": 0.0,
        "Tax Rate For Calcs": 0.269096,
        "Normalized EBITDA": 45785000.0,
        "Net Income From Continuing Operation Net Minority Interest": 28214000.0,
        "Reconciled Depreciation": 5983000.0,
        "Reconciled Cost Of Revenue": 550972000.0,
        "EBITDA": 45785000.0,
        "EBIT": 39802000.0,
        "Net Interest Income": -2726000.0,
        "Interest Expense": 2726000.0,
        "Normalized Income": 28214000.0,
        "Net Income From Continuing And Discontinued Operation": 28214000.0,
        "Total Expenses": 586805000.0,
        "Total Operating Income As Reported": 38884000.0,
        "Diluted Average Shares": 50972000.0,
        "Basic Average Shares": 50972000.0,
        "Diluted EPS": 0.55352,
        "Basic EPS": 0.55352,
        "Diluted NI Availto Com Stockholders": 28214000.0,
        "Net Income Common Stockholders": 28214000.0,
        "Net Income": 28214000.0,
        "Net Income Including Noncontrolling Interests": 28214000.0,
        "Net Income Continuous Operations": 28214000.0,
        "Earnings From Equity Interest Net Of Tax": 1115000.0,
        "Tax Provision": 9977000.0,
        "Pretax Income": 37076000.0,
        "Other Income Expense": 918000.0,
        "Other Non Operating Income Expenses": 918000.0,
        "Net Non Operating Interest Income Expense": -2726000.0,
        "Interest Expense Non Operating": 2726000.0,
        "Operating Income": 38884000.0,
        "Operating Expense": 35833000.0,
        "Selling General And Administration": 35833000.0,
        "Gross Profit": 74717000.0,
        "Cost Of Revenue": 550972000.0,
        "Total Revenue": 625689000.0,
        "Operating Revenue": 629494000.0
    },
    "2025-06-30": {
        "Tax Effect Of Unusual Items": 0.0,
        "Tax Rate For Calcs": 0.269,
        "Normalized EBITDA": 81542000.0,
        "Net Income From Continuing Operation Net Minority Interest": 52843000.0,
        "Reconciled Depreciation": 7127000.0,
        "Reconciled Cost Of Revenue": 801597000.0,
        "EBITDA": 81542000.0,
        "EBIT": 74415000.0,
        "Net Interest Income": -4813000.0,
        "Interest Expense": 4813000.0,
        "Interest Income": NaN,
        "Normalized Income": 52843000.0,
        "Net Income From Continuing And Discontinued Operation": 52843000.0,
        "Total Expenses": 848959000.0,
        "Total Operating Income As Reported": 72507000.0,
        "Diluted Average Shares": 51094000.0,
        "Basic Average Shares": 51041000.0,
        "Diluted EPS": 1.03,
        "Basic EPS": 1.04,
        "Diluted NI Availto Com Stockholders": 52843000.0,
        "Net Income Common Stockholders": 52843000.0,
        "Net Income": 52843000.0,
        "Net Income Including Noncontrolling Interests": 52843000.0,
        "Net Income Continuous Operations": 52843000.0,
        "Earnings From Equity Interest Net Of Tax": 2649000.0,
        "Tax Provision": 19408000.0,
        "Pretax Income": 69602000.0,
        "Other Income Expense": 1908000.0,
        "Other Non Operating Income Expenses": 1908000.0,
        "Net Non Operating Interest Income Expense": -4813000.0,
        "Interest Expense Non Operating": 4813000.0,
        "Interest Income Non Operating": NaN,
        "Operating Income": 72507000.0,
        "Operating Expense": 47362000.0,
        "Selling General And Administration": 47362000.0,
        "Gross Profit": 119869000.0,
        "Cost Of Revenue": 801597000.0,
        "Total Revenue": 921466000.0,
        "Operating Revenue": 925984000.0
    },
    "2025-09-30": {
        "Tax Effect Of Unusual Items": 0.0,
        "Tax Rate For Calcs": 0.266,
        "Normalized EBITDA": 84787000.0,
        "Net Income From Continuing Operation Net Minority Interest": 56977000.0,
        "Reconciled Depreciation": 7292000.0,
        "Reconciled Cost Of Revenue": 862598000.0,
        "EBITDA": 84787000.0,
        "EBIT": 77495000.0,
        "Net Interest Income": -4072000.0,
        "Interest Expense": 5441000.0,
        "Interest Income": 1369000.0,
        "Normalized Income": 56977000.0,
        "Net Income From Continuing And Discontinued Operation": 56977000.0,
        "Total Expenses": 914439000.0,
        "Total Operating Income As Reported": 72381000.0,
        "Diluted Average Shares": 51137000.0,
        "Basic Average Shares": 51048000.0,
        "Diluted EPS": 1.11,
        "Basic EPS": 1.12,
        "Diluted NI Availto Com Stockholders": 56977000.0,
        "Net Income Common Stockholders": 56977000.0,
        "Net Income": 56977000.0,
        "Net Income Including Noncontrolling Interests": 56977000.0,
        "Net Income Continuous Operations": 56977000.0,
        "Earnings From Equity Interest Net Of Tax": 5540000.0,
        "Tax Provision": 20617000.0,
        "Pretax Income": 72054000.0,
        "Other Income Expense": 3745000.0,
        "Other Non Operating Income Expenses": 3745000.0,
        "Net Non Operating Interest Income Expense": -4072000.0,
        "Interest Expense Non Operating": 5441000.0,
        "Interest Income Non Operating": 1369000.0,
        "Operating Income": 72381000.0,
        "Operating Expense": 51841000.0,
        "Selling General And Administration": 51841000.0,
        "Gross Profit": 124222000.0,
        "Cost Of Revenue": 862598000.0,
        "Total Revenue": 986820000.0,
        "Operating Revenue": 990724000.0
    }
}