{
    "2023-03-31": {
        "Tax Effect Of Unusual Items": -763350.0,
        "Tax Rate For Calcs": 0.21,
        "Normalized EBITDA": 33140000.0,
        "Total Unusual Items": -3635000.0,
        "Total Unusual Items Excluding Goodwill": -3635000.0,
        "Net Income From Continuing Operation Net Minority Interest": -1471000.0,
        "Reconciled Depreciation": 20197000.0,
        "Reconciled Cost Of Revenue": 106821000.0,
        "EBITDA": 29505000.0,
        "EBIT": 9308000.0,
        "Net Interest Income": -9832000.0,
        "Interest Expense": 9832000.0,
        "Normalized Income": 1400650.0,
        "Net Income From Continuing And Discontinued Operation": -1471000.0,
        "Total Expenses": 148581000.0,
        "Total Operating Income As Reported": 8658000.0,
        "Diluted Average Shares": 122178867.0,
        "Basic Average Shares": 122178867.0,
        "Diluted EPS": -0.01,
        "Basic EPS": -0.01,
        "Diluted NI Availto Com Stockholders": -1471000.0,
        "Net Income Common Stockholders": -1471000.0,
        "Net Income": -1471000.0,
        "Net Income Including Noncontrolling Interests": -1471000.0,
        "Net Income Discontinuous Operations": NaN,
        "Net Income Continuous Operations": -1471000.0,
        "Tax Provision": 947000.0,
        "Pretax Income": -524000.0,
        "Other Income Expense": -2985000.0,
        "Other Non Operating Income Expenses": 427000.0,
        "Special Income Charges": -3635000.0,
        "Gain On Sale Of Ppe": -1178000.0,
        "Restructuring And Mergern Acquisition": 2457000.0,
        "Earnings From Equity Interest": 223000.0,
        "Net Non Operating Interest Income Expense": -9832000.0,
        "Interest Expense Non Operating": 9832000.0,
        "Operating Income": 12293000.0,
        "Operating Expense": 24200000.0,
        "Other Operating Expenses": 444000.0,
        "Depreciation Amortization Depletion Income Statement": 2637000.0,
        "Depreciation And Amortization In Income Statement": 2637000.0,
        "Amortization": 2637000.0,
        "Amortization Of Intangibles Income Statement": 2637000.0,
        "Selling General And Administration": 21119000.0,
        "Gross Profit": 36493000.0,
        "Cost Of Revenue": 124381000.0,
        "Total Revenue": 160874000.0,
        "Operating Revenue": 160874000.0
    },
    "2022-12-31": {
        "Tax Effect Of Unusual Items": NaN,
        "Tax Rate For Calcs": NaN,
        "Normalized EBITDA": NaN,
        "Total Unusual Items": NaN,
        "Total Unusual Items Excluding Goodwill": NaN,
        "Net Income From Continuing Operation Net Minority Interest": NaN,
        "Reconciled Depreciation": NaN,
        "Reconciled Cost Of Revenue": NaN,
        "EBITDA": NaN,
        "EBIT": NaN,
        "Net Interest Income": NaN,
        "Interest Expense": NaN,
        "Normalized Income": NaN,
        "Net Income From Continuing And Discontinued Operation": NaN,
        "Total Expenses": NaN,
        "Total Operating Income As Reported": NaN,
        "Diluted Average Shares": NaN,
        "Basic Average Shares": NaN,
        "Diluted EPS": NaN,
        "Basic EPS": NaN,
        "Diluted NI Availto Com Stockholders": NaN,
        "Net Income Common Stockholders": NaN,
        "Net Income": NaN,
        "Net Income Including Noncontrolling Interests": NaN,
        "Net Income Discontinuous Operations": 3902000.0,
        "Net Income Continuous Operations": NaN,
        "Tax Provision": NaN,
        "Pretax Income": NaN,
        "Other Income Expense": NaN,
        "Other Non Operating Income Expenses": NaN,
        "Special Income Charges": NaN,
        "Gain On Sale Of Ppe": NaN,
        "Other Special Charges": NaN,
        "Restructuring And Mergern Acquisition": NaN,
        "Earnings From Equity Interest": NaN,
        "Net Non Operating Interest Income Expense": NaN,
        "Interest Expense Non Operating": NaN,
        "Operating Income": NaN,
        "Operating Expense": NaN,
        "Other Operating Expenses": NaN,
        "Depreciation Amortization Depletion Income Statement": NaN,
        "Depreciation And Amortization In Income Statement": NaN,
        "Amortization": NaN,
        "Amortization Of Intangibles Income Statement": NaN,
        "Selling General And Administration": NaN,
        "Gross Profit": NaN,
        "Cost Of Revenue": NaN,
        "Total Revenue": NaN,
        "Operating Revenue": NaN
    },
    "2022-09-30": {
        "Tax Effect Of Unusual Items": NaN,
        "Tax Rate For Calcs": NaN,
        "Normalized EBITDA": NaN,
        "Total Unusual Items": NaN,
        "Total Unusual Items Excluding Goodwill": NaN,
        "Net Income From Continuing Operation Net Minority Interest": NaN,
        "Reconciled Depreciation": NaN,
        "Reconciled Cost Of Revenue": NaN,
        "EBITDA": NaN,
        "EBIT": NaN,
        "Net Interest Income": NaN,
        "Interest Expense": NaN,
        "Normalized Income": NaN,
        "Net Income From Continuing And Discontinued Operation": NaN,
        "Total Expenses": NaN,
        "Total Operating Income As Reported": NaN,
        "Diluted Average Shares": NaN,
        "Basic Average Shares": NaN,
        "Diluted EPS": NaN,
        "Basic EPS": NaN,
        "Diluted NI Availto Com Stockholders": NaN,
        "Net Income Common Stockholders": NaN,
        "Net Income": NaN,
        "Net Income Including Noncontrolling Interests": NaN,
        "Net Income Discontinuous Operations": 0.0,
        "Net Income Continuous Operations": NaN,
        "Tax Provision": NaN,
        "Pretax Income": NaN,
        "Other Income Expense": NaN,
        "Other Non Operating Income Expenses": NaN,
        "Special Income Charges": NaN,
        "Gain On Sale Of Ppe": NaN,
        "Restructuring And Mergern Acquisition": NaN,
        "Earnings From Equity Interest": NaN,
        "Net Non Operating Interest Income Expense": NaN,
        "Interest Expense Non Operating": NaN,
        "Operating Income": NaN,
        "Operating Expense": NaN,
        "Other Operating Expenses": NaN,
        "Depreciation Amortization Depletion Income Statement": NaN,
        "Depreciation And Amortization In Income Statement": NaN,
        "Amortization": NaN,
        "Amortization Of Intangibles Income Statement": NaN,
        "Selling General And Administration": NaN,
        "Gross Profit": NaN,
        "Cost Of Revenue": NaN,
        "Total Revenue": NaN,
        "Operating Revenue": NaN
    },
    "2022-06-30": {
        "Tax Effect Of Unusual Items": 0.0,
        "Tax Rate For Calcs": 0.275,
        "Normalized EBITDA": 55200000.0,
        "Total Unusual Items": 0.0,
        "Total Unusual Items Excluding Goodwill": 0.0,
        "Net Income From Continuing Operation Net Minority Interest": 19200000.0,
        "Reconciled Depreciation": 19800000.0,
        "Reconciled Cost Of Revenue": 165300000.0,
        "EBITDA": 55200000.0,
        "EBIT": 35400000.0,
        "Net Interest Income": -8900000.0,
        "Interest Expense": 8900000.0,
        "Normalized Income": 19200000.0,
        "Net Income From Continuing And Discontinued Operation": 19200000.0,
        "Total Expenses": 197800000.0,
        "Total Operating Income As Reported": 27400000.0,
        "Diluted Average Shares": 139149560.0,
        "Basic Average Shares": 138035764.0,
        "Diluted EPS": 0.14,
        "Basic EPS": 0.14,
        "Diluted NI Availto Com Stockholders": 19200000.0,
        "Net Income Common Stockholders": 19200000.0,
        "Net Income": 19200000.0,
        "Minority Interests": 0.0,
        "Net Income Including Noncontrolling Interests": 19200000.0,
        "Net Income Discontinuous Operations": 0.0,
        "Net Income Continuous Operations": 19200000.0,
        "Tax Provision": 7300000.0,
        "Pretax Income": 26500000.0,
        "Other Income Expense": 8000000.0,
        "Other Non Operating Income Expenses": -500000.0,
        "Special Income Charges": 0.0,
        "Gain On Sale Of Ppe": -573000.0,
        "Restructuring And Mergern Acquisition": 5536000.0,
        "Earnings From Equity Interest": 8500000.0,
        "Net Non Operating Interest Income Expense": -8900000.0,
        "Interest Expense Non Operating": 8900000.0,
        "Operating Income": 27400000.0,
        "Operating Expense": 32500000.0,
        "Other Operating Expenses": 9700000.0,
        "Depreciation Amortization Depletion Income Statement": 2644000.0,
        "Depreciation And Amortization In Income Statement": 2644000.0,
        "Amortization": 2644000.0,
        "Amortization Of Intangibles Income Statement": 2644000.0,
        "Selling General And Administration": 22800000.0,
        "Gross Profit": 59900000.0,
        "Cost Of Revenue": 165300000.0,
        "Total Revenue": 225200000.0,
        "Operating Revenue": 225200000.0
    },
    "2023-06-30": {
        "Tax Effect Of Unusual Items": -862848.0,
        "Tax Rate For Calcs": 0.252,
        "Normalized EBITDA": 68470000.0,
        "Total Unusual Items": -3424000.0,
        "Total Unusual Items Excluding Goodwill": -3424000.0,
        "Net Income From Continuing Operation Net Minority Interest": 26122000.0,
        "Reconciled Depreciation": 20969000.0,
        "Reconciled Cost Of Revenue": 104814000.0,
        "EBITDA": 65046000.0,
        "EBIT": 44077000.0,
        "Net Interest Income": -9168000.0,
        "Interest Expense": 9168000.0,
        "Normalized Income": 28683152.0,
        "Net Income From Continuing And Discontinued Operation": 26122000.0,
        "Total Expenses": 147373000.0,
        "Total Operating Income As Reported": 33313000.0,
        "Diluted Average Shares": 119920742.0,
        "Basic Average Shares": 118651402.0,
        "Diluted EPS": 0.22,
        "Basic EPS": 0.22,
        "Diluted NI Availto Com Stockholders": 26122000.0,
        "Net Income Common Stockholders": 26122000.0,
        "Net Income": 26122000.0,
        "Net Income Including Noncontrolling Interests": 26122000.0,
        "Net Income Continuous Operations": 26122000.0,
        "Tax Provision": 8787000.0,
        "Pretax Income": 34909000.0,
        "Other Income Expense": 7340000.0,
        "Other Non Operating Income Expenses": -610000.0,
        "Special Income Charges": -3424000.0,
        "Gain On Sale Of Ppe": -1128000.0,
        "Other Special Charges": NaN,
        "Restructuring And Mergern Acquisition": 2296000.0,
        "Earnings From Equity Interest": 11374000.0,
        "Net Non Operating Interest Income Expense": -9168000.0,
        "Interest Expense Non Operating": 9168000.0,
        "Operating Income": 36737000.0,
        "Operating Expense": 24233000.0,
        "Other Operating Expenses": 195000.0,
        "Depreciation Amortization Depletion Income Statement": 2643000.0,
        "Depreciation And Amortization In Income Statement": 2643000.0,
        "Amortization": 2643000.0,
        "Amortization Of Intangibles Income Statement": 2643000.0,
        "Selling General And Administration": 21395000.0,
        "Gross Profit": 60970000.0,
        "Cost Of Revenue": 123140000.0,
        "Total Revenue": 184110000.0,
        "Operating Revenue": 184110000.0
    },
    "2022-03-31": {
        "Diluted EPS": 0.06,
        "Total Revenue": 180,
        "Gross Profit": 48,
        "Operating Income": 16,
        "EBIT": 36,
        "Net Income": 8
    },
    "2021-12-31": {
        "Diluted EPS": 0.19,
        "Total Revenue": 170,
        "Gross Profit": 54,
        "Operating Income": 18,
        "EBIT": 38,
        "Net Income": 25
    },
    "2021-09-30": {
        "Diluted EPS": -0.52,
        "Total Revenue": 167,
        "Gross Profit": 54,
        "Operating Income": 22,
        "EBIT": 44,
        "Net Income": -71
    },
    "2021-06-30": {
        "Diluted EPS": -0.01,
        "Total Revenue": 147,
        "Gross Profit": 38,
        "Operating Income": 12,
        "EBIT": 32,
        "Net Income": -1
    },
    "2021-03-31": {
        "Diluted EPS": -0.68,
        "Total Revenue": 127,
        "Gross Profit": 30,
        "Operating Income": 2,
        "EBIT": 23,
        "Net Income": -93
    },
    "2020-12-31": {
        "Diluted EPS": -2.22,
        "Total Revenue": 124,
        "Gross Profit": 38,
        "Operating Income": 11,
        "EBIT": 32,
        "Net Income": -302
    },
    "2020-09-30": {
        "Diluted EPS": 0.06,
        "Total Revenue": 131,
        "Gross Profit": 41,
        "Operating Income": 19,
        "EBIT": 38,
        "Net Income": 8
    },
    "2020-06-30": {
        "Diluted EPS": 0.12,
        "Total Revenue": 116,
        "Gross Profit": 35,
        "Operating Income": 10,
        "EBIT": 29,
        "Net Income": 16
    },
    "2020-03-31": {
        "Diluted EPS": 0.0,
        "Total Revenue": 126,
        "Gross Profit": 38,
        "Operating Income": 12,
        "EBIT": 31,
        "Net Income": 0
    },
    "2019-12-31": {
        "Diluted EPS": 0.14,
        "Total Revenue": -682,
        "Gross Profit": -142,
        "Operating Income": -91,
        "EBIT": -153,
        "Net Income": 19
    },
    "2019-09-30": {
        "Diluted EPS": 0.2,
        "Total Revenue": 424,
        "Gross Profit": 113,
        "Operating Income": 58,
        "EBIT": 103,
        "Net Income": 27
    },
    "2019-06-30": {
        "Diluted EPS": 0.23,
        "Total Revenue": 432,
        "Gross Profit": 115,
        "Operating Income": 70,
        "EBIT": 117,
        "Net Income": 31
    },
    "2019-03-31": {
        "Diluted EPS": 0.02,
        "Total Revenue": 359,
        "Gross Profit": 81,
        "Operating Income": 29,
        "EBIT": 77,
        "Net Income": 3
    },
    "2018-12-31": {
        "Diluted EPS": 0.2,
        "Total Revenue": 1,
        "Gross Profit": 9,
        "Operating Income": 29,
        "EBIT": 42,
        "Net Income": 28
    },
    "2018-09-30": {
        "Diluted EPS": 0.11,
        "Total Revenue": 427,
        "Gross Profit": 108,
        "Operating Income": 49,
        "EBIT": 94,
        "Net Income": 14
    },
    "2018-06-30": {
        "Diluted EPS": 0.12,
        "Total Revenue": 435,
        "Gross Profit": 108,
        "Operating Income": 49,
        "EBIT": 98,
        "Net Income": 16
    },
    "2018-03-31": {
        "Diluted EPS": 0.0,
        "Total Revenue": 366,
        "Gross Profit": 78,
        "Operating Income": 28,
        "EBIT": 80,
        "Net Income": 0
    },
    "2017-12-31": {
        "Diluted EPS": 0.59,
        "Total Revenue": 358,
        "Gross Profit": 84,
        "Operating Income": 27,
        "EBIT": 77,
        "Net Income": 65
    },
    "2017-09-30": {
        "Diluted EPS": -0.03,
        "Total Revenue": 392,
        "Gross Profit": 103,
        "Operating Income": 46,
        "EBIT": 95,
        "Net Income": -3
    },
    "2017-06-30": {
        "Diluted EPS": -0.02,
        "Total Revenue": 389,
        "Gross Profit": 107,
        "Operating Income": 55,
        "EBIT": 99,
        "Net Income": -2
    },
    "2017-03-31": {
        "Diluted EPS": -0.02,
        "Total Revenue": 333,
        "Gross Profit": 83,
        "Operating Income": 38,
        "EBIT": 82,
        "Net Income": -2
    },
    "2016-12-31": {
        "Diluted EPS": 0.0,
        "Total Revenue": NaN,
        "Gross Profit": NaN,
        "Operating Income": NaN,
        "EBIT": NaN,
        "Net Income": NaN
    },
    "2016-09-30": {
        "Diluted EPS": -0.1,
        "Total Revenue": 370,
        "Gross Profit": 95,
        "Operating Income": 44,
        "EBIT": 44,
        "Net Income": -10
    },
    "2015-12-31": {
        "Diluted EPS": 0.0,
        "Total Revenue": NaN,
        "Gross Profit": NaN,
        "Operating Income": NaN,
        "EBIT": NaN,
        "Net Income": NaN
    },
    "2014-12-31": {
        "Diluted EPS": 0.0,
        "Total Revenue": NaN,
        "Gross Profit": NaN,
        "Operating Income": NaN,
        "EBIT": NaN,
        "Net Income": NaN
    },
    "2023-09-30": {
        "Tax Effect Of Unusual Items": -489991.0,
        "Tax Rate For Calcs": 0.323,
        "Normalized EBITDA": 59083000.0,
        "Total Unusual Items": -1517000.0,
        "Total Unusual Items Excluding Goodwill": -1517000.0,
        "Net Income From Continuing Operation Net Minority Interest": 16574000.0,
        "Reconciled Depreciation": 21290000.0,
        "Reconciled Cost Of Revenue": 101497000.0,
        "EBITDA": 57566000.0,
        "EBIT": 36276000.0,
        "Net Interest Income": -11811000.0,
        "Interest Expense": 11811000.0,
        "Normalized Income": 17601009.0,
        "Net Income From Continuing And Discontinued Operation": 16574000.0,
        "Total Expenses": 139880000.0,
        "Total Operating Income As Reported": 31929000.0,
        "Diluted Average Shares": 117374347.0,
        "Basic Average Shares": 116446085.0,
        "Diluted EPS": 0.14,
        "Basic EPS": 0.14,
        "Diluted NI Availto Com Stockholders": 16574000.0,
        "Net Income Common Stockholders": 16574000.0,
        "Net Income": 16574000.0,
        "Net Income Including Noncontrolling Interests": 16574000.0,
        "Net Income Continuous Operations": 16574000.0,
        "Tax Provision": 7891000.0,
        "Pretax Income": 24465000.0,
        "Other Income Expense": 2830000.0,
        "Other Non Operating Income Expenses": -361000.0,
        "Special Income Charges": -1517000.0,
        "Gain On Sale Of Ppe": -1020000.0,
        "Other Special Charges": NaN,
        "Restructuring And Mergern Acquisition": 497000.0,
        "Earnings From Equity Interest": 4708000.0,
        "Net Non Operating Interest Income Expense": -11811000.0,
        "Interest Expense Non Operating": 11811000.0,
        "Operating Income": 33446000.0,
        "Operating Expense": 19738000.0,
        "Other Operating Expenses": 148000.0,
        "Depreciation Amortization Depletion Income Statement": 2645000.0,
        "Depreciation And Amortization In Income Statement": 2645000.0,
        "Amortization": 2645000.0,
        "Amortization Of Intangibles Income Statement": 2645000.0,
        "Selling General And Administration": 16945000.0,
        "Gross Profit": 53184000.0,
        "Cost Of Revenue": 120142000.0,
        "Total Revenue": 173326000.0,
        "Operating Revenue": 173326000.0
    },
    "2023-12-31": {
        "Tax Effect Of Unusual Items": -245910.0,
        "Tax Rate For Calcs": 0.21,
        "Normalized EBITDA": 60320000.0,
        "Total Unusual Items": -1171000.0,
        "Total Unusual Items Excluding Goodwill": -1171000.0,
        "Net Income From Continuing Operation Net Minority Interest": 29929000.0,
        "Reconciled Depreciation": 22142000.0,
        "Reconciled Cost Of Revenue": 105990000.0,
        "EBITDA": 59149000.0,
        "EBIT": 37007000.0,
        "Net Interest Income": -13918000.0,
        "Interest Expense": 13918000.0,
        "Normalized Income": 30854090.0,
        "Net Income From Continuing And Discontinued Operation": 29929000.0,
        "Total Expenses": 148887000.0,
        "Total Operating Income As Reported": 22750000.0,
        "Diluted Average Shares": 117190747.0,
        "Basic Average Shares": 116116895.0,
        "Diluted EPS": 0.26,
        "Basic EPS": 0.26,
        "Diluted NI Availto Com Stockholders": 29929000.0,
        "Net Income Common Stockholders": 29929000.0,
        "Net Income": 29929000.0,
        "Net Income Including Noncontrolling Interests": 29929000.0,
        "Net Income Continuous Operations": 29929000.0,
        "Tax Provision": -6840000.0,
        "Pretax Income": 23089000.0,
        "Other Income Expense": 13086000.0,
        "Other Non Operating Income Expenses": -62000.0,
        "Special Income Charges": -1171000.0,
        "Gain On Sale Of Ppe": -811000.0,
        "Other Special Charges": NaN,
        "Restructuring And Mergern Acquisition": 360000.0,
        "Earnings From Equity Interest": 14319000.0,
        "Net Non Operating Interest Income Expense": -13918000.0,
        "Interest Expense Non Operating": 13918000.0,
        "Operating Income": 23921000.0,
        "Operating Expense": 23396000.0,
        "Other Operating Expenses": 1000000.0,
        "Depreciation Amortization Depletion Income Statement": 2641000.0,
        "Depreciation And Amortization In Income Statement": 2641000.0,
        "Amortization": 2641000.0,
        "Amortization Of Intangibles Income Statement": 2641000.0,
        "Selling General And Administration": 19755000.0,
        "Gross Profit": 47317000.0,
        "Cost Of Revenue": 125491000.0,
        "Total Revenue": 172808000.0,
        "Operating Revenue": 172808000.0
    },
    "2024-03-31": {
        "Tax Effect Of Unusual Items": -195720.0,
        "Tax Rate For Calcs": 0.21,
        "Normalized EBITDA": 38674000.0,
        "Total Unusual Items": -932000.0,
        "Total Unusual Items Excluding Goodwill": -932000.0,
        "Net Income From Continuing Operation Net Minority Interest": 1221000.0,
        "Reconciled Depreciation": 21933000.0,
        "Reconciled Cost Of Revenue": 102026000.0,
        "EBITDA": 37742000.0,
        "EBIT": 15809000.0,
        "Net Interest Income": -13409000.0,
        "Interest Expense": 13409000.0,
        "Normalized Income": 1957280.0,
        "Net Income From Continuing And Discontinued Operation": 1221000.0,
        "Total Expenses": 145652000.0,
        "Total Operating Income As Reported": 13953000.0,
        "Diluted Average Shares": 117451149.0,
        "Basic Average Shares": 116955043.0,
        "Diluted EPS": 0.01,
        "Basic EPS": 0.01,
        "Diluted NI Availto Com Stockholders": 1221000.0,
        "Net Income Common Stockholders": 1221000.0,
        "Net Income": 1221000.0,
        "Net Income Including Noncontrolling Interests": 1221000.0,
        "Net Income Continuous Operations": 1221000.0,
        "Tax Provision": 1179000.0,
        "Pretax Income": 2400000.0,
        "Other Income Expense": 924000.0,
        "Other Non Operating Income Expenses": -216000.0,
        "Special Income Charges": -932000.0,
        "Gain On Sale Of Ppe": -648000.0,
        "Other Special Charges": NaN,
        "Restructuring And Mergern Acquisition": 284000.0,
        "Earnings From Equity Interest": 2072000.0,
        "Net Non Operating Interest Income Expense": -13409000.0,
        "Interest Expense Non Operating": 13409000.0,
        "Operating Income": 14885000.0,
        "Operating Expense": 24338000.0,
        "Other Operating Expenses": 89000.0,
        "Depreciation Amortization Depletion Income Statement": 2645000.0,
        "Depreciation And Amortization In Income Statement": 2645000.0,
        "Amortization": 2645000.0,
        "Amortization Of Intangibles Income Statement": 2645000.0,
        "Selling General And Administration": 21604000.0,
        "Gross Profit": 39223000.0,
        "Cost Of Revenue": 121314000.0,
        "Total Revenue": 160537000.0,
        "Operating Revenue": 160537000.0
    },
    "2024-06-30": {
        "Tax Effect Of Unusual Items": NaN,
        "Tax Rate For Calcs": NaN,
        "Normalized EBITDA": NaN,
        "Total Unusual Items": NaN,
        "Total Unusual Items Excluding Goodwill": NaN,
        "Net Income From Continuing Operation Net Minority Interest": NaN,
        "Reconciled Depreciation": NaN,
        "Reconciled Cost Of Revenue": NaN,
        "EBITDA": NaN,
        "EBIT": NaN,
        "Net Interest Income": NaN,
        "Interest Expense": NaN,
        "Normalized Income": NaN,
        "Net Income From Continuing And Discontinued Operation": NaN,
        "Total Expenses": NaN,
        "Total Operating Income As Reported": NaN,
        "Diluted Average Shares": NaN,
        "Basic Average Shares": NaN,
        "Diluted EPS": NaN,
        "Basic EPS": NaN,
        "Diluted NI Availto Com Stockholders": NaN,
        "Net Income Common Stockholders": NaN,
        "Net Income": NaN,
        "Net Income Including Noncontrolling Interests": NaN,
        "Net Income Discontinuous Operations": NaN,
        "Net Income Continuous Operations": NaN,
        "Tax Provision": NaN,
        "Pretax Income": NaN,
        "Other Income Expense": NaN,
        "Other Non Operating Income Expenses": NaN,
        "Special Income Charges": NaN,
        "Gain On Sale Of Ppe": NaN,
        "Other Special Charges": 4560000.0,
        "Restructuring And Mergern Acquisition": NaN,
        "Earnings From Equity Interest": 1392000.0,
        "Net Non Operating Interest Income Expense": NaN,
        "Interest Expense Non Operating": NaN,
        "Operating Income": NaN,
        "Operating Expense": NaN,
        "Other Operating Expenses": NaN,
        "Depreciation Amortization Depletion Income Statement": NaN,
        "Depreciation And Amortization In Income Statement": NaN,
        "Amortization": NaN,
        "Amortization Of Intangibles Income Statement": NaN,
        "Selling General And Administration": NaN,
        "Gross Profit": NaN,
        "Cost Of Revenue": NaN,
        "Total Revenue": NaN,
        "Operating Revenue": NaN
    },
    "2024-09-30": {
        "Tax Effect Of Unusual Items": -180720.0,
        "Tax Rate For Calcs": 0.24,
        "Normalized EBITDA": 54033000.0,
        "Total Unusual Items": -753000.0,
        "Total Unusual Items Excluding Goodwill": -753000.0,
        "Net Income From Continuing Operation Net Minority Interest": 14251000.0,
        "Reconciled Depreciation": 23227000.0,
        "Reconciled Cost Of Revenue": 103895000.0,
        "EBITDA": 53280000.0,
        "EBIT": 30053000.0,
        "Net Interest Income": -11305000.0,
        "Interest Expense": 11305000.0,
        "Normalized Income": 14823280.0,
        "Net Income From Continuing And Discontinued Operation": 14251000.0,
        "Total Expenses": 146881000.0,
        "Total Operating Income As Reported": 31541000.0,
        "Diluted Average Shares": 117187054.0,
        "Basic Average Shares": 116490634.0,
        "Diluted EPS": 0.12,
        "Basic EPS": 0.12,
        "Diluted NI Availto Com Stockholders": 14251000.0,
        "Net Income Common Stockholders": 14251000.0,
        "Net Income": 14251000.0,
        "Net Income Including Noncontrolling Interests": 14251000.0,
        "Net Income Discontinuous Operations": NaN,
        "Net Income Continuous Operations": 14251000.0,
        "Tax Provision": 4497000.0,
        "Pretax Income": 18748000.0,
        "Other Income Expense": -2241000.0,
        "Other Non Operating Income Expenses": -566000.0,
        "Special Income Charges": -753000.0,
        "Gain On Sale Of Ppe": -218000.0,
        "Other Special Charges": NaN,
        "Restructuring And Mergern Acquisition": 535000.0,
        "Earnings From Equity Interest": -922000.0,
        "Net Non Operating Interest Income Expense": -11305000.0,
        "Interest Expense Non Operating": 11305000.0,
        "Operating Income": 32294000.0,
        "Operating Expense": 22409000.0,
        "Other Operating Expenses": -191000.0,
        "Depreciation Amortization Depletion Income Statement": 2650000.0,
        "Depreciation And Amortization In Income Statement": 2650000.0,
        "Amortization": 2650000.0,
        "Amortization Of Intangibles Income Statement": 2650000.0,
        "Selling General And Administration": 19950000.0,
        "Gross Profit": 54703000.0,
        "Cost Of Revenue": 124472000.0,
        "Total Revenue": 179175000.0,
        "Operating Revenue": 179175000.0
    },
    "2024-12-31": {
        "Tax Effect Of Unusual Items": -13415746.011453,
        "Tax Rate For Calcs": 0.189799,
        "Normalized EBITDA": 67534000.0,
        "Total Unusual Items": -70684000.0,
        "Total Unusual Items Excluding Goodwill": -70684000.0,
        "Net Income From Continuing Operation Net Minority Interest": -30419000.0,
        "Reconciled Depreciation": 22578000.0,
        "Reconciled Cost Of Revenue": 108096000.0,
        "EBITDA": -3150000.0,
        "EBIT": -25728000.0,
        "Net Interest Income": -11817000.0,
        "Interest Expense": 11817000.0,
        "Normalized Income": 26849253.988547,
        "Net Income From Continuing And Discontinued Operation": -30419000.0,
        "Total Expenses": 151525000.0,
        "Total Operating Income As Reported": 24752000.0,
        "Diluted Average Shares": 116518933.0,
        "Basic Average Shares": 116518933.0,
        "Diluted EPS": -0.26,
        "Basic EPS": -0.26,
        "Diluted NI Availto Com Stockholders": -30419000.0,
        "Net Income Common Stockholders": -30419000.0,
        "Net Income": -30419000.0,
        "Net Income Including Noncontrolling Interests": -30419000.0,
        "Net Income Discontinuous Operations": NaN,
        "Net Income Continuous Operations": -30419000.0,
        "Tax Provision": -7126000.0,
        "Pretax Income": -37545000.0,
        "Other Income Expense": -56164000.0,
        "Other Non Operating Income Expenses": 1951000.0,
        "Special Income Charges": -70684000.0,
        "Gain On Sale Of Ppe": -1519000.0,
        "Other Special Charges": 0.0,
        "Restructuring And Mergern Acquisition": 265000.0,
        "Earnings From Equity Interest": 12569000.0,
        "Net Non Operating Interest Income Expense": -11817000.0,
        "Interest Expense Non Operating": 11817000.0,
        "Operating Income": 30436000.0,
        "Operating Expense": 23497000.0,
        "Other Operating Expenses": 1235000.0,
        "Depreciation Amortization Depletion Income Statement": 2646000.0,
        "Depreciation And Amortization In Income Statement": 2646000.0,
        "Amortization": 2646000.0,
        "Amortization Of Intangibles Income Statement": 2646000.0,
        "Selling General And Administration": 19616000.0,
        "Gross Profit": 53933000.0,
        "Cost Of Revenue": 128028000.0,
        "Total Revenue": 181961000.0,
        "Operating Revenue": 181961000.0
    },
    "2025-03-31": {
        "Tax Effect Of Unusual Items": -416290.0,
        "Tax Rate For Calcs": 0.133,
        "Normalized EBITDA": 33115000.0,
        "Total Unusual Items": -3130000.0,
        "Total Unusual Items Excluding Goodwill": -3130000.0,
        "Net Income From Continuing Operation Net Minority Interest": -3597000.0,
        "Reconciled Depreciation": 23124000.0,
        "Reconciled Cost Of Revenue": 116102000.0,
        "EBITDA": 29985000.0,
        "EBIT": 6861000.0,
        "Net Interest Income": -11010000.0,
        "Interest Expense": 11010000.0,
        "Normalized Income": -883290.0,
        "Net Income From Continuing And Discontinued Operation": -3597000.0,
        "Total Expenses": 160939000.0,
        "Total Operating Income As Reported": -912000.0,
        "Diluted Average Shares": 117264124.0,
        "Basic Average Shares": 117264124.0,
        "Diluted EPS": -0.03,
        "Basic EPS": -0.03,
        "Diluted NI Availto Com Stockholders": -3597000.0,
        "Net Income Common Stockholders": -3597000.0,
        "Net Income": -3597000.0,
        "Net Income Including Noncontrolling Interests": -3597000.0,
        "Net Income Discontinuous Operations": NaN,
        "Net Income Continuous Operations": -3597000.0,
        "Tax Provision": -552000.0,
        "Pretax Income": -4149000.0,
        "Other Income Expense": 5603000.0,
        "Other Non Operating Income Expenses": -183000.0,
        "Special Income Charges": -3130000.0,
        "Gain On Sale Of Ppe": -167000.0,
        "Other Special Charges": 960000.0,
        "Restructuring And Mergern Acquisition": 2003000.0,
        "Earnings From Equity Interest": 8916000.0,
        "Net Non Operating Interest Income Expense": -11010000.0,
        "Interest Expense Non Operating": 11010000.0,
        "Operating Income": 1258000.0,
        "Operating Expense": 24357000.0,
        "Other Operating Expenses": 368000.0,
        "Depreciation Amortization Depletion Income Statement": 2644000.0,
        "Depreciation And Amortization In Income Statement": 2644000.0,
        "Amortization": 2644000.0,
        "Amortization Of Intangibles Income Statement": 2644000.0,
        "Selling General And Administration": 21345000.0,
        "Gross Profit": 25615000.0,
        "Cost Of Revenue": 136582000.0,
        "Total Revenue": 162197000.0,
        "Operating Revenue": 162197000.0
    },
    "2025-06-30": {
        "Tax Effect Of Unusual Items": -1008896.0,
        "Tax Rate For Calcs": 0.256,
        "Normalized EBITDA": 47050000.0,
        "Total Unusual Items": -3941000.0,
        "Total Unusual Items Excluding Goodwill": -3941000.0,
        "Net Income From Continuing Operation Net Minority Interest": 5986000.0,
        "Reconciled Depreciation": 23942000.0,
        "Reconciled Cost Of Revenue": 129119000.0,
        "EBITDA": 43109000.0,
        "EBIT": 19167000.0,
        "Net Interest Income": -11117000.0,
        "Interest Expense": 11117000.0,
        "Normalized Income": 8918104.0,
        "Net Income From Continuing And Discontinued Operation": 5986000.0,
        "Total Expenses": 178378000.0,
        "Total Operating Income As Reported": 17809000.0,
        "Diluted Average Shares": 116535060.0,
        "Basic Average Shares": 116232528.0,
        "Diluted EPS": 0.05,
        "Basic EPS": 0.05,
        "Diluted NI Availto Com Stockholders": 5986000.0,
        "Net Income Common Stockholders": 5986000.0,
        "Net Income": 5986000.0,
        "Net Income Including Noncontrolling Interests": 5986000.0,
        "Net Income Discontinuous Operations": NaN,
        "Net Income Continuous Operations": 5986000.0,
        "Tax Provision": 2064000.0,
        "Pretax Income": 8050000.0,
        "Other Income Expense": -2583000.0,
        "Other Non Operating Income Expenses": -570000.0,
        "Special Income Charges": -3941000.0,
        "Gain On Sale Of Ppe": -250000.0,
        "Other Special Charges": NaN,
        "Restructuring And Mergern Acquisition": 3691000.0,
        "Earnings From Equity Interest": 1928000.0,
        "Net Non Operating Interest Income Expense": -11117000.0,
        "Interest Expense Non Operating": 11117000.0,
        "Operating Income": 21750000.0,
        "Operating Expense": 27972000.0,
        "Other Operating Expenses": 2656000.0,
        "Depreciation Amortization Depletion Income Statement": 2655000.0,
        "Depreciation And Amortization In Income Statement": 2655000.0,
        "Amortization": 2655000.0,
        "Amortization Of Intangibles Income Statement": 2655000.0,
        "Selling General And Administration": 22661000.0,
        "Gross Profit": 49722000.0,
        "Cost Of Revenue": 150406000.0,
        "Total Revenue": 200128000.0,
        "Operating Revenue": 200128000.0
    },
    "2025-09-30": {
        "Tax Effect Of Unusual Items": -1249080.0,
        "Tax Rate For Calcs": 0.21,
        "Normalized EBITDA": 45833000.0,
        "Total Unusual Items": -5948000.0,
        "Total Unusual Items Excluding Goodwill": -5948000.0,
        "Net Income From Continuing Operation Net Minority Interest": 372000.0,
        "Reconciled Depreciation": 10950000.0,
        "Reconciled Cost Of Revenue": 144012000.0,
        "EBITDA": 39885000.0,
        "EBIT": 28935000.0,
        "Net Interest Income": -8368000.0,
        "Interest Expense": 8368000.0,
        "Normalized Income": 5070920.0,
        "Net Income From Continuing And Discontinued Operation": -79255000.0,
        "Total Expenses": 170684000.0,
        "Total Operating Income As Reported": 28275000.0,
        "Diluted Average Shares": 114869273.0,
        "Basic Average Shares": 113901834.0,
        "Diluted EPS": -0.7,
        "Basic EPS": -0.7,
        "Diluted NI Availto Com Stockholders": -79255000.0,
        "Net Income Common Stockholders": -79255000.0,
        "Net Income": -79255000.0,
        "Net Income Including Noncontrolling Interests": -79255000.0,
        "Net Income Discontinuous Operations": -79627000.0,
        "Net Income Continuous Operations": 372000.0,
        "Tax Provision": 20195000.0,
        "Pretax Income": 20567000.0,
        "Other Income Expense": -5288000.0,
        "Other Non Operating Income Expenses": 660000.0,
        "Special Income Charges": -5948000.0,
        "Gain On Sale Of Ppe": -3630000.0,
        "Other Special Charges": NaN,
        "Restructuring And Mergern Acquisition": 2318000.0,
        "Earnings From Equity Interest": NaN,
        "Net Non Operating Interest Income Expense": -8368000.0,
        "Interest Expense Non Operating": 8368000.0,
        "Operating Income": 34223000.0,
        "Operating Expense": 17852000.0,
        "Other Operating Expenses": 64000.0,
        "Depreciation Amortization Depletion Income Statement": 2130000.0,
        "Depreciation And Amortization In Income Statement": 2130000.0,
        "Amortization": 2130000.0,
        "Amortization Of Intangibles Income Statement": 2130000.0,
        "Selling General And Administration": 15658000.0,
        "Gross Profit": 52075000.0,
        "Cost Of Revenue": 152832000.0,
        "Total Revenue": 204907000.0,
        "Operating Revenue": 204907000.0
    }
}