{
    "2023-05-31": {
        "Tax Effect Of Unusual Items": NaN,
        "Tax Rate For Calcs": NaN,
        "Normalized EBITDA": NaN,
        "Total Unusual Items": NaN,
        "Total Unusual Items Excluding Goodwill": NaN,
        "Net Income From Continuing Operation Net Minority Interest": NaN,
        "Reconciled Cost Of Revenue": NaN,
        "EBITDA": NaN,
        "EBIT": NaN,
        "Normalized Income": NaN,
        "Net Income From Continuing And Discontinued Operation": NaN,
        "Total Expenses": NaN,
        "Total Operating Income As Reported": NaN,
        "Diluted Average Shares": 144795000.0,
        "Basic Average Shares": 144795000.0,
        "Diluted EPS": 0.2,
        "Basic EPS": 0.2,
        "Diluted NI Availto Com Stockholders": NaN,
        "Net Income Common Stockholders": NaN,
        "Net Income": NaN,
        "Minority Interests": NaN,
        "Net Income Including Noncontrolling Interests": NaN,
        "Net Income Continuous Operations": NaN,
        "Earnings From Equity Interest Net Of Tax": NaN,
        "Tax Provision": NaN,
        "Pretax Income": NaN,
        "Other Income Expense": NaN,
        "Other Non Operating Income Expenses": NaN,
        "Gain On Sale Of Security": NaN,
        "Operating Income": NaN,
        "Operating Expense": NaN,
        "Selling General And Administration": NaN,
        "Selling And Marketing Expense": NaN,
        "General And Administrative Expense": NaN,
        "Other Gand A": NaN,
        "Gross Profit": NaN,
        "Cost Of Revenue": NaN,
        "Total Revenue": NaN,
        "Operating Revenue": NaN
    },
    "2023-02-28": {
        "Tax Effect Of Unusual Items": NaN,
        "Tax Rate For Calcs": NaN,
        "Normalized EBITDA": NaN,
        "Total Unusual Items": NaN,
        "Total Unusual Items Excluding Goodwill": NaN,
        "Net Income From Continuing Operation Net Minority Interest": NaN,
        "Reconciled Cost Of Revenue": NaN,
        "EBITDA": NaN,
        "EBIT": NaN,
        "Normalized Income": NaN,
        "Net Income From Continuing And Discontinued Operation": NaN,
        "Total Expenses": NaN,
        "Total Operating Income As Reported": NaN,
        "Diluted Average Shares": 168141423.0,
        "Basic Average Shares": 166988709.0,
        "Diluted EPS": 0.5,
        "Basic EPS": 0.5,
        "Diluted NI Availto Com Stockholders": NaN,
        "Net Income Common Stockholders": NaN,
        "Net Income": NaN,
        "Minority Interests": NaN,
        "Net Income Including Noncontrolling Interests": NaN,
        "Net Income Continuous Operations": NaN,
        "Earnings From Equity Interest Net Of Tax": NaN,
        "Tax Provision": NaN,
        "Pretax Income": NaN,
        "Other Income Expense": NaN,
        "Other Non Operating Income Expenses": NaN,
        "Gain On Sale Of Security": NaN,
        "Operating Income": NaN,
        "Operating Expense": NaN,
        "Selling General And Administration": NaN,
        "Selling And Marketing Expense": NaN,
        "General And Administrative Expense": NaN,
        "Other Gand A": NaN,
        "Gross Profit": NaN,
        "Cost Of Revenue": NaN,
        "Total Revenue": NaN,
        "Operating Revenue": NaN
    },
    "2022-11-30": {
        "Tax Effect Of Unusual Items": 44321.536738,
        "Tax Rate For Calcs": 0.163548,
        "Normalized EBITDA": -2759000.0,
        "Total Unusual Items": 271000.0,
        "Total Unusual Items Excluding Goodwill": 271000.0,
        "Net Income From Continuing Operation Net Minority Interest": 732000.0,
        "Reconciled Cost Of Revenue": 336196000.0,
        "EBITDA": -2488000.0,
        "EBIT": -2488000.0,
        "Normalized Income": 505321.536738,
        "Net Income From Continuing And Discontinued Operation": 732000.0,
        "Total Expenses": 640702000.0,
        "Total Operating Income As Reported": -2488000.0,
        "Diluted Average Shares": 168999446.0,
        "Basic Average Shares": 168921825.0,
        "Diluted EPS": 0.004331,
        "Basic EPS": 0.004333,
        "Diluted NI Availto Com Stockholders": 732000.0,
        "Net Income Common Stockholders": 732000.0,
        "Net Income": 732000.0,
        "Minority Interests": -15854000.0,
        "Net Income Including Noncontrolling Interests": 16586000.0,
        "Net Income Continuous Operations": 16586000.0,
        "Earnings From Equity Interest Net Of Tax": -3575000.0,
        "Tax Provision": 3942000.0,
        "Pretax Income": 24103000.0,
        "Other Income Expense": 26591000.0,
        "Other Non Operating Income Expenses": 26320000.0,
        "Gain On Sale Of Security": 271000.0,
        "Operating Income": -2488000.0,
        "Operating Expense": 304506000.0,
        "Selling General And Administration": 304506000.0,
        "Selling And Marketing Expense": 95525000.0,
        "General And Administrative Expense": 208981000.0,
        "Other Gand A": 208981000.0,
        "Gross Profit": 302018000.0,
        "Cost Of Revenue": 336196000.0,
        "Total Revenue": 638214000.0,
        "Operating Revenue": 638214000.0
    },
    "2022-08-31": {
        "Tax Effect Of Unusual Items": -67747.939654,
        "Tax Rate For Calcs": 0.213044,
        "Normalized EBITDA": 78307000.0,
        "Total Unusual Items": -318000.0,
        "Total Unusual Items Excluding Goodwill": -318000.0,
        "Net Income From Continuing Operation Net Minority Interest": 66002000.0,
        "Reconciled Cost Of Revenue": 312067000.0,
        "EBITDA": 77989000.0,
        "EBIT": 77989000.0,
        "Normalized Income": 66252252.060346,
        "Net Income From Continuing And Discontinued Operation": 66002000.0,
        "Total Expenses": 666833000.0,
        "Total Operating Income As Reported": 77989000.0,
        "Diluted Average Shares": 170233488.0,
        "Basic Average Shares": 170082983.0,
        "Diluted EPS": 0.4,
        "Basic EPS": 0.4,
        "Diluted NI Availto Com Stockholders": 66002000.0,
        "Net Income Common Stockholders": 66002000.0,
        "Net Income": 66002000.0,
        "Minority Interests": -18579000.0,
        "Net Income Including Noncontrolling Interests": 84581000.0,
        "Net Income Continuous Operations": 84581000.0,
        "Earnings From Equity Interest Net Of Tax": -1645000.0,
        "Tax Provision": 23343000.0,
        "Pretax Income": 109569000.0,
        "Other Income Expense": 31580000.0,
        "Other Non Operating Income Expenses": 31898000.0,
        "Gain On Sale Of Security": -318000.0,
        "Operating Income": 77989000.0,
        "Operating Expense": 354766000.0,
        "Selling General And Administration": 354766000.0,
        "Selling And Marketing Expense": 98744000.0,
        "General And Administrative Expense": 256022000.0,
        "Other Gand A": 256022000.0,
        "Gross Profit": 432755000.0,
        "Cost Of Revenue": 312067000.0,
        "Total Revenue": 744822000.0,
        "Operating Revenue": 744822000.0
    },
    "2022-05-31": {
        "Tax Effect Of Unusual Items": -672800.0,
        "Tax Rate For Calcs": 0.4,
        "Normalized EBITDA": -103967000.0,
        "Total Unusual Items": -1682000.0,
        "Total Unusual Items Excluding Goodwill": -1682000.0,
        "Net Income From Continuing Operation Net Minority Interest": -189302000.0,
        "Reconciled Cost Of Revenue": 247827000.0,
        "EBIT": -105649000.0,
        "Normalized Income": -188292800.0,
        "Net Income From Continuing And Discontinued Operation": -189302000.0,
        "Total Expenses": 629672000.0,
        "Total Operating Income As Reported": -105649000.0,
        "Diluted Average Shares": 169697219.0,
        "Basic Average Shares": 169697219.0,
        "Diluted EPS": -1.1,
        "Basic EPS": -1.1,
        "Diluted NI Availto Com Stockholders": -189302000.0,
        "Net Income Common Stockholders": -189302000.0,
        "Net Income": -189302000.0,
        "Minority Interests": -2635000.0,
        "Net Income Including Noncontrolling Interests": -186667000.0,
        "Net Income Continuous Operations": -186667000.0,
        "Earnings From Equity Interest Net Of Tax": -5322000.0,
        "Tax Provision": 5618000.0,
        "Pretax Income": -175727000.0,
        "Other Income Expense": -70078000.0,
        "Other Non Operating Income Expenses": -68396000.0,
        "Special Income Charges": 0.0,
        "Impairment Of Capital Assets": 0.0,
        "Gain On Sale Of Security": -1682000.0,
        "Operating Income": -105649000.0,
        "Operating Expense": 381845000.0,
        "Selling General And Administration": 381845000.0,
        "Selling And Marketing Expense": 95786000.0,
        "General And Administrative Expense": 286059000.0,
        "Other Gand A": 286059000.0,
        "Gross Profit": 276196000.0,
        "Cost Of Revenue": 247827000.0,
        "Total Revenue": 524023000.0,
        "Operating Revenue": 524023000.0
    },
    "2022-02-28": {
        "Diluted EPS": -0.72,
        "Total Revenue": 614,
        "Gross Profit": 241,
        "Operating Income": -141,
        "EBIT": -141,
        "Net Income": -122
    },
    "2021-11-30": {
        "Diluted EPS": 0.0,
        "Total Revenue": NaN,
        "Gross Profit": NaN,
        "Operating Income": NaN,
        "Net Income": NaN
    },
    "2021-08-31": {
        "Diluted EPS": 0.36,
        "Total Revenue": NaN,
        "Gross Profit": 667,
        "Operating Income": 32,
        "EBIT": 32,
        "Net Income": 61
    },
    "2021-05-31": {
        "Diluted EPS": -0.28,
        "Total Revenue": NaN,
        "Gross Profit": 633,
        "Operating Income": -71,
        "EBIT": -71,
        "Net Income": -45
    },
    "2021-02-28": {
        "Diluted EPS": 0.89,
        "Total Revenue": NaN,
        "Gross Profit": 651,
        "Operating Income": 101,
        "EBIT": 101,
        "Net Income": 151
    },
    "2020-11-30": {
        "Diluted EPS": 0.33,
        "Total Revenue": 888,
        "Gross Profit": 434,
        "Operating Income": -32,
        "EBIT": -32,
        "Net Income": 54
    },
    "2020-08-31": {
        "Diluted EPS": 1.09,
        "Total Revenue": 986,
        "Gross Profit": 522,
        "Operating Income": 150,
        "EBIT": 185,
        "Net Income": 175
    },
    "2020-05-31": {
        "Diluted EPS": 0.05,
        "Total Revenue": 798,
        "Gross Profit": 407,
        "Operating Income": 10,
        "EBIT": 10,
        "Net Income": 13
    },
    "2020-02-29": {
        "Diluted EPS": 0.9,
        "Total Revenue": 923,
        "Gross Profit": 525,
        "Operating Income": 117,
        "EBIT": 117,
        "Net Income": 138
    },
    "2019-11-30": {
        "Diluted EPS": 0.34,
        "Total Revenue": 785,
        "Gross Profit": 426,
        "Operating Income": 25,
        "EBIT": 25,
        "Net Income": 53
    },
    "2019-08-31": {
        "Diluted EPS": 1.31,
        "Total Revenue": NaN,
        "Gross Profit": 632,
        "Operating Income": 246,
        "EBIT": 292,
        "Net Income": 209
    },
    "2019-05-31": {
        "Diluted EPS": 0.28,
        "Total Revenue": 843,
        "Gross Profit": 472,
        "Operating Income": 77,
        "EBIT": 77,
        "Net Income": 43
    },
    "2019-02-28": {
        "Diluted EPS": 0.61,
        "Total Revenue": 797,
        "Gross Profit": 459,
        "Operating Income": 96,
        "EBIT": 96,
        "Net Income": 97
    },
    "2018-11-30": {
        "Diluted EPS": -0.16,
        "Total Revenue": 597,
        "Gross Profit": 297,
        "Operating Income": -29,
        "EBIT": -29,
        "Net Income": -26
    },
    "2018-08-31": {
        "Diluted EPS": 0.77,
        "Total Revenue": 860,
        "Gross Profit": 492,
        "Operating Income": 161,
        "EBIT": 161,
        "Net Income": 123
    },
    "2018-05-31": {
        "Diluted EPS": 0.41,
        "Total Revenue": 701,
        "Gross Profit": 402,
        "Operating Income": 57,
        "EBIT": 57,
        "Net Income": 65
    },
    "2018-02-28": {
        "Diluted EPS": 0.43,
        "Total Revenue": 618,
        "Gross Profit": 349,
        "Operating Income": 58,
        "EBIT": 58,
        "Net Income": 68
    },
    "2017-11-30": {
        "Diluted EPS": 0.03,
        "Total Revenue": 467,
        "Gross Profit": 240,
        "Operating Income": -13,
        "EBIT": -13,
        "Net Income": 4
    },
    "2017-08-31": {
        "Diluted EPS": 1.0,
        "Total Revenue": 661,
        "Gross Profit": 391,
        "Operating Income": 161,
        "EBIT": 161,
        "Net Income": 158
    },
    "2017-05-31": {
        "Diluted EPS": 0.35,
        "Total Revenue": 486,
        "Gross Profit": 287,
        "Operating Income": 52,
        "EBIT": 52,
        "Net Income": 55
    },
    "2017-02-28": {
        "Diluted EPS": 0.43,
        "Total Revenue": 438,
        "Gross Profit": 254,
        "Operating Income": 58,
        "EBIT": 58,
        "Net Income": 68
    },
    "2016-11-30": {
        "Diluted EPS": 0.07,
        "Total Revenue": 341,
        "Gross Profit": 178,
        "Operating Income": 0,
        "EBIT": 0,
        "Net Income": 10
    },
    "2016-08-31": {
        "Diluted EPS": 0.89,
        "Total Revenue": 534,
        "Gross Profit": 331,
        "Operating Income": 153,
        "EBIT": 153,
        "Net Income": 141
    },
    "2016-05-31": {
        "Diluted EPS": 0.26,
        "Total Revenue": 395,
        "Gross Profit": 231,
        "Operating Income": 37,
        "EBIT": 37,
        "Net Income": 42
    },
    "2016-02-29": {
        "Diluted EPS": 0.31,
        "Total Revenue": 347,
        "Gross Profit": 202,
        "Operating Income": 42,
        "EBIT": 42,
        "Net Income": 48
    },
    "2015-11-30": {
        "Diluted EPS": 0.04,
        "Total Revenue": 278,
        "Gross Profit": 144,
        "Operating Income": -10,
        "EBIT": -10,
        "Net Income": 6
    },
    "2015-08-31": {
        "Diluted EPS": 0.82,
        "Total Revenue": 458,
        "Gross Profit": 287,
        "Operating Income": 130,
        "EBIT": 130,
        "Net Income": 129
    },
    "2015-05-31": {
        "Diluted EPS": 0.23,
        "Total Revenue": 329,
        "Gross Profit": 192,
        "Operating Income": 24,
        "EBIT": 71,
        "Net Income": 35
    },
    "2015-02-28": {
        "Diluted EPS": 0.26,
        "Total Revenue": 288,
        "Gross Profit": 162,
        "Operating Income": 32,
        "EBIT": 32,
        "Net Income": 41
    },
    "2014-11-30": {
        "Diluted EPS": 0.02,
        "Total Revenue": 236,
        "Gross Profit": 122,
        "Operating Income": -13,
        "EBIT": -13,
        "Net Income": 2
    },
    "2014-08-31": {
        "Diluted EPS": 0.71,
        "Total Revenue": 394,
        "Gross Profit": 246,
        "Operating Income": 111,
        "EBIT": 111,
        "Net Income": 112
    },
    "2014-05-31": {
        "Diluted EPS": 0.27,
        "Total Revenue": 287,
        "Gross Profit": 174,
        "Operating Income": 31,
        "EBIT": 31,
        "Net Income": 43
    },
    "2014-02-28": {
        "Diluted EPS": 0.27,
        "Total Revenue": 254,
        "Gross Profit": 147,
        "Operating Income": 31,
        "EBIT": 31,
        "Net Income": 42
    },
    "2013-11-30": {
        "Diluted EPS": 0.03,
        "Total Revenue": 208,
        "Gross Profit": 111,
        "Operating Income": 1,
        "EBIT": 1,
        "Net Income": 4
    },
    "2013-08-31": {
        "Diluted EPS": 0.81,
        "Total Revenue": 389,
        "Gross Profit": 256,
        "Operating Income": 135,
        "EBIT": 135,
        "Net Income": 126
    },
    "2013-05-31": {
        "Diluted EPS": 0.18,
        "Total Revenue": 240,
        "Gross Profit": 146,
        "Operating Income": 24,
        "EBIT": 24,
        "Net Income": 28
    },
    "2013-02-28": {
        "Diluted EPS": 0.18,
        "Total Revenue": 218,
        "Gross Profit": 127,
        "Operating Income": 23,
        "EBIT": 23,
        "Net Income": 28
    },
    "2012-11-30": {
        "Diluted EPS": -0.1,
        "Total Revenue": 166,
        "Gross Profit": 85,
        "Operating Income": -27,
        "EBIT": -27,
        "Net Income": -16
    },
    "2012-08-31": {
        "Diluted EPS": 0.61,
        "Total Revenue": 336,
        "Gross Profit": 218,
        "Operating Income": 102,
        "EBIT": 102,
        "Net Income": 96
    },
    "2012-05-31": {
        "Diluted EPS": 0.1,
        "Total Revenue": 193,
        "Gross Profit": 115,
        "Operating Income": 9,
        "EBIT": 9,
        "Net Income": 16
    },
    "2012-02-29": {
        "Diluted EPS": 0.14,
        "Total Revenue": 174,
        "Gross Profit": 103,
        "Operating Income": 17,
        "EBIT": 17,
        "Net Income": 22
    },
    "2011-11-30": {
        "Diluted EPS": 0.02,
        "Total Revenue": 132,
        "Gross Profit": 71,
        "Operating Income": -4,
        "EBIT": -4,
        "Net Income": 3
    },
    "2011-08-31": {
        "Diluted EPS": 0.58,
        "Total Revenue": 272,
        "Gross Profit": 179,
        "Operating Income": 95,
        "EBIT": 95,
        "Net Income": 91
    },
    "2011-05-31": {
        "Diluted EPS": 0.09,
        "Total Revenue": 137,
        "Gross Profit": 81,
        "Operating Income": 12,
        "EBIT": 12,
        "Net Income": 14
    },
    "2011-02-28": {
        "Diluted EPS": 0.15,
        "Total Revenue": 133,
        "Gross Profit": 78,
        "Operating Income": 21,
        "EBIT": 21,
        "Net Income": 23
    },
    "2010-11-30": {
        "Diluted EPS": 0.01,
        "Total Revenue": 96,
        "Gross Profit": 51,
        "Operating Income": -2,
        "EBIT": -2,
        "Net Income": 2
    },
    "2010-08-31": {
        "Diluted EPS": 0.4,
        "Total Revenue": 192,
        "Gross Profit": 126,
        "Operating Income": 66,
        "EBIT": 66,
        "Net Income": 62
    },
    "2010-05-31": {
        "Diluted EPS": 0.04,
        "Total Revenue": 87,
        "Gross Profit": 50,
        "Operating Income": 4,
        "EBIT": 4,
        "Net Income": 6
    },
    "2010-02-28": {
        "Diluted EPS": 0.09,
        "Total Revenue": 89,
        "Gross Profit": 54,
        "Operating Income": 14,
        "EBIT": 14,
        "Net Income": 14
    },
    "2009-11-30": {
        "Diluted EPS": 0.01,
        "Total Revenue": 61,
        "Gross Profit": 33,
        "Operating Income": -1,
        "EBIT": -1,
        "Net Income": 1
    },
    "2009-08-31": {
        "Diluted EPS": 0.37,
        "Total Revenue": 149,
        "Gross Profit": 102,
        "Operating Income": 61,
        "EBIT": 61,
        "Net Income": 57
    },
    "2009-05-31": {
        "Diluted EPS": 0.02,
        "Total Revenue": 59,
        "Gross Profit": 34,
        "Operating Income": 2,
        "EBIT": 2,
        "Net Income": 3
    },
    "2009-02-28": {
        "Diluted EPS": 0.07,
        "Total Revenue": 65,
        "Gross Profit": 39,
        "Operating Income": 9,
        "EBIT": 9,
        "Net Income": 10
    },
    "2023-08-31": {
        "Tax Effect Of Unusual Items": NaN,
        "Tax Rate For Calcs": NaN,
        "Normalized EBITDA": NaN,
        "Total Unusual Items": NaN,
        "Total Unusual Items Excluding Goodwill": NaN,
        "Net Income From Continuing Operation Net Minority Interest": NaN,
        "Reconciled Cost Of Revenue": NaN,
        "EBITDA": NaN,
        "EBIT": NaN,
        "Normalized Income": NaN,
        "Net Income From Continuing And Discontinued Operation": NaN,
        "Total Expenses": NaN,
        "Total Operating Income As Reported": NaN,
        "Diluted Average Shares": 166531869.0,
        "Basic Average Shares": 165120388.0,
        "Diluted EPS": 1.0,
        "Basic EPS": 1.0,
        "Diluted NI Availto Com Stockholders": NaN,
        "Net Income Common Stockholders": NaN,
        "Net Income": NaN,
        "Minority Interests": NaN,
        "Net Income Including Noncontrolling Interests": NaN,
        "Net Income Continuous Operations": NaN,
        "Earnings From Equity Interest Net Of Tax": NaN,
        "Tax Provision": NaN,
        "Pretax Income": NaN,
        "Other Income Expense": NaN,
        "Other Non Operating Income Expenses": NaN,
        "Gain On Sale Of Security": NaN,
        "Operating Income": NaN,
        "Operating Expense": NaN,
        "Selling General And Administration": NaN,
        "Selling And Marketing Expense": NaN,
        "General And Administrative Expense": NaN,
        "Other Gand A": NaN,
        "Gross Profit": NaN,
        "Cost Of Revenue": NaN,
        "Total Revenue": NaN,
        "Operating Revenue": NaN
    },
    "2023-11-30": {
        "Tax Effect Of Unusual Items": -27623.272127,
        "Tax Rate For Calcs": 0.153463,
        "Normalized EBITDA": 21522000.0,
        "Total Unusual Items": -180000.0,
        "Total Unusual Items Excluding Goodwill": -180000.0,
        "Net Income From Continuing Operation Net Minority Interest": 30066000.0,
        "Reconciled Cost Of Revenue": 422558000.0,
        "EBITDA": 21342000.0,
        "EBIT": 21342000.0,
        "Normalized Income": 30218376.727873,
        "Net Income From Continuing And Discontinued Operation": 30066000.0,
        "Total Expenses": 848258000.0,
        "Total Operating Income As Reported": 21342000.0,
        "Diluted Average Shares": 166969205.0,
        "Basic Average Shares": 165506935.0,
        "Diluted EPS": 0.2,
        "Basic EPS": 0.2,
        "Diluted NI Availto Com Stockholders": 30066000.0,
        "Net Income Common Stockholders": 30066000.0,
        "Net Income": 30066000.0,
        "Minority Interests": -4666000.0,
        "Net Income Including Noncontrolling Interests": 34732000.0,
        "Net Income Continuous Operations": 34732000.0,
        "Earnings From Equity Interest Net Of Tax": -14506000.0,
        "Tax Provision": 8926000.0,
        "Pretax Income": 58164000.0,
        "Other Income Expense": 36822000.0,
        "Other Non Operating Income Expenses": 37002000.0,
        "Gain On Sale Of Security": -180000.0,
        "Operating Income": 21342000.0,
        "Operating Expense": 425700000.0,
        "Selling General And Administration": 425700000.0,
        "Selling And Marketing Expense": 154965000.0,
        "General And Administrative Expense": 270735000.0,
        "Other Gand A": 270735000.0,
        "Gross Profit": 447042000.0,
        "Cost Of Revenue": 422558000.0,
        "Total Revenue": 869600000.0,
        "Operating Revenue": 869600000.0
    },
    "2024-02-29": {
        "Tax Effect Of Unusual Items": 383302.242486,
        "Tax Rate For Calcs": 0.248092,
        "Normalized EBITDA": 111887000.0,
        "Total Unusual Items": 1545000.0,
        "Total Unusual Items Excluding Goodwill": 1545000.0,
        "Net Income From Continuing Operation Net Minority Interest": 87167000.0,
        "Reconciled Cost Of Revenue": 644786000.0,
        "EBITDA": 113432000.0,
        "EBIT": 113432000.0,
        "Normalized Income": 86005302.242486,
        "Net Income From Continuing And Discontinued Operation": 87167000.0,
        "Total Expenses": 1093854000.0,
        "Total Operating Income As Reported": 113432000.0,
        "Diluted Average Shares": NaN,
        "Basic Average Shares": NaN,
        "Diluted EPS": NaN,
        "Basic EPS": NaN,
        "Diluted NI Availto Com Stockholders": 87167000.0,
        "Net Income Common Stockholders": 87167000.0,
        "Net Income": 87167000.0,
        "Minority Interests": 1377000.0,
        "Net Income Including Noncontrolling Interests": 85790000.0,
        "Net Income Continuous Operations": 85790000.0,
        "Earnings From Equity Interest Net Of Tax": -13325000.0,
        "Tax Provision": 32703000.0,
        "Pretax Income": 131818000.0,
        "Other Income Expense": 18386000.0,
        "Other Non Operating Income Expenses": 16841000.0,
        "Gain On Sale Of Security": 1545000.0,
        "Operating Income": 113432000.0,
        "Operating Expense": 449068000.0,
        "Selling General And Administration": 449068000.0,
        "Selling And Marketing Expense": 161259000.0,
        "General And Administrative Expense": 287809000.0,
        "Other Gand A": 287809000.0,
        "Gross Profit": 562500000.0,
        "Cost Of Revenue": 644786000.0,
        "Total Revenue": 1207286000.0,
        "Operating Revenue": 1207286000.0
    },
    "2024-05-31": {
        "Tax Effect Of Unusual Items": -1891448.228475,
        "Tax Rate For Calcs": 0.097447,
        "Normalized EBITDA": 173651000.0,
        "Total Unusual Items": -19410000.0,
        "Total Unusual Items Excluding Goodwill": -19410000.0,
        "Net Income From Continuing Operation Net Minority Interest": 26972000.0,
        "Reconciled Cost Of Revenue": 542398000.0,
        "EBITDA": 154241000.0,
        "EBIT": 154241000.0,
        "Normalized Income": 44490551.771525,
        "Net Income From Continuing And Discontinued Operation": 26972000.0,
        "Total Expenses": 1126152000.0,
        "Total Operating Income As Reported": 10527000.0,
        "Diluted Average Shares": 167129276.0,
        "Basic Average Shares": 165316534.0,
        "Diluted EPS": 0.2,
        "Basic EPS": 0.2,
        "Diluted NI Availto Com Stockholders": 26972000.0,
        "Net Income Common Stockholders": 26972000.0,
        "Net Income": 26972000.0,
        "Minority Interests": -1650000.0,
        "Net Income Including Noncontrolling Interests": 28622000.0,
        "Net Income Continuous Operations": 28622000.0,
        "Earnings From Equity Interest Net Of Tax": -22606000.0,
        "Tax Provision": 5531000.0,
        "Pretax Income": 56759000.0,
        "Other Income Expense": -107059000.0,
        "Other Non Operating Income Expenses": -87649000.0,
        "Gain On Sale Of Security": 10597000.0,
        "Operating Income": 10527000.0,
        "Operating Expense": 583754000.0,
        "Selling General And Administration": 583754000.0,
        "Selling And Marketing Expense": 208241000.0,
        "General And Administrative Expense": 375513000.0,
        "Other Gand A": 375513000.0,
        "Gross Profit": 594281000.0,
        "Cost Of Revenue": 542398000.0,
        "Total Revenue": 1136679000.0,
        "Operating Revenue": 1136679000.0
    },
    "2024-08-31": {
        "Tax Effect Of Unusual Items": -2884158.111787,
        "Tax Rate For Calcs": 0.242102,
        "Normalized EBITDA": 305063000.0,
        "Total Unusual Items": -11913000.0,
        "Total Unusual Items Excluding Goodwill": -11913000.0,
        "Net Income From Continuing Operation Net Minority Interest": 245430000.0,
        "Reconciled Cost Of Revenue": 583521000.0,
        "EBITDA": 293150000.0,
        "EBIT": 293150000.0,
        "Normalized Income": 254458841.888213,
        "Net Income From Continuing And Discontinued Operation": 245430000.0,
        "Total Expenses": 1142266000.0,
        "Total Operating Income As Reported": 293150000.0,
        "Diluted Average Shares": 165903413.0,
        "Basic Average Shares": 164866679.0,
        "Diluted EPS": 1.5,
        "Basic EPS": 1.5,
        "Diluted NI Availto Com Stockholders": 245430000.0,
        "Net Income Common Stockholders": 245430000.0,
        "Net Income": 245430000.0,
        "Minority Interests": 2447000.0,
        "Net Income Including Noncontrolling Interests": 242983000.0,
        "Net Income Continuous Operations": 242983000.0,
        "Earnings From Equity Interest Net Of Tax": 210000.0,
        "Tax Provision": 77551000.0,
        "Pretax Income": 320324000.0,
        "Other Income Expense": 27174000.0,
        "Other Non Operating Income Expenses": 39087000.0,
        "Gain On Sale Of Security": -11913000.0,
        "Operating Income": 293150000.0,
        "Operating Expense": 558745000.0,
        "Selling General And Administration": 558745000.0,
        "Selling And Marketing Expense": 193692000.0,
        "General And Administrative Expense": 365053000.0,
        "Other Gand A": 365053000.0,
        "Gross Profit": 851895000.0,
        "Cost Of Revenue": 583521000.0,
        "Total Revenue": 1435416000.0,
        "Operating Revenue": 1435416000.0
    },
    "2024-11-30": {
        "Tax Effect Of Unusual Items": 694467.196028,
        "Tax Rate For Calcs": 0.277232,
        "Normalized EBITDA": 16750000.0,
        "Total Unusual Items": 2505000.0,
        "Total Unusual Items Excluding Goodwill": 2505000.0,
        "Net Income From Continuing Operation Net Minority Interest": 31931000.0,
        "Reconciled Cost Of Revenue": 498312000.0,
        "EBITDA": 19255000.0,
        "EBIT": 19255000.0,
        "Normalized Income": 30120467.196028,
        "Net Income From Continuing And Discontinued Operation": 31931000.0,
        "Total Expenses": 1019381000.0,
        "Total Operating Income As Reported": 19255000.0,
        "Diluted Average Shares": 163826051.0,
        "Basic Average Shares": 162931643.0,
        "Diluted EPS": 0.2,
        "Basic EPS": 0.2,
        "Diluted NI Availto Com Stockholders": 31931000.0,
        "Net Income Common Stockholders": 31931000.0,
        "Net Income": 31931000.0,
        "Minority Interests": 84000.0,
        "Net Income Including Noncontrolling Interests": 31847000.0,
        "Net Income Continuous Operations": 31847000.0,
        "Earnings From Equity Interest Net Of Tax": -6292000.0,
        "Tax Provision": 14629000.0,
        "Pretax Income": 52768000.0,
        "Other Income Expense": 33513000.0,
        "Other Non Operating Income Expenses": 31008000.0,
        "Gain On Sale Of Security": 2505000.0,
        "Operating Income": 19255000.0,
        "Operating Expense": 521069000.0,
        "Selling General And Administration": 521069000.0,
        "Selling And Marketing Expense": 196121000.0,
        "General And Administrative Expense": 324948000.0,
        "Other Gand A": 324948000.0,
        "Gross Profit": 540324000.0,
        "Cost Of Revenue": 498312000.0,
        "Total Revenue": 1038636000.0,
        "Operating Revenue": 1038636000.0
    },
    "2025-02-28": {
        "Tax Effect Of Unusual Items": -72663.641934,
        "Tax Rate For Calcs": 0.342753,
        "Normalized EBITDA": 124731000.0,
        "Total Unusual Items": -212000.0,
        "Total Unusual Items Excluding Goodwill": -212000.0,
        "Net Income From Continuing Operation Net Minority Interest": 87255000.0,
        "Reconciled Cost Of Revenue": 531586000.0,
        "EBITDA": 124519000.0,
        "EBIT": 124519000.0,
        "Normalized Income": 87394336.358066,
        "Net Income From Continuing And Discontinued Operation": 87255000.0,
        "Total Expenses": 1058536000.0,
        "Total Operating Income As Reported": 124519000.0,
        "Diluted Average Shares": 162484339.0,
        "Basic Average Shares": 161289466.0,
        "Diluted EPS": 0.5,
        "Basic EPS": 0.5,
        "Diluted NI Availto Com Stockholders": 87255000.0,
        "Net Income Common Stockholders": 87255000.0,
        "Net Income": 87255000.0,
        "Minority Interests": -2411000.0,
        "Net Income Including Noncontrolling Interests": 89666000.0,
        "Net Income Continuous Operations": 89666000.0,
        "Earnings From Equity Interest Net Of Tax": -11157000.0,
        "Tax Provision": 52579000.0,
        "Pretax Income": 153402000.0,
        "Other Income Expense": 28883000.0,
        "Other Non Operating Income Expenses": 29095000.0,
        "Gain On Sale Of Security": -212000.0,
        "Operating Income": 124519000.0,
        "Operating Expense": 526950000.0,
        "Selling General And Administration": 526950000.0,
        "Selling And Marketing Expense": 182240000.0,
        "General And Administrative Expense": 344710000.0,
        "Other Gand A": 344710000.0,
        "Gross Profit": 651469000.0,
        "Cost Of Revenue": 531586000.0,
        "Total Revenue": 1183055000.0,
        "Operating Revenue": 1183055000.0
    },
    "2025-05-31": {
        "Tax Effect Of Unusual Items": NaN,
        "Tax Rate For Calcs": NaN,
        "Normalized EBITDA": NaN,
        "Total Unusual Items": NaN,
        "Total Unusual Items Excluding Goodwill": NaN,
        "Net Income From Continuing Operation Net Minority Interest": NaN,
        "Reconciled Cost Of Revenue": NaN,
        "EBITDA": NaN,
        "EBIT": NaN,
        "Normalized Income": NaN,
        "Net Income From Continuing And Discontinued Operation": NaN,
        "Total Expenses": NaN,
        "Total Operating Income As Reported": NaN,
        "Diluted Average Shares": 160236631.0,
        "Basic Average Shares": 158798789.0,
        "Diluted EPS": 0.4,
        "Basic EPS": 0.4,
        "Diluted NI Availto Com Stockholders": NaN,
        "Net Income Common Stockholders": NaN,
        "Net Income": NaN,
        "Minority Interests": NaN,
        "Net Income Including Noncontrolling Interests": NaN,
        "Net Income Continuous Operations": NaN,
        "Earnings From Equity Interest Net Of Tax": NaN,
        "Tax Provision": NaN,
        "Pretax Income": NaN,
        "Other Income Expense": NaN,
        "Other Non Operating Income Expenses": NaN,
        "Gain On Sale Of Security": NaN,
        "Operating Income": NaN,
        "Operating Expense": NaN,
        "Selling General And Administration": NaN,
        "Selling And Marketing Expense": NaN,
        "General And Administrative Expense": NaN,
        "Other Gand A": NaN,
        "Gross Profit": NaN,
        "Cost Of Revenue": NaN,
        "Total Revenue": NaN,
        "Operating Revenue": NaN
    }
}