{
    "2023-05-31": {
        "Tax Effect Of Unusual Items": 0.0,
        "Tax Rate For Calcs": 0.273,
        "Normalized EBITDA": 216400.0,
        "Total Unusual Items": NaN,
        "Total Unusual Items Excluding Goodwill": NaN,
        "Net Income From Continuing Operation Net Minority Interest": -872800.0,
        "Reconciled Depreciation": 683600.0,
        "Reconciled Cost Of Revenue": 5150400.0,
        "EBITDA": 216400.0,
        "EBIT": -467200.0,
        "Net Interest Income": -733400.0,
        "Interest Expense": 733400.0,
        "Normalized Income": -872800.0,
        "Net Income From Continuing And Discontinued Operation": -872800.0,
        "Total Expenses": 15382600.0,
        "Diluted Average Shares": 8278049.0,
        "Basic Average Shares": 8278049.0,
        "Diluted EPS": -0.105435,
        "Basic EPS": -0.105435,
        "Diluted NI Availto Com Stockholders": -872800.0,
        "Net Income Common Stockholders": -872800.0,
        "Net Income": -872800.0,
        "Net Income Including Noncontrolling Interests": -872800.0,
        "Net Income Continuous Operations": -872800.0,
        "Tax Provision": -327800.0,
        "Pretax Income": -1200600.0,
        "Other Income Expense": 391400.0,
        "Other Non Operating Income Expenses": 391400.0,
        "Special Income Charges": NaN,
        "Gain On Sale Of Ppe": NaN,
        "Net Non Operating Interest Income Expense": -733400.0,
        "Interest Expense Non Operating": 733400.0,
        "Operating Income": -858600.0,
        "Operating Expense": 10232200.0,
        "Other Operating Expenses": 2397900.0,
        "Other Taxes": NaN,
        "Selling General And Administration": 7834300.0,
        "Selling And Marketing Expense": 4199800.0,
        "General And Administrative Expense": 3634500.0,
        "Other Gand A": 3634500.0,
        "Gross Profit": 9373600.0,
        "Cost Of Revenue": 5150400.0,
        "Total Revenue": 14524000.0,
        "Operating Revenue": 21595300.0
    },
    "2023-02-28": {
        "Tax Effect Of Unusual Items": NaN,
        "Tax Rate For Calcs": NaN,
        "Normalized EBITDA": NaN,
        "Total Unusual Items": NaN,
        "Total Unusual Items Excluding Goodwill": NaN,
        "Net Income From Continuing Operation Net Minority Interest": NaN,
        "Reconciled Depreciation": NaN,
        "Reconciled Cost Of Revenue": NaN,
        "EBITDA": NaN,
        "EBIT": NaN,
        "Net Interest Income": NaN,
        "Interest Expense": NaN,
        "Normalized Income": NaN,
        "Net Income From Continuing And Discontinued Operation": NaN,
        "Total Expenses": NaN,
        "Diluted Average Shares": 8404233.0,
        "Basic Average Shares": 8404233.0,
        "Diluted EPS": -0.228421,
        "Basic EPS": -0.228421,
        "Diluted NI Availto Com Stockholders": NaN,
        "Net Income Common Stockholders": NaN,
        "Net Income": NaN,
        "Net Income Including Noncontrolling Interests": NaN,
        "Net Income Continuous Operations": NaN,
        "Tax Provision": NaN,
        "Pretax Income": NaN,
        "Other Income Expense": NaN,
        "Other Non Operating Income Expenses": NaN,
        "Special Income Charges": NaN,
        "Gain On Sale Of Ppe": NaN,
        "Net Non Operating Interest Income Expense": NaN,
        "Interest Expense Non Operating": NaN,
        "Operating Income": NaN,
        "Operating Expense": NaN,
        "Other Operating Expenses": NaN,
        "Other Taxes": NaN,
        "Selling General And Administration": NaN,
        "Selling And Marketing Expense": NaN,
        "General And Administrative Expense": NaN,
        "Other Gand A": NaN,
        "Gross Profit": NaN,
        "Cost Of Revenue": NaN,
        "Total Revenue": NaN,
        "Operating Revenue": NaN
    },
    "2022-11-30": {
        "Tax Effect Of Unusual Items": NaN,
        "Tax Rate For Calcs": NaN,
        "Normalized EBITDA": NaN,
        "Total Unusual Items": 0.0,
        "Total Unusual Items Excluding Goodwill": 0.0,
        "Net Income From Continuing Operation Net Minority Interest": NaN,
        "Reconciled Depreciation": NaN,
        "Reconciled Cost Of Revenue": NaN,
        "EBITDA": NaN,
        "EBIT": NaN,
        "Net Interest Income": NaN,
        "Interest Expense": NaN,
        "Normalized Income": NaN,
        "Net Income From Continuing And Discontinued Operation": NaN,
        "Total Expenses": NaN,
        "Diluted Average Shares": NaN,
        "Basic Average Shares": NaN,
        "Diluted EPS": NaN,
        "Basic EPS": NaN,
        "Diluted NI Availto Com Stockholders": NaN,
        "Net Income Common Stockholders": NaN,
        "Net Income": NaN,
        "Net Income Including Noncontrolling Interests": NaN,
        "Net Income Continuous Operations": NaN,
        "Tax Provision": NaN,
        "Pretax Income": NaN,
        "Other Income Expense": NaN,
        "Other Non Operating Income Expenses": NaN,
        "Special Income Charges": 0.0,
        "Gain On Sale Of Ppe": 0.0,
        "Net Non Operating Interest Income Expense": NaN,
        "Interest Expense Non Operating": NaN,
        "Operating Income": NaN,
        "Operating Expense": NaN,
        "Other Operating Expenses": NaN,
        "Other Taxes": 0.0,
        "Selling General And Administration": NaN,
        "Selling And Marketing Expense": NaN,
        "General And Administrative Expense": NaN,
        "Other Gand A": NaN,
        "Gross Profit": NaN,
        "Cost Of Revenue": NaN,
        "Total Revenue": NaN,
        "Operating Revenue": NaN
    },
    "2022-08-31": {
        "Tax Effect Of Unusual Items": NaN,
        "Tax Rate For Calcs": NaN,
        "Normalized EBITDA": NaN,
        "Total Unusual Items": NaN,
        "Total Unusual Items Excluding Goodwill": NaN,
        "Net Income From Continuing Operation Net Minority Interest": NaN,
        "Reconciled Depreciation": NaN,
        "Reconciled Cost Of Revenue": NaN,
        "EBITDA": NaN,
        "EBIT": NaN,
        "Net Interest Income": NaN,
        "Interest Expense": NaN,
        "Normalized Income": NaN,
        "Net Income From Continuing And Discontinued Operation": NaN,
        "Total Expenses": NaN,
        "Diluted Average Shares": NaN,
        "Basic Average Shares": NaN,
        "Diluted EPS": NaN,
        "Basic EPS": NaN,
        "Diluted NI Availto Com Stockholders": NaN,
        "Net Income Common Stockholders": NaN,
        "Net Income": NaN,
        "Net Income Including Noncontrolling Interests": NaN,
        "Net Income Continuous Operations": NaN,
        "Tax Provision": NaN,
        "Pretax Income": NaN,
        "Other Income Expense": NaN,
        "Other Non Operating Income Expenses": NaN,
        "Special Income Charges": NaN,
        "Gain On Sale Of Ppe": NaN,
        "Net Non Operating Interest Income Expense": NaN,
        "Interest Expense Non Operating": NaN,
        "Operating Income": NaN,
        "Operating Expense": NaN,
        "Other Operating Expenses": NaN,
        "Other Taxes": 0.0,
        "Selling General And Administration": NaN,
        "Selling And Marketing Expense": NaN,
        "General And Administrative Expense": NaN,
        "Other Gand A": NaN,
        "Gross Profit": NaN,
        "Cost Of Revenue": NaN,
        "Total Revenue": NaN,
        "Operating Revenue": NaN
    },
    "2022-05-31": {
        "Tax Effect Of Unusual Items": 0.0,
        "Tax Rate For Calcs": 0.243603,
        "Normalized EBITDA": 1273000.0,
        "Net Income From Continuing Operation Net Minority Interest": 215800.0,
        "Reconciled Depreciation": 599600.0,
        "Reconciled Cost Of Revenue": 7851500.0,
        "EBIT": 673400.0,
        "Net Interest Income": -388100.0,
        "Interest Expense": 388100.0,
        "Normalized Income": 215800.0,
        "Net Income From Continuing And Discontinued Operation": 215800.0,
        "Total Expenses": 22878200.0,
        "Diluted Average Shares": 8473610.0,
        "Basic Average Shares": 8086427.0,
        "Diluted EPS": 0.03,
        "Basic EPS": 0.03,
        "Diluted NI Availto Com Stockholders": 215800.0,
        "Net Income Common Stockholders": 215800.0,
        "Net Income": 215800.0,
        "Net Income Including Noncontrolling Interests": 215800.0,
        "Net Income Continuous Operations": 215800.0,
        "Tax Provision": 69500.0,
        "Pretax Income": 285300.0,
        "Other Income Expense": 390700.0,
        "Other Non Operating Income Expenses": 390700.0,
        "Net Non Operating Interest Income Expense": -388100.0,
        "Interest Expense Non Operating": 388100.0,
        "Operating Income": 282700.0,
        "Operating Expense": 15026700.0,
        "Other Operating Expenses": 3770600.0,
        "Selling General And Administration": 11256100.0,
        "Selling And Marketing Expense": 6871800.0,
        "General And Administrative Expense": 4384300.0,
        "Other Gand A": 4384300.0,
        "Gross Profit": 15309400.0,
        "Cost Of Revenue": 7851500.0,
        "Total Revenue": 23160900.0,
        "Operating Revenue": 23160900.0
    },
    "2022-02-28": {
        "Diluted EPS": 0.03,
        "Total Revenue": 23,
        "Gross Profit": 15,
        "Operating Income": 0,
        "EBIT": 1,
        "Net Income": 0
    },
    "2021-11-30": {
        "Diluted EPS": 0.31,
        "Total Revenue": 45,
        "Gross Profit": 31,
        "Operating Income": 3,
        "EBIT": 4,
        "Net Income": 3
    },
    "2021-08-31": {
        "Diluted EPS": 0.23,
        "Total Revenue": 33,
        "Gross Profit": 22,
        "Operating Income": 2,
        "EBIT": 3,
        "Net Income": 2
    },
    "2021-05-31": {
        "Diluted EPS": 0.41,
        "Total Revenue": 41,
        "Gross Profit": 29,
        "Operating Income": 4,
        "EBIT": 5,
        "Net Income": 3
    },
    "2021-02-28": {
        "Diluted EPS": 0.25,
        "Total Revenue": 40,
        "Gross Profit": 29,
        "Operating Income": 3,
        "EBIT": 3,
        "Net Income": 2
    },
    "2020-11-30": {
        "Diluted EPS": 0.51,
        "Total Revenue": 67,
        "Gross Profit": 47,
        "Operating Income": 5,
        "EBIT": 6,
        "Net Income": 4
    },
    "2020-08-31": {
        "Diluted EPS": 0.51,
        "Total Revenue": 59,
        "Gross Profit": 42,
        "Operating Income": 5,
        "EBIT": 6,
        "Net Income": 4
    },
    "2020-05-31": {
        "Diluted EPS": 0.23,
        "Total Revenue": 38,
        "Gross Profit": 27,
        "Operating Income": 2,
        "EBIT": 3,
        "Net Income": 2
    },
    "2020-02-29": {
        "Diluted EPS": 0.06,
        "Total Revenue": 20,
        "Gross Profit": 14,
        "Operating Income": 0,
        "EBIT": 1,
        "Net Income": 1
    },
    "2019-11-30": {
        "Diluted EPS": 0.33,
        "Total Revenue": 41,
        "Gross Profit": 28,
        "Operating Income": 4,
        "EBIT": 4,
        "Net Income": 3
    },
    "2019-08-31": {
        "Diluted EPS": 0.12,
        "Total Revenue": 24,
        "Gross Profit": 16,
        "Operating Income": 1,
        "EBIT": 2,
        "Net Income": 1
    },
    "2019-05-31": {
        "Diluted EPS": 0.17,
        "Total Revenue": 28,
        "Gross Profit": 19,
        "Operating Income": 2,
        "EBIT": 2,
        "Net Income": 1
    },
    "2019-02-28": {
        "Diluted EPS": 0.07,
        "Total Revenue": 24,
        "Gross Profit": 16,
        "Operating Income": 1,
        "EBIT": 1,
        "Net Income": 1
    },
    "2018-11-30": {
        "Diluted EPS": 0.34,
        "Total Revenue": 40,
        "Gross Profit": 27,
        "Operating Income": 4,
        "EBIT": 4,
        "Net Income": 3
    },
    "2018-08-31": {
        "Diluted EPS": 0.18,
        "Total Revenue": 25,
        "Gross Profit": 16,
        "Operating Income": 2,
        "EBIT": 2,
        "Net Income": 1
    },
    "2018-05-31": {
        "Diluted EPS": 0.22,
        "Total Revenue": 30,
        "Gross Profit": 20,
        "Operating Income": 2,
        "EBIT": 3,
        "Net Income": 2
    },
    "2018-02-28": {
        "Diluted EPS": 0.1,
        "Total Revenue": 22,
        "Gross Profit": 15,
        "Operating Income": 1,
        "EBIT": 1,
        "Net Income": 1
    },
    "2017-11-30": {
        "Diluted EPS": 0.26,
        "Total Revenue": 39,
        "Gross Profit": 27,
        "Operating Income": 3,
        "EBIT": 4,
        "Net Income": 2
    },
    "2017-08-31": {
        "Diluted EPS": 0.13,
        "Total Revenue": 24,
        "Gross Profit": 17,
        "Operating Income": 2,
        "EBIT": 2,
        "Net Income": 1
    },
    "2017-05-31": {
        "Diluted EPS": 0.15,
        "Total Revenue": 27,
        "Gross Profit": 18,
        "Operating Income": 2,
        "EBIT": 2,
        "Net Income": 1
    },
    "2017-02-28": {
        "Diluted EPS": 0.08,
        "Total Revenue": 27,
        "Gross Profit": 21,
        "Operating Income": 1,
        "EBIT": 1,
        "Net Income": 1
    },
    "2016-11-30": {
        "Diluted EPS": 0.16,
        "Total Revenue": 31,
        "Gross Profit": 22,
        "Operating Income": 2,
        "EBIT": 2,
        "Net Income": 1
    },
    "2016-08-31": {
        "Diluted EPS": 0.04,
        "Total Revenue": 26,
        "Gross Profit": 18,
        "Operating Income": 0,
        "EBIT": 1,
        "Net Income": 0
    },
    "2016-05-31": {
        "Diluted EPS": 0.08,
        "Total Revenue": 23,
        "Gross Profit": 16,
        "Operating Income": 1,
        "EBIT": 1,
        "Net Income": 1
    },
    "2016-02-29": {
        "Diluted EPS": -0.02,
        "Total Revenue": 17,
        "Gross Profit": 12,
        "Operating Income": 0,
        "EBIT": 0,
        "Net Income": 0
    },
    "2015-11-30": {
        "Diluted EPS": 0.16,
        "Total Revenue": 24,
        "Gross Profit": 17,
        "Operating Income": 2,
        "EBIT": 2,
        "Net Income": 1
    },
    "2015-08-31": {
        "Diluted EPS": 0.08,
        "Total Revenue": 13,
        "Gross Profit": 8,
        "Operating Income": 1,
        "EBIT": 1,
        "Net Income": 1
    },
    "2015-05-31": {
        "Diluted EPS": 0.04,
        "Total Revenue": 10,
        "Gross Profit": 6,
        "Operating Income": 1,
        "EBIT": 1,
        "Net Income": 0
    },
    "2015-02-28": {
        "Diluted EPS": 0.01,
        "Total Revenue": 8,
        "Gross Profit": 5,
        "Operating Income": 0,
        "EBIT": 0,
        "Net Income": 0
    },
    "2014-11-30": {
        "Diluted EPS": 0.07,
        "Total Revenue": 11,
        "Gross Profit": 7,
        "Operating Income": 1,
        "EBIT": 1,
        "Net Income": 1
    },
    "2014-08-31": {
        "Diluted EPS": 0.0,
        "Total Revenue": 7,
        "Gross Profit": 4,
        "Operating Income": 0,
        "EBIT": 0,
        "Net Income": 0
    },
    "2014-05-31": {
        "Diluted EPS": 0.03,
        "Total Revenue": 7,
        "Gross Profit": 4,
        "Operating Income": 0,
        "EBIT": 0,
        "Net Income": 0
    },
    "2014-02-28": {
        "Diluted EPS": -0.04,
        "Total Revenue": 6,
        "Gross Profit": 4,
        "Operating Income": 0,
        "EBIT": 0,
        "Net Income": 0
    },
    "2013-11-30": {
        "Diluted EPS": 0.07,
        "Total Revenue": 9,
        "Gross Profit": 5,
        "Operating Income": 1,
        "EBIT": 1,
        "Net Income": 1
    },
    "2013-08-31": {
        "Diluted EPS": 0.01,
        "Total Revenue": 6,
        "Gross Profit": 3,
        "Operating Income": 0,
        "EBIT": 0,
        "Net Income": 0
    },
    "2013-05-31": {
        "Diluted EPS": 0.01,
        "Total Revenue": 6,
        "Gross Profit": 4,
        "Operating Income": 0,
        "EBIT": 0,
        "Net Income": 0
    },
    "2013-02-28": {
        "Diluted EPS": -0.03,
        "Total Revenue": 6,
        "Gross Profit": 3,
        "Operating Income": 0,
        "EBIT": 0,
        "Net Income": 0
    },
    "2012-11-30": {
        "Diluted EPS": 0.07,
        "Total Revenue": 8,
        "Gross Profit": 5,
        "Operating Income": 1,
        "EBIT": 1,
        "Net Income": 1
    },
    "2012-08-31": {
        "Diluted EPS": 0.02,
        "Total Revenue": 5,
        "Gross Profit": 3,
        "Operating Income": 0,
        "EBIT": 0,
        "Net Income": 0
    },
    "2012-05-31": {
        "Diluted EPS": 0.05,
        "Total Revenue": 7,
        "Gross Profit": 4,
        "Operating Income": 1,
        "EBIT": 1,
        "Net Income": 0
    },
    "2012-02-29": {
        "Diluted EPS": 0.03,
        "Total Revenue": 6,
        "Gross Profit": 4,
        "Operating Income": 0,
        "EBIT": 0,
        "Net Income": 0
    },
    "2011-11-30": {
        "Diluted EPS": 0.1,
        "Total Revenue": 9,
        "Gross Profit": 5,
        "Operating Income": 1,
        "EBIT": 1,
        "Net Income": 1
    },
    "2011-08-31": {
        "Diluted EPS": 0.02,
        "Total Revenue": 5,
        "Gross Profit": 3,
        "Operating Income": 0,
        "EBIT": 0,
        "Net Income": 0
    },
    "2011-05-31": {
        "Diluted EPS": 0.04,
        "Total Revenue": 6,
        "Gross Profit": 4,
        "Operating Income": 0,
        "EBIT": 0,
        "Net Income": 0
    },
    "2011-02-28": {
        "Diluted EPS": 0.0,
        "Total Revenue": 6,
        "Gross Profit": 4,
        "Operating Income": 0,
        "EBIT": 0,
        "Net Income": 0
    },
    "2010-11-30": {
        "Diluted EPS": 0.1,
        "Total Revenue": 9,
        "Gross Profit": 6,
        "Operating Income": 1,
        "EBIT": 1,
        "Net Income": 1
    },
    "2010-08-31": {
        "Diluted EPS": 0.03,
        "Total Revenue": 6,
        "Gross Profit": 3,
        "Operating Income": 0,
        "EBIT": 0,
        "Net Income": 0
    },
    "2010-05-31": {
        "Diluted EPS": 0.03,
        "Total Revenue": 6,
        "Gross Profit": 4,
        "Operating Income": 0,
        "EBIT": 0,
        "Net Income": 0
    },
    "2010-02-28": {
        "Diluted EPS": 0.04,
        "Total Revenue": 6,
        "Gross Profit": 4,
        "Operating Income": 0,
        "EBIT": 0,
        "Net Income": 0
    },
    "2009-11-30": {
        "Diluted EPS": 0.12,
        "Total Revenue": 10,
        "Gross Profit": 6,
        "Operating Income": 1,
        "EBIT": 1,
        "Net Income": 1
    },
    "2009-08-31": {
        "Diluted EPS": 0.03,
        "Total Revenue": 6,
        "Gross Profit": 4,
        "Operating Income": 0,
        "EBIT": 0,
        "Net Income": 0
    },
    "2009-05-31": {
        "Diluted EPS": 0.06,
        "Total Revenue": 6,
        "Gross Profit": 4,
        "Operating Income": 1,
        "EBIT": 1,
        "Net Income": 0
    },
    "2009-02-28": {
        "Diluted EPS": 0.06,
        "Total Revenue": 6,
        "Gross Profit": 4,
        "Operating Income": 1,
        "EBIT": 1,
        "Net Income": 0
    },
    "2023-08-31": {
        "Tax Effect Of Unusual Items": NaN,
        "Tax Rate For Calcs": NaN,
        "Normalized EBITDA": NaN,
        "Total Unusual Items": NaN,
        "Total Unusual Items Excluding Goodwill": NaN,
        "Net Income From Continuing Operation Net Minority Interest": NaN,
        "Reconciled Depreciation": NaN,
        "Reconciled Cost Of Revenue": NaN,
        "EBITDA": NaN,
        "EBIT": NaN,
        "Net Interest Income": NaN,
        "Interest Expense": NaN,
        "Normalized Income": NaN,
        "Net Income From Continuing And Discontinued Operation": NaN,
        "Total Expenses": NaN,
        "Diluted Average Shares": NaN,
        "Basic Average Shares": NaN,
        "Diluted EPS": NaN,
        "Basic EPS": NaN,
        "Diluted NI Availto Com Stockholders": NaN,
        "Net Income Common Stockholders": NaN,
        "Net Income": NaN,
        "Net Income Including Noncontrolling Interests": NaN,
        "Net Income Continuous Operations": NaN,
        "Tax Provision": NaN,
        "Pretax Income": NaN,
        "Other Income Expense": NaN,
        "Other Non Operating Income Expenses": NaN,
        "Special Income Charges": NaN,
        "Gain On Sale Of Ppe": NaN,
        "Net Non Operating Interest Income Expense": NaN,
        "Interest Expense Non Operating": NaN,
        "Operating Income": NaN,
        "Operating Expense": NaN,
        "Other Operating Expenses": NaN,
        "Other Taxes": -3808700.0,
        "Selling General And Administration": NaN,
        "Selling And Marketing Expense": NaN,
        "General And Administrative Expense": NaN,
        "Other Gand A": NaN,
        "Gross Profit": NaN,
        "Cost Of Revenue": NaN,
        "Total Revenue": NaN,
        "Operating Revenue": NaN
    },
    "2023-11-30": {
        "Tax Effect Of Unusual Items": NaN,
        "Tax Rate For Calcs": NaN,
        "Normalized EBITDA": NaN,
        "Total Unusual Items": 3970600.0,
        "Total Unusual Items Excluding Goodwill": 3970600.0,
        "Net Income From Continuing Operation Net Minority Interest": NaN,
        "Reconciled Depreciation": NaN,
        "Reconciled Cost Of Revenue": NaN,
        "EBITDA": NaN,
        "EBIT": NaN,
        "Net Interest Income": NaN,
        "Interest Expense": NaN,
        "Normalized Income": NaN,
        "Net Income From Continuing And Discontinued Operation": NaN,
        "Total Expenses": NaN,
        "Diluted Average Shares": NaN,
        "Basic Average Shares": NaN,
        "Diluted EPS": NaN,
        "Basic EPS": NaN,
        "Diluted NI Availto Com Stockholders": NaN,
        "Net Income Common Stockholders": NaN,
        "Net Income": NaN,
        "Net Income Including Noncontrolling Interests": NaN,
        "Net Income Continuous Operations": NaN,
        "Tax Provision": NaN,
        "Pretax Income": NaN,
        "Other Income Expense": NaN,
        "Other Non Operating Income Expenses": NaN,
        "Special Income Charges": 3970600.0,
        "Gain On Sale Of Ppe": 3970600.0,
        "Net Non Operating Interest Income Expense": NaN,
        "Interest Expense Non Operating": NaN,
        "Operating Income": NaN,
        "Operating Expense": NaN,
        "Other Operating Expenses": NaN,
        "Other Taxes": 0.0,
        "Selling General And Administration": NaN,
        "Selling And Marketing Expense": NaN,
        "General And Administrative Expense": NaN,
        "Other Gand A": NaN,
        "Gross Profit": NaN,
        "Cost Of Revenue": NaN,
        "Total Revenue": NaN,
        "Operating Revenue": NaN
    },
    "2024-02-29": {
        "Tax Effect Of Unusual Items": NaN,
        "Tax Rate For Calcs": NaN,
        "Normalized EBITDA": NaN,
        "Total Unusual Items": NaN,
        "Total Unusual Items Excluding Goodwill": NaN,
        "Net Income From Continuing Operation Net Minority Interest": NaN,
        "Reconciled Depreciation": NaN,
        "Reconciled Cost Of Revenue": NaN,
        "EBITDA": NaN,
        "EBIT": NaN,
        "Net Interest Income": NaN,
        "Interest Expense": NaN,
        "Normalized Income": NaN,
        "Net Income From Continuing And Discontinued Operation": NaN,
        "Total Expenses": NaN,
        "Diluted Average Shares": 8308448.0,
        "Basic Average Shares": 8266032.0,
        "Diluted EPS": -0.194332,
        "Basic EPS": -0.19,
        "Diluted NI Availto Com Stockholders": NaN,
        "Net Income Common Stockholders": NaN,
        "Net Income": NaN,
        "Net Income Including Noncontrolling Interests": NaN,
        "Net Income Continuous Operations": NaN,
        "Tax Provision": NaN,
        "Pretax Income": NaN,
        "Other Income Expense": NaN,
        "Other Non Operating Income Expenses": NaN,
        "Special Income Charges": NaN,
        "Gain On Sale Of Ppe": NaN,
        "Net Non Operating Interest Income Expense": NaN,
        "Interest Expense Non Operating": NaN,
        "Operating Income": NaN,
        "Operating Expense": NaN,
        "Other Operating Expenses": NaN,
        "Other Taxes": NaN,
        "Selling General And Administration": NaN,
        "Selling And Marketing Expense": NaN,
        "General And Administrative Expense": NaN,
        "Other Gand A": NaN,
        "Gross Profit": NaN,
        "Cost Of Revenue": NaN,
        "Total Revenue": NaN,
        "Operating Revenue": NaN
    },
    "2024-05-31": {
        "Tax Effect Of Unusual Items": 0.0,
        "Tax Rate For Calcs": 0.268,
        "Normalized EBITDA": -683700.0,
        "Total Unusual Items": NaN,
        "Total Unusual Items Excluding Goodwill": NaN,
        "Net Income From Continuing Operation Net Minority Interest": -1279000.0,
        "Reconciled Depreciation": 486600.0,
        "Reconciled Cost Of Revenue": 3533900.0,
        "EBITDA": -683700.0,
        "EBIT": -1170300.0,
        "Net Interest Income": -576700.0,
        "Interest Expense": 576700.0,
        "Normalized Income": -1279000.0,
        "Net Income From Continuing And Discontinued Operation": -1279000.0,
        "Total Expenses": 11672400.0,
        "Diluted Average Shares": 8266771.0,
        "Basic Average Shares": 8266771.0,
        "Diluted EPS": -0.15,
        "Basic EPS": -0.15,
        "Diluted NI Availto Com Stockholders": -1279000.0,
        "Net Income Common Stockholders": -1279000.0,
        "Net Income": -1279000.0,
        "Net Income Including Noncontrolling Interests": -1279000.0,
        "Net Income Continuous Operations": -1279000.0,
        "Tax Provision": -468000.0,
        "Pretax Income": -1747000.0,
        "Other Income Expense": 508700.0,
        "Other Non Operating Income Expenses": 508700.0,
        "Special Income Charges": NaN,
        "Gain On Sale Of Ppe": NaN,
        "Net Non Operating Interest Income Expense": -576700.0,
        "Interest Expense Non Operating": 576700.0,
        "Operating Income": -1679000.0,
        "Operating Expense": 8138500.0,
        "Other Operating Expenses": 1880100.0,
        "Other Taxes": NaN,
        "Selling General And Administration": 6258400.0,
        "Selling And Marketing Expense": 3058900.0,
        "General And Administrative Expense": 3199500.0,
        "Other Gand A": 3199500.0,
        "Gross Profit": 6459500.0,
        "Cost Of Revenue": 3533900.0,
        "Total Revenue": 9993400.0,
        "Operating Revenue": 9993400.0
    },
    "2024-08-31": {
        "Tax Effect Of Unusual Items": 0.0,
        "Tax Rate For Calcs": 0.269,
        "Normalized EBITDA": -1434800.0,
        "Total Unusual Items": NaN,
        "Total Unusual Items Excluding Goodwill": NaN,
        "Net Income From Continuing Operation Net Minority Interest": -1803400.0,
        "Reconciled Depreciation": 485600.0,
        "Reconciled Cost Of Revenue": 2862500.0,
        "EBITDA": -1434800.0,
        "EBIT": -1920400.0,
        "Net Interest Income": -545700.0,
        "Interest Expense": 545700.0,
        "Normalized Income": -1803400.0,
        "Net Income From Continuing And Discontinued Operation": -1803400.0,
        "Total Expenses": 9004700.0,
        "Diluted Average Shares": 8272217.0,
        "Basic Average Shares": 8272217.0,
        "Diluted EPS": -0.22,
        "Basic EPS": -0.22,
        "Diluted NI Availto Com Stockholders": -1803400.0,
        "Net Income Common Stockholders": -1803400.0,
        "Net Income": -1803400.0,
        "Net Income Including Noncontrolling Interests": -1803400.0,
        "Net Income Continuous Operations": -1803400.0,
        "Tax Provision": -662700.0,
        "Pretax Income": -2466100.0,
        "Other Income Expense": 575100.0,
        "Other Non Operating Income Expenses": 575100.0,
        "Special Income Charges": NaN,
        "Gain On Sale Of Ppe": NaN,
        "Net Non Operating Interest Income Expense": -545700.0,
        "Interest Expense Non Operating": 545700.0,
        "Operating Income": -2495500.0,
        "Operating Expense": 6142200.0,
        "Other Operating Expenses": 1385800.0,
        "Other Taxes": 0.0,
        "Selling General And Administration": 4756400.0,
        "Selling And Marketing Expense": 1850900.0,
        "General And Administrative Expense": 2905500.0,
        "Other Gand A": 2905500.0,
        "Gross Profit": 3646700.0,
        "Cost Of Revenue": 2862500.0,
        "Total Revenue": 6509200.0,
        "Operating Revenue": 6509200.0
    },
    "2024-11-30": {
        "Tax Effect Of Unusual Items": 0.0,
        "Tax Rate For Calcs": 0.248,
        "Normalized EBITDA": -153400.0,
        "Total Unusual Items": 0.0,
        "Total Unusual Items Excluding Goodwill": 0.0,
        "Net Income From Continuing Operation Net Minority Interest": -835700.0,
        "Reconciled Depreciation": 383100.0,
        "Reconciled Cost Of Revenue": 4148300.0,
        "EBITDA": -153400.0,
        "EBIT": -536500.0,
        "Net Interest Income": -575400.0,
        "Interest Expense": 575400.0,
        "Normalized Income": -835700.0,
        "Net Income From Continuing And Discontinued Operation": -835700.0,
        "Total Expenses": 12250700.0,
        "Diluted Average Shares": 8273402.0,
        "Basic Average Shares": 8273402.0,
        "Diluted EPS": -0.1,
        "Basic EPS": -0.1,
        "Diluted NI Availto Com Stockholders": -835700.0,
        "Net Income Common Stockholders": -835700.0,
        "Net Income": -835700.0,
        "Net Income Including Noncontrolling Interests": -835700.0,
        "Net Income Continuous Operations": -835700.0,
        "Tax Provision": -276200.0,
        "Pretax Income": -1111900.0,
        "Other Income Expense": 662100.0,
        "Other Non Operating Income Expenses": 662100.0,
        "Special Income Charges": 0.0,
        "Gain On Sale Of Ppe": 0.0,
        "Net Non Operating Interest Income Expense": -575400.0,
        "Interest Expense Non Operating": 575400.0,
        "Operating Income": -1198600.0,
        "Operating Expense": 8102400.0,
        "Other Operating Expenses": 1744100.0,
        "Other Taxes": 0.0,
        "Selling General And Administration": 6358300.0,
        "Selling And Marketing Expense": 3283600.0,
        "General And Administrative Expense": 3074700.0,
        "Other Gand A": 3074700.0,
        "Gross Profit": 6903800.0,
        "Cost Of Revenue": 4148300.0,
        "Total Revenue": 11052100.0,
        "Operating Revenue": 11052100.0
    },
    "2025-02-28": {
        "Tax Effect Of Unusual Items": 0.0,
        "Tax Rate For Calcs": 0.120588,
        "Normalized EBITDA": -669800.0,
        "Total Unusual Items": 0.0,
        "Total Unusual Items Excluding Goodwill": 0.0,
        "Net Income From Continuing Operation Net Minority Interest": -1345500.0,
        "Reconciled Depreciation": 369600.0,
        "Reconciled Cost Of Revenue": 2618600.0,
        "EBITDA": -669800.0,
        "EBIT": -1039400.0,
        "Net Interest Income": -490600.0,
        "Interest Expense": 490600.0,
        "Normalized Income": -1345500.0,
        "Net Income From Continuing And Discontinued Operation": -1345500.0,
        "Total Expenses": 8038800.0,
        "Diluted Average Shares": 8583494.0,
        "Basic Average Shares": 8583494.0,
        "Diluted EPS": -0.16,
        "Basic EPS": -0.16,
        "Diluted NI Availto Com Stockholders": -1345500.0,
        "Net Income Common Stockholders": -1345500.0,
        "Net Income": -1345500.0,
        "Net Income Including Noncontrolling Interests": -1345500.0,
        "Net Income Continuous Operations": -1345500.0,
        "Tax Provision": -184500.0,
        "Pretax Income": -1530000.0,
        "Other Income Expense": 363100.0,
        "Other Non Operating Income Expenses": 363100.0,
        "Special Income Charges": 0.0,
        "Gain On Sale Of Ppe": 0.0,
        "Net Non Operating Interest Income Expense": -490600.0,
        "Interest Expense Non Operating": 490600.0,
        "Operating Income": -1402500.0,
        "Operating Expense": 5420200.0,
        "Other Operating Expenses": 741600.0,
        "Other Taxes": 0.0,
        "Selling General And Administration": 4678600.0,
        "Selling And Marketing Expense": 1903200.0,
        "General And Administrative Expense": 2775400.0,
        "Other Gand A": 2775400.0,
        "Gross Profit": 4017700.0,
        "Cost Of Revenue": 2618600.0,
        "Total Revenue": 6636300.0,
        "Operating Revenue": 6636300.0
    },
    "2025-05-31": {
        "Tax Effect Of Unusual Items": 0.0,
        "Tax Rate For Calcs": 0.258,
        "Normalized EBITDA": -578900.0,
        "Total Unusual Items": NaN,
        "Total Unusual Items Excluding Goodwill": NaN,
        "Net Income From Continuing Operation Net Minority Interest": -1075200.0,
        "Reconciled Depreciation": 366100.0,
        "Reconciled Cost Of Revenue": 2969300.0,
        "EBITDA": -578900.0,
        "EBIT": -945000.0,
        "Net Interest Income": -504300.0,
        "Interest Expense": 504300.0,
        "Normalized Income": -1075200.0,
        "Net Income From Continuing And Discontinued Operation": -1075200.0,
        "Total Expenses": 8670900.0,
        "Diluted Average Shares": 8583201.0,
        "Basic Average Shares": 8583201.0,
        "Diluted EPS": -0.13,
        "Basic EPS": -0.13,
        "Diluted NI Availto Com Stockholders": -1075200.0,
        "Net Income Common Stockholders": -1075200.0,
        "Net Income": -1075200.0,
        "Net Income Including Noncontrolling Interests": -1075200.0,
        "Net Income Continuous Operations": -1075200.0,
        "Tax Provision": -374100.0,
        "Pretax Income": -1449300.0,
        "Other Income Expense": 619500.0,
        "Other Non Operating Income Expenses": 619500.0,
        "Special Income Charges": NaN,
        "Gain On Sale Of Ppe": NaN,
        "Net Non Operating Interest Income Expense": -504300.0,
        "Interest Expense Non Operating": 504300.0,
        "Operating Income": -1564500.0,
        "Operating Expense": 5701600.0,
        "Other Operating Expenses": 994600.0,
        "Other Taxes": NaN,
        "Selling General And Administration": 4707000.0,
        "Selling And Marketing Expense": 2012100.0,
        "General And Administrative Expense": 2694900.0,
        "Other Gand A": 2694900.0,
        "Gross Profit": 4137100.0,
        "Cost Of Revenue": 2969300.0,
        "Total Revenue": 7106400.0,
        "Operating Revenue": 7106400.0
    }
}