{
    "2023-03-31": {
        "Tax Effect Of Unusual Items": NaN,
        "Tax Rate For Calcs": NaN,
        "Normalized EBITDA": NaN,
        "Total Unusual Items": NaN,
        "Total Unusual Items Excluding Goodwill": NaN,
        "Net Income From Continuing Operation Net Minority Interest": NaN,
        "Reconciled Depreciation": NaN,
        "Reconciled Cost Of Revenue": NaN,
        "EBITDA": NaN,
        "EBIT": NaN,
        "Net Interest Income": NaN,
        "Interest Expense": NaN,
        "Interest Income": NaN,
        "Normalized Income": NaN,
        "Net Income From Continuing And Discontinued Operation": NaN,
        "Total Expenses": NaN,
        "Total Operating Income As Reported": NaN,
        "Diluted Average Shares": NaN,
        "Basic Average Shares": NaN,
        "Diluted EPS": NaN,
        "Basic EPS": NaN,
        "Diluted NI Availto Com Stockholders": NaN,
        "Net Income Common Stockholders": NaN,
        "Otherunder Preferred Stock Dividend": NaN,
        "Net Income": NaN,
        "Net Income Including Noncontrolling Interests": NaN,
        "Net Income Continuous Operations": NaN,
        "Tax Provision": NaN,
        "Pretax Income": NaN,
        "Other Income Expense": NaN,
        "Other Non Operating Income Expenses": -100000.0,
        "Special Income Charges": NaN,
        "Other Special Charges": NaN,
        "Impairment Of Capital Assets": 0.0,
        "Net Non Operating Interest Income Expense": NaN,
        "Interest Expense Non Operating": NaN,
        "Interest Income Non Operating": NaN,
        "Operating Income": NaN,
        "Operating Expense": NaN,
        "Depreciation Amortization Depletion Income Statement": NaN,
        "Depreciation And Amortization In Income Statement": NaN,
        "Selling General And Administration": NaN,
        "Gross Profit": NaN,
        "Cost Of Revenue": NaN,
        "Total Revenue": NaN,
        "Operating Revenue": NaN
    },
    "2022-12-31": {
        "Tax Effect Of Unusual Items": NaN,
        "Tax Rate For Calcs": NaN,
        "Normalized EBITDA": NaN,
        "Total Unusual Items": NaN,
        "Total Unusual Items Excluding Goodwill": NaN,
        "Net Income From Continuing Operation Net Minority Interest": NaN,
        "Reconciled Depreciation": NaN,
        "Reconciled Cost Of Revenue": NaN,
        "EBITDA": NaN,
        "EBIT": NaN,
        "Net Interest Income": NaN,
        "Interest Expense": NaN,
        "Interest Income": NaN,
        "Normalized Income": NaN,
        "Net Income From Continuing And Discontinued Operation": NaN,
        "Total Expenses": NaN,
        "Total Operating Income As Reported": NaN,
        "Diluted Average Shares": NaN,
        "Basic Average Shares": NaN,
        "Diluted EPS": NaN,
        "Basic EPS": NaN,
        "Diluted NI Availto Com Stockholders": NaN,
        "Net Income Common Stockholders": NaN,
        "Otherunder Preferred Stock Dividend": NaN,
        "Net Income": NaN,
        "Net Income Including Noncontrolling Interests": NaN,
        "Net Income Continuous Operations": NaN,
        "Tax Provision": NaN,
        "Pretax Income": NaN,
        "Other Income Expense": NaN,
        "Other Non Operating Income Expenses": NaN,
        "Special Income Charges": NaN,
        "Other Special Charges": NaN,
        "Impairment Of Capital Assets": 0.0,
        "Net Non Operating Interest Income Expense": NaN,
        "Interest Expense Non Operating": NaN,
        "Interest Income Non Operating": NaN,
        "Operating Income": NaN,
        "Operating Expense": NaN,
        "Other Operating Expenses": 0.0,
        "Depreciation Amortization Depletion Income Statement": NaN,
        "Depreciation And Amortization In Income Statement": NaN,
        "Selling General And Administration": NaN,
        "Gross Profit": NaN,
        "Cost Of Revenue": NaN,
        "Total Revenue": NaN,
        "Operating Revenue": NaN
    },
    "2022-09-30": {
        "Tax Effect Of Unusual Items": NaN,
        "Tax Rate For Calcs": NaN,
        "Normalized EBITDA": NaN,
        "Total Unusual Items": NaN,
        "Total Unusual Items Excluding Goodwill": NaN,
        "Net Income From Continuing Operation Net Minority Interest": NaN,
        "Reconciled Depreciation": NaN,
        "Reconciled Cost Of Revenue": NaN,
        "EBITDA": NaN,
        "EBIT": NaN,
        "Net Interest Income": NaN,
        "Interest Expense": NaN,
        "Interest Income": NaN,
        "Normalized Income": NaN,
        "Net Income From Continuing And Discontinued Operation": NaN,
        "Total Expenses": NaN,
        "Total Operating Income As Reported": NaN,
        "Diluted Average Shares": NaN,
        "Basic Average Shares": NaN,
        "Diluted EPS": NaN,
        "Basic EPS": NaN,
        "Diluted NI Availto Com Stockholders": NaN,
        "Net Income Common Stockholders": NaN,
        "Otherunder Preferred Stock Dividend": NaN,
        "Net Income": NaN,
        "Net Income Including Noncontrolling Interests": NaN,
        "Net Income Continuous Operations": NaN,
        "Tax Provision": NaN,
        "Pretax Income": NaN,
        "Other Income Expense": NaN,
        "Other Non Operating Income Expenses": -100000.0,
        "Special Income Charges": NaN,
        "Other Special Charges": -151000000.0,
        "Impairment Of Capital Assets": NaN,
        "Net Non Operating Interest Income Expense": NaN,
        "Interest Expense Non Operating": NaN,
        "Interest Income Non Operating": NaN,
        "Operating Income": NaN,
        "Operating Expense": NaN,
        "Other Operating Expenses": -151000000.0,
        "Depreciation Amortization Depletion Income Statement": NaN,
        "Depreciation And Amortization In Income Statement": NaN,
        "Selling General And Administration": NaN,
        "Gross Profit": NaN,
        "Cost Of Revenue": NaN,
        "Total Revenue": NaN,
        "Operating Revenue": NaN
    },
    "2022-06-30": {
        "Tax Effect Of Unusual Items": 0.0,
        "Tax Rate For Calcs": 0.4,
        "Normalized EBITDA": 20800000.0,
        "Total Unusual Items": 0.0,
        "Total Unusual Items Excluding Goodwill": 0.0,
        "Net Income From Continuing Operation Net Minority Interest": -700000.0,
        "Reconciled Depreciation": 14000000.0,
        "Reconciled Cost Of Revenue": 26400000.0,
        "EBITDA": 20800000.0,
        "EBIT": 6800000.0,
        "Net Interest Income": -4600000.0,
        "Interest Expense": 4600000.0,
        "Interest Income": NaN,
        "Normalized Income": -700000.0,
        "Net Income From Continuing And Discontinued Operation": -700000.0,
        "Total Expenses": 64600000.0,
        "Total Operating Income As Reported": 6800000.0,
        "Diluted Average Shares": 69816000.0,
        "Basic Average Shares": 69816000.0,
        "Diluted EPS": -0.15,
        "Basic EPS": -0.15,
        "Diluted NI Availto Com Stockholders": -10300000.0,
        "Net Income Common Stockholders": -10300000.0,
        "Otherunder Preferred Stock Dividend": 9600000.0,
        "Net Income": -700000.0,
        "Net Income Including Noncontrolling Interests": -700000.0,
        "Net Income Continuous Operations": -700000.0,
        "Tax Provision": 2900000.0,
        "Pretax Income": 2200000.0,
        "Other Income Expense": NaN,
        "Other Non Operating Income Expenses": NaN,
        "Special Income Charges": 0.0,
        "Gain On Sale Of Ppe": NaN,
        "Other Special Charges": NaN,
        "Impairment Of Capital Assets": 0.0,
        "Net Non Operating Interest Income Expense": -4600000.0,
        "Interest Expense Non Operating": 4600000.0,
        "Interest Income Non Operating": NaN,
        "Operating Income": 6800000.0,
        "Operating Expense": 38200000.0,
        "Other Operating Expenses": -8100000.0,
        "Depreciation Amortization Depletion Income Statement": 14000000.0,
        "Depreciation And Amortization In Income Statement": 14000000.0,
        "Selling General And Administration": 32300000.0,
        "Gross Profit": 45000000.0,
        "Cost Of Revenue": 26400000.0,
        "Total Revenue": 71400000.0,
        "Operating Revenue": 71400000.0
    },
    "2022-03-31": {
        "Diluted EPS": 0.04,
        "Total Revenue": 122,
        "Gross Profit": 88,
        "Operating Income": 19,
        "EBIT": 42,
        "Net Income": 3
    },
    "2021-12-31": {
        "Diluted EPS": -0.27,
        "Total Revenue": 101,
        "Gross Profit": 85,
        "Operating Income": -7,
        "EBIT": 45,
        "Net Income": -18
    },
    "2021-09-30": {
        "Diluted EPS": -0.25,
        "Total Revenue": 78,
        "Gross Profit": 44,
        "Operating Income": -7,
        "EBIT": 5,
        "Net Income": -18
    },
    "2021-06-30": {
        "Diluted EPS": -0.77,
        "Total Revenue": 17,
        "Gross Profit": 14,
        "Operating Income": -32,
        "EBIT": -19,
        "Net Income": -55
    },
    "2021-03-31": {
        "Diluted EPS": -0.33,
        "Total Revenue": 27,
        "Gross Profit": 23,
        "Operating Income": -20,
        "EBIT": -7,
        "Net Income": -24
    },
    "2020-12-31": {
        "Diluted EPS": -0.58,
        "Total Revenue": 55,
        "Gross Profit": 44,
        "Operating Income": -29,
        "EBIT": 15,
        "Net Income": -42
    },
    "2020-09-30": {
        "Diluted EPS": -0.31,
        "Total Revenue": 25,
        "Gross Profit": 20,
        "Operating Income": -18,
        "EBIT": -5,
        "Net Income": -22
    },
    "2020-06-30": {
        "Diluted EPS": 0.13,
        "Total Revenue": 55,
        "Gross Profit": 56,
        "Operating Income": 19,
        "EBIT": 31,
        "Net Income": 10
    },
    "2020-03-31": {
        "Diluted EPS": -8.33,
        "Total Revenue": 100,
        "Gross Profit": 56,
        "Operating Income": -642,
        "EBIT": 18,
        "Net Income": -594
    },
    "2019-12-31": {
        "Diluted EPS": -0.95,
        "Total Revenue": 45,
        "Gross Profit": 28,
        "Operating Income": -77,
        "EBIT": -4,
        "Net Income": -68
    },
    "2019-09-30": {
        "Diluted EPS": -0.27,
        "Total Revenue": 82,
        "Gross Profit": 57,
        "Operating Income": -16,
        "EBIT": 24,
        "Net Income": -20
    },
    "2019-06-30": {
        "Diluted EPS": 0.16,
        "Total Revenue": 103,
        "Gross Profit": 71,
        "Operating Income": 24,
        "EBIT": 38,
        "Net Income": 11
    },
    "2019-03-31": {
        "Diluted EPS": 0.36,
        "Total Revenue": 137,
        "Gross Profit": 92,
        "Operating Income": 43,
        "EBIT": 57,
        "Net Income": 27
    },
    "2018-12-31": {
        "Diluted EPS": -1.2,
        "Total Revenue": 57,
        "Gross Profit": 37,
        "Operating Income": -112,
        "EBIT": 5,
        "Net Income": -90
    },
    "2018-09-30": {
        "Diluted EPS": 0.28,
        "Total Revenue": 103,
        "Gross Profit": 77,
        "Operating Income": 36,
        "EBIT": 48,
        "Net Income": 21
    },
    "2018-06-30": {
        "Diluted EPS": 0.08,
        "Total Revenue": 78,
        "Gross Profit": 54,
        "Operating Income": 15,
        "EBIT": 27,
        "Net Income": 6
    },
    "2018-03-31": {
        "Diluted EPS": 0.5,
        "Total Revenue": 142,
        "Gross Profit": 101,
        "Operating Income": 57,
        "EBIT": 69,
        "Net Income": 38
    },
    "2017-12-31": {
        "Diluted EPS": 0.53,
        "Total Revenue": 32,
        "Gross Profit": 22,
        "Operating Income": -15,
        "EBIT": -4,
        "Net Income": 40
    },
    "2017-09-30": {
        "Diluted EPS": 0.25,
        "Total Revenue": 107,
        "Gross Profit": 80,
        "Operating Income": 39,
        "EBIT": 51,
        "Net Income": 19
    },
    "2017-06-30": {
        "Diluted EPS": -0.09,
        "Total Revenue": 74,
        "Gross Profit": 53,
        "Operating Income": 7,
        "EBIT": 21,
        "Net Income": -6
    },
    "2017-03-31": {
        "Diluted EPS": 0.44,
        "Total Revenue": 136,
        "Gross Profit": 99,
        "Operating Income": 57,
        "EBIT": 68,
        "Net Income": 28
    },
    "2016-12-31": {
        "Diluted EPS": -0.38,
        "Total Revenue": 30,
        "Gross Profit": 21,
        "Operating Income": -14,
        "EBIT": 1,
        "Net Income": -24
    },
    "2016-09-30": {
        "Diluted EPS": 0.29,
        "Total Revenue": 101,
        "Gross Profit": 77,
        "Operating Income": 42,
        "EBIT": 53,
        "Net Income": 18
    },
    "2016-06-30": {
        "Diluted EPS": -0.01,
        "Total Revenue": 65,
        "Gross Profit": 45,
        "Operating Income": 13,
        "EBIT": 24,
        "Net Income": 0
    },
    "2016-03-31": {
        "Diluted EPS": 0.45,
        "Total Revenue": 128,
        "Gross Profit": 96,
        "Operating Income": 60,
        "EBIT": 71,
        "Net Income": 28
    },
    "2015-12-31": {
        "Diluted EPS": 0.0,
        "Total Revenue": NaN,
        "Gross Profit": NaN,
        "Operating Income": NaN,
        "EBIT": NaN,
        "Net Income": NaN
    },
    "2014-12-31": {
        "Diluted EPS": 0.0,
        "Total Revenue": NaN,
        "Gross Profit": NaN,
        "Operating Income": NaN,
        "EBIT": NaN,
        "Net Income": NaN
    },
    "2023-06-30": {
        "Tax Effect Of Unusual Items": NaN,
        "Tax Rate For Calcs": NaN,
        "Normalized EBITDA": NaN,
        "Total Unusual Items": NaN,
        "Total Unusual Items Excluding Goodwill": NaN,
        "Net Income From Continuing Operation Net Minority Interest": NaN,
        "Reconciled Depreciation": NaN,
        "Reconciled Cost Of Revenue": NaN,
        "EBITDA": NaN,
        "EBIT": NaN,
        "Net Interest Income": NaN,
        "Interest Expense": NaN,
        "Interest Income": NaN,
        "Normalized Income": NaN,
        "Net Income From Continuing And Discontinued Operation": NaN,
        "Total Expenses": NaN,
        "Total Operating Income As Reported": NaN,
        "Diluted Average Shares": NaN,
        "Basic Average Shares": NaN,
        "Diluted EPS": NaN,
        "Basic EPS": NaN,
        "Diluted NI Availto Com Stockholders": NaN,
        "Net Income Common Stockholders": NaN,
        "Otherunder Preferred Stock Dividend": NaN,
        "Net Income": NaN,
        "Net Income Including Noncontrolling Interests": NaN,
        "Net Income Continuous Operations": NaN,
        "Tax Provision": NaN,
        "Pretax Income": NaN,
        "Other Income Expense": NaN,
        "Other Non Operating Income Expenses": -100000.0,
        "Special Income Charges": NaN,
        "Other Special Charges": 2300000.0,
        "Impairment Of Capital Assets": 0.0,
        "Net Non Operating Interest Income Expense": NaN,
        "Interest Expense Non Operating": NaN,
        "Interest Income Non Operating": NaN,
        "Operating Income": NaN,
        "Operating Expense": NaN,
        "Depreciation Amortization Depletion Income Statement": NaN,
        "Depreciation And Amortization In Income Statement": NaN,
        "Selling General And Administration": NaN,
        "Gross Profit": NaN,
        "Cost Of Revenue": NaN,
        "Total Revenue": NaN,
        "Operating Revenue": NaN
    },
    "2023-09-30": {
        "Tax Effect Of Unusual Items": NaN,
        "Tax Rate For Calcs": NaN,
        "Normalized EBITDA": NaN,
        "Total Unusual Items": NaN,
        "Total Unusual Items Excluding Goodwill": NaN,
        "Net Income From Continuing Operation Net Minority Interest": NaN,
        "Reconciled Depreciation": NaN,
        "Reconciled Cost Of Revenue": NaN,
        "EBITDA": NaN,
        "EBIT": NaN,
        "Net Interest Income": NaN,
        "Interest Expense": NaN,
        "Interest Income": NaN,
        "Normalized Income": NaN,
        "Net Income From Continuing And Discontinued Operation": NaN,
        "Total Expenses": NaN,
        "Total Operating Income As Reported": NaN,
        "Diluted Average Shares": NaN,
        "Basic Average Shares": NaN,
        "Diluted EPS": NaN,
        "Basic EPS": NaN,
        "Diluted NI Availto Com Stockholders": NaN,
        "Net Income Common Stockholders": NaN,
        "Otherunder Preferred Stock Dividend": NaN,
        "Net Income": NaN,
        "Net Income Including Noncontrolling Interests": NaN,
        "Net Income Continuous Operations": NaN,
        "Tax Provision": NaN,
        "Pretax Income": NaN,
        "Other Income Expense": 2700000.0,
        "Other Non Operating Income Expenses": -100000.0,
        "Special Income Charges": NaN,
        "Other Special Charges": -2800000.0,
        "Impairment Of Capital Assets": 0.0,
        "Net Non Operating Interest Income Expense": NaN,
        "Interest Expense Non Operating": NaN,
        "Interest Income Non Operating": NaN,
        "Operating Income": NaN,
        "Operating Expense": NaN,
        "Depreciation Amortization Depletion Income Statement": NaN,
        "Depreciation And Amortization In Income Statement": NaN,
        "Selling General And Administration": NaN,
        "Gross Profit": NaN,
        "Cost Of Revenue": NaN,
        "Total Revenue": NaN,
        "Operating Revenue": NaN
    },
    "2023-12-31": {
        "Tax Effect Of Unusual Items": NaN,
        "Tax Rate For Calcs": NaN,
        "Normalized EBITDA": NaN,
        "Total Unusual Items": NaN,
        "Total Unusual Items Excluding Goodwill": NaN,
        "Net Income From Continuing Operation Net Minority Interest": NaN,
        "Reconciled Depreciation": NaN,
        "Reconciled Cost Of Revenue": NaN,
        "EBITDA": NaN,
        "EBIT": NaN,
        "Net Interest Income": NaN,
        "Interest Expense": NaN,
        "Interest Income": NaN,
        "Normalized Income": NaN,
        "Net Income From Continuing And Discontinued Operation": NaN,
        "Total Expenses": NaN,
        "Total Operating Income As Reported": NaN,
        "Diluted Average Shares": NaN,
        "Basic Average Shares": NaN,
        "Diluted EPS": NaN,
        "Basic EPS": NaN,
        "Diluted NI Availto Com Stockholders": NaN,
        "Net Income Common Stockholders": NaN,
        "Otherunder Preferred Stock Dividend": NaN,
        "Net Income": NaN,
        "Net Income Including Noncontrolling Interests": NaN,
        "Net Income Continuous Operations": NaN,
        "Tax Provision": NaN,
        "Pretax Income": NaN,
        "Other Income Expense": 100000.0,
        "Other Non Operating Income Expenses": 3100000.0,
        "Special Income Charges": NaN,
        "Other Special Charges": 2800000.0,
        "Impairment Of Capital Assets": 0.0,
        "Net Non Operating Interest Income Expense": NaN,
        "Interest Expense Non Operating": NaN,
        "Interest Income Non Operating": NaN,
        "Operating Income": NaN,
        "Operating Expense": NaN,
        "Depreciation Amortization Depletion Income Statement": NaN,
        "Depreciation And Amortization In Income Statement": NaN,
        "Selling General And Administration": NaN,
        "Gross Profit": NaN,
        "Cost Of Revenue": NaN,
        "Total Revenue": NaN,
        "Operating Revenue": NaN
    },
    "2024-03-31": {
        "Tax Effect Of Unusual Items": NaN,
        "Tax Rate For Calcs": NaN,
        "Normalized EBITDA": NaN,
        "Total Unusual Items": NaN,
        "Total Unusual Items Excluding Goodwill": NaN,
        "Net Income From Continuing Operation Net Minority Interest": NaN,
        "Reconciled Depreciation": NaN,
        "Reconciled Cost Of Revenue": NaN,
        "EBITDA": NaN,
        "EBIT": NaN,
        "Net Interest Income": NaN,
        "Interest Expense": NaN,
        "Interest Income": NaN,
        "Normalized Income": NaN,
        "Net Income From Continuing And Discontinued Operation": NaN,
        "Total Expenses": NaN,
        "Total Operating Income As Reported": NaN,
        "Diluted Average Shares": NaN,
        "Basic Average Shares": NaN,
        "Diluted EPS": NaN,
        "Basic EPS": NaN,
        "Diluted NI Availto Com Stockholders": NaN,
        "Net Income Common Stockholders": NaN,
        "Otherunder Preferred Stock Dividend": NaN,
        "Net Income": NaN,
        "Net Income Including Noncontrolling Interests": NaN,
        "Net Income Continuous Operations": NaN,
        "Tax Provision": NaN,
        "Pretax Income": NaN,
        "Other Income Expense": 1000000.0,
        "Special Income Charges": NaN,
        "Other Special Charges": -1000000.0,
        "Impairment Of Capital Assets": NaN,
        "Net Non Operating Interest Income Expense": NaN,
        "Interest Expense Non Operating": NaN,
        "Interest Income Non Operating": NaN,
        "Operating Income": NaN,
        "Operating Expense": NaN,
        "Depreciation Amortization Depletion Income Statement": NaN,
        "Depreciation And Amortization In Income Statement": NaN,
        "Selling General And Administration": NaN,
        "Gross Profit": NaN,
        "Cost Of Revenue": NaN,
        "Total Revenue": NaN,
        "Operating Revenue": NaN
    },
    "2024-06-30": {
        "Tax Effect Of Unusual Items": NaN,
        "Tax Rate For Calcs": NaN,
        "Normalized EBITDA": NaN,
        "Total Unusual Items": 0.0,
        "Total Unusual Items Excluding Goodwill": 0.0,
        "Net Income From Continuing Operation Net Minority Interest": NaN,
        "Reconciled Depreciation": NaN,
        "Reconciled Cost Of Revenue": NaN,
        "EBITDA": NaN,
        "EBIT": NaN,
        "Net Interest Income": NaN,
        "Interest Expense": NaN,
        "Interest Income": NaN,
        "Normalized Income": NaN,
        "Net Income From Continuing And Discontinued Operation": NaN,
        "Total Expenses": NaN,
        "Total Operating Income As Reported": NaN,
        "Diluted Average Shares": NaN,
        "Basic Average Shares": NaN,
        "Diluted EPS": NaN,
        "Basic EPS": NaN,
        "Diluted NI Availto Com Stockholders": NaN,
        "Net Income Common Stockholders": NaN,
        "Otherunder Preferred Stock Dividend": NaN,
        "Net Income": NaN,
        "Net Income Including Noncontrolling Interests": NaN,
        "Net Income Continuous Operations": NaN,
        "Tax Provision": NaN,
        "Pretax Income": NaN,
        "Other Income Expense": NaN,
        "Special Income Charges": 0.0,
        "Other Special Charges": NaN,
        "Impairment Of Capital Assets": NaN,
        "Net Non Operating Interest Income Expense": NaN,
        "Interest Expense Non Operating": NaN,
        "Interest Income Non Operating": NaN,
        "Operating Income": NaN,
        "Operating Expense": NaN,
        "Depreciation Amortization Depletion Income Statement": NaN,
        "Depreciation And Amortization In Income Statement": NaN,
        "Selling General And Administration": NaN,
        "Gross Profit": NaN,
        "Cost Of Revenue": NaN,
        "Total Revenue": NaN,
        "Operating Revenue": NaN
    },
    "2024-09-30": {
        "Tax Effect Of Unusual Items": -1575000.0,
        "Tax Rate For Calcs": 0.25,
        "Normalized EBITDA": 10900000.0,
        "Total Unusual Items": -6300000.0,
        "Total Unusual Items Excluding Goodwill": -6300000.0,
        "Net Income From Continuing Operation Net Minority Interest": -11100000.0,
        "Reconciled Depreciation": 7100000.0,
        "Reconciled Cost Of Revenue": 23100000.0,
        "EBITDA": 4600000.0,
        "EBIT": -2500000.0,
        "Net Interest Income": -10100000.0,
        "Interest Expense": 12300000.0,
        "Interest Income": 2200000.0,
        "Normalized Income": -6375000.0,
        "Net Income From Continuing And Discontinued Operation": -11100000.0,
        "Total Expenses": 71000000.0,
        "Total Operating Income As Reported": -4700000.0,
        "Diluted Average Shares": 203893000.0,
        "Basic Average Shares": 203893000.0,
        "Diluted EPS": -0.05,
        "Basic EPS": -0.05,
        "Diluted NI Availto Com Stockholders": -11100000.0,
        "Net Income Common Stockholders": -11100000.0,
        "Otherunder Preferred Stock Dividend": 0.0,
        "Net Income": -11100000.0,
        "Net Income Including Noncontrolling Interests": -11100000.0,
        "Net Income Continuous Operations": -11100000.0,
        "Tax Provision": -3700000.0,
        "Pretax Income": -14800000.0,
        "Other Income Expense": -6300000.0,
        "Special Income Charges": -6300000.0,
        "Other Special Charges": NaN,
        "Impairment Of Capital Assets": 6300000.0,
        "Net Non Operating Interest Income Expense": -10100000.0,
        "Interest Expense Non Operating": 12300000.0,
        "Interest Income Non Operating": 2200000.0,
        "Operating Income": 1600000.0,
        "Operating Expense": 47900000.0,
        "Depreciation Amortization Depletion Income Statement": 7100000.0,
        "Depreciation And Amortization In Income Statement": 7100000.0,
        "Selling General And Administration": 40800000.0,
        "Gross Profit": 49500000.0,
        "Cost Of Revenue": 23100000.0,
        "Total Revenue": 72600000.0,
        "Operating Revenue": 72600000.0
    },
    "2024-12-31": {
        "Tax Effect Of Unusual Items": -420000.0,
        "Tax Rate For Calcs": 0.21,
        "Normalized EBITDA": 31800000.0,
        "Total Unusual Items": -2000000.0,
        "Total Unusual Items Excluding Goodwill": -2000000.0,
        "Net Income From Continuing Operation Net Minority Interest": 5100000.0,
        "Reconciled Depreciation": 7100000.0,
        "Reconciled Cost Of Revenue": 43800000.0,
        "EBITDA": 29800000.0,
        "EBIT": 22700000.0,
        "Net Interest Income": -9500000.0,
        "Interest Expense": 11400000.0,
        "Interest Income": 1900000.0,
        "Normalized Income": 6680000.0,
        "Net Income From Continuing And Discontinued Operation": 5100000.0,
        "Total Expenses": 85500000.0,
        "Total Operating Income As Reported": 20800000.0,
        "Diluted Average Shares": 202825000.0,
        "Basic Average Shares": 202495000.0,
        "Diluted EPS": 0.03,
        "Basic EPS": 0.03,
        "Diluted NI Availto Com Stockholders": 5100000.0,
        "Net Income Common Stockholders": 5100000.0,
        "Otherunder Preferred Stock Dividend": 0.0,
        "Net Income": 5100000.0,
        "Net Income Including Noncontrolling Interests": 5100000.0,
        "Net Income Continuous Operations": 5100000.0,
        "Tax Provision": 6200000.0,
        "Pretax Income": 11300000.0,
        "Other Income Expense": -500000.0,
        "Special Income Charges": -2000000.0,
        "Other Special Charges": NaN,
        "Impairment Of Capital Assets": 1000000.0,
        "Net Non Operating Interest Income Expense": -9500000.0,
        "Interest Expense Non Operating": 11400000.0,
        "Interest Income Non Operating": 1900000.0,
        "Operating Income": 21300000.0,
        "Operating Expense": 41700000.0,
        "Depreciation Amortization Depletion Income Statement": 7100000.0,
        "Depreciation And Amortization In Income Statement": 7100000.0,
        "Selling General And Administration": 34600000.0,
        "Gross Profit": 63000000.0,
        "Cost Of Revenue": 43800000.0,
        "Total Revenue": 106800000.0,
        "Operating Revenue": 106800000.0
    },
    "2025-03-31": {
        "Tax Effect Of Unusual Items": 0.0,
        "Tax Rate For Calcs": 0.261,
        "Normalized EBITDA": 44500000.0,
        "Total Unusual Items": 0.0,
        "Total Unusual Items Excluding Goodwill": 0.0,
        "Net Income From Continuing Operation Net Minority Interest": 15300000.0,
        "Reconciled Depreciation": 6400000.0,
        "Reconciled Cost Of Revenue": 51400000.0,
        "EBITDA": 44500000.0,
        "EBIT": 38100000.0,
        "Net Interest Income": -15100000.0,
        "Interest Expense": 17400000.0,
        "Interest Income": 2300000.0,
        "Normalized Income": 15300000.0,
        "Net Income From Continuing And Discontinued Operation": 15300000.0,
        "Total Expenses": 111900000.0,
        "Total Operating Income As Reported": 35800000.0,
        "Diluted Average Shares": 200841000.0,
        "Basic Average Shares": 200596000.0,
        "Diluted EPS": 0.08,
        "Basic EPS": 0.08,
        "Diluted NI Availto Com Stockholders": 15300000.0,
        "Net Income Common Stockholders": 15300000.0,
        "Otherunder Preferred Stock Dividend": 0.0,
        "Net Income": 15300000.0,
        "Net Income Including Noncontrolling Interests": 15300000.0,
        "Net Income Continuous Operations": 15300000.0,
        "Tax Provision": 5400000.0,
        "Pretax Income": 20700000.0,
        "Other Income Expense": NaN,
        "Special Income Charges": 0.0,
        "Other Special Charges": NaN,
        "Impairment Of Capital Assets": NaN,
        "Net Non Operating Interest Income Expense": -15100000.0,
        "Interest Expense Non Operating": 17400000.0,
        "Interest Income Non Operating": 2300000.0,
        "Operating Income": 35800000.0,
        "Operating Expense": 60500000.0,
        "Depreciation Amortization Depletion Income Statement": 6400000.0,
        "Depreciation And Amortization In Income Statement": 6400000.0,
        "Selling General And Administration": 54100000.0,
        "Gross Profit": 96300000.0,
        "Cost Of Revenue": 51400000.0,
        "Total Revenue": 147700000.0,
        "Operating Revenue": 147700000.0
    },
    "2025-06-30": {
        "Tax Effect Of Unusual Items": 0.0,
        "Tax Rate For Calcs": 0.21,
        "Normalized EBITDA": 19100000.0,
        "Total Unusual Items": NaN,
        "Total Unusual Items Excluding Goodwill": NaN,
        "Net Income From Continuing Operation Net Minority Interest": -1400000.0,
        "Reconciled Depreciation": 7600000.0,
        "Reconciled Cost Of Revenue": 40600000.0,
        "EBITDA": 19100000.0,
        "EBIT": 11500000.0,
        "Net Interest Income": -9600000.0,
        "Interest Expense": 10900000.0,
        "Interest Income": 1300000.0,
        "Normalized Income": -1400000.0,
        "Net Income From Continuing And Discontinued Operation": -1400000.0,
        "Total Expenses": 95300000.0,
        "Total Operating Income As Reported": 10200000.0,
        "Diluted Average Shares": 198650000.0,
        "Basic Average Shares": 198650000.0,
        "Diluted EPS": -0.01,
        "Basic EPS": -0.01,
        "Diluted NI Availto Com Stockholders": -1400000.0,
        "Net Income Common Stockholders": -1400000.0,
        "Otherunder Preferred Stock Dividend": 0.0,
        "Net Income": -1400000.0,
        "Net Income Including Noncontrolling Interests": -1400000.0,
        "Net Income Continuous Operations": -1400000.0,
        "Tax Provision": 2000000.0,
        "Pretax Income": 600000.0,
        "Other Income Expense": NaN,
        "Special Income Charges": NaN,
        "Other Special Charges": NaN,
        "Impairment Of Capital Assets": NaN,
        "Net Non Operating Interest Income Expense": -9600000.0,
        "Interest Expense Non Operating": 10900000.0,
        "Interest Income Non Operating": 1300000.0,
        "Operating Income": 10200000.0,
        "Operating Expense": 54700000.0,
        "Depreciation Amortization Depletion Income Statement": 7600000.0,
        "Depreciation And Amortization In Income Statement": 7600000.0,
        "Selling General And Administration": 47100000.0,
        "Gross Profit": 64900000.0,
        "Cost Of Revenue": 40600000.0,
        "Total Revenue": 105500000.0,
        "Operating Revenue": 105500000.0
    },
    "2025-09-30": {
        "Tax Effect Of Unusual Items": 0.0,
        "Tax Rate For Calcs": 0.196,
        "Normalized EBITDA": 1500000.0,
        "Total Unusual Items": 0.0,
        "Total Unusual Items Excluding Goodwill": 0.0,
        "Net Income From Continuing Operation Net Minority Interest": -14400000.0,
        "Reconciled Depreciation": 8700000.0,
        "Reconciled Cost Of Revenue": 25300000.0,
        "EBITDA": 1500000.0,
        "EBIT": -7200000.0,
        "Net Interest Income": -10100000.0,
        "Interest Expense": 10700000.0,
        "Interest Income": 600000.0,
        "Normalized Income": -14400000.0,
        "Net Income From Continuing And Discontinued Operation": -14400000.0,
        "Total Expenses": 85300000.0,
        "Total Operating Income As Reported": -7800000.0,
        "Diluted Average Shares": 197950000.0,
        "Basic Average Shares": 197950000.0,
        "Diluted EPS": -0.07,
        "Basic EPS": -0.07,
        "Diluted NI Availto Com Stockholders": -14400000.0,
        "Net Income Common Stockholders": -14400000.0,
        "Otherunder Preferred Stock Dividend": 0.0,
        "Net Income": -14400000.0,
        "Net Income Including Noncontrolling Interests": -14400000.0,
        "Net Income Continuous Operations": -14400000.0,
        "Tax Provision": -3500000.0,
        "Pretax Income": -17900000.0,
        "Other Income Expense": NaN,
        "Special Income Charges": 0.0,
        "Other Special Charges": NaN,
        "Impairment Of Capital Assets": 0.0,
        "Net Non Operating Interest Income Expense": -10100000.0,
        "Interest Expense Non Operating": 10700000.0,
        "Interest Income Non Operating": 600000.0,
        "Operating Income": -7800000.0,
        "Operating Expense": 60000000.0,
        "Depreciation Amortization Depletion Income Statement": 8700000.0,
        "Depreciation And Amortization In Income Statement": 8700000.0,
        "Selling General And Administration": 51300000.0,
        "Gross Profit": 52200000.0,
        "Cost Of Revenue": 25300000.0,
        "Total Revenue": 77500000.0,
        "Operating Revenue": 77500000.0
    }
}