{
    "2023-06-30": {
        "Tax Effect Of Unusual Items": NaN,
        "Tax Rate For Calcs": NaN,
        "Net Income From Continuing Operation Net Minority Interest": NaN,
        "EBIT": NaN,
        "Net Interest Income": NaN,
        "Interest Expense": NaN,
        "Interest Income": NaN,
        "Normalized Income": NaN,
        "Net Income From Continuing And Discontinued Operation": NaN,
        "Total Expenses": NaN,
        "Diluted Average Shares": NaN,
        "Basic Average Shares": NaN,
        "Diluted EPS": NaN,
        "Basic EPS": NaN,
        "Diluted NI Availto Com Stockholders": NaN,
        "Net Income Common Stockholders": NaN,
        "Otherunder Preferred Stock Dividend": 8000000.0,
        "Net Income": NaN,
        "Net Income Including Noncontrolling Interests": NaN,
        "Net Income Continuous Operations": NaN,
        "Tax Provision": NaN,
        "Pretax Income": NaN,
        "Other Income Expense": NaN,
        "Net Non Operating Interest Income Expense": NaN,
        "Interest Expense Non Operating": NaN,
        "Other Operating Expenses": NaN,
        "Total Revenue": NaN,
        "Operating Revenue": NaN,
        "Loss Adjustment Expense": NaN,
        "Net Policyholder Benefits And Claims": NaN
    },
    "2023-03-31": {
        "Tax Effect Of Unusual Items": NaN,
        "Tax Rate For Calcs": NaN,
        "Net Income From Continuing Operation Net Minority Interest": NaN,
        "EBIT": NaN,
        "Net Interest Income": NaN,
        "Interest Expense": NaN,
        "Interest Income": NaN,
        "Normalized Income": NaN,
        "Net Income From Continuing And Discontinued Operation": NaN,
        "Total Expenses": NaN,
        "Diluted Average Shares": NaN,
        "Basic Average Shares": NaN,
        "Diluted EPS": NaN,
        "Basic EPS": NaN,
        "Diluted NI Availto Com Stockholders": NaN,
        "Net Income Common Stockholders": NaN,
        "Otherunder Preferred Stock Dividend": 5000000.0,
        "Net Income": NaN,
        "Net Income Including Noncontrolling Interests": NaN,
        "Net Income Continuous Operations": NaN,
        "Tax Provision": NaN,
        "Pretax Income": NaN,
        "Other Income Expense": NaN,
        "Net Non Operating Interest Income Expense": NaN,
        "Interest Expense Non Operating": NaN,
        "Other Operating Expenses": NaN,
        "Selling General And Administration": 19000000.0,
        "General And Administrative Expense": 19000000.0,
        "Other Gand A": 19000000.0,
        "Total Revenue": NaN,
        "Operating Revenue": NaN,
        "Loss Adjustment Expense": NaN,
        "Net Policyholder Benefits And Claims": NaN
    },
    "2022-12-31": {
        "Tax Effect Of Unusual Items": NaN,
        "Tax Rate For Calcs": NaN,
        "Net Income From Continuing Operation Net Minority Interest": NaN,
        "EBIT": NaN,
        "Net Interest Income": NaN,
        "Interest Expense": NaN,
        "Interest Income": NaN,
        "Normalized Income": NaN,
        "Net Income From Continuing And Discontinued Operation": NaN,
        "Total Expenses": NaN,
        "Diluted Average Shares": NaN,
        "Basic Average Shares": NaN,
        "Diluted EPS": NaN,
        "Basic EPS": NaN,
        "Diluted NI Availto Com Stockholders": NaN,
        "Net Income Common Stockholders": NaN,
        "Otherunder Preferred Stock Dividend": 7000000.0,
        "Net Income": NaN,
        "Net Income Including Noncontrolling Interests": NaN,
        "Net Income Continuous Operations": NaN,
        "Tax Provision": NaN,
        "Pretax Income": NaN,
        "Other Income Expense": NaN,
        "Net Non Operating Interest Income Expense": NaN,
        "Interest Expense Non Operating": NaN,
        "Other Operating Expenses": NaN,
        "Selling General And Administration": 16000000.0,
        "General And Administrative Expense": 16000000.0,
        "Other Gand A": 16000000.0,
        "Total Revenue": NaN,
        "Operating Revenue": NaN,
        "Loss Adjustment Expense": NaN,
        "Net Policyholder Benefits And Claims": NaN
    },
    "2022-09-30": {
        "Tax Effect Of Unusual Items": NaN,
        "Tax Rate For Calcs": NaN,
        "Net Income From Continuing Operation Net Minority Interest": NaN,
        "EBIT": NaN,
        "Net Interest Income": NaN,
        "Interest Expense": NaN,
        "Interest Income": NaN,
        "Normalized Income": NaN,
        "Net Income From Continuing And Discontinued Operation": NaN,
        "Total Expenses": NaN,
        "Diluted Average Shares": NaN,
        "Basic Average Shares": NaN,
        "Diluted EPS": NaN,
        "Basic EPS": NaN,
        "Diluted NI Availto Com Stockholders": NaN,
        "Net Income Common Stockholders": NaN,
        "Otherunder Preferred Stock Dividend": NaN,
        "Net Income": NaN,
        "Net Income Including Noncontrolling Interests": NaN,
        "Net Income Continuous Operations": NaN,
        "Tax Provision": NaN,
        "Pretax Income": NaN,
        "Other Income Expense": NaN,
        "Net Non Operating Interest Income Expense": NaN,
        "Interest Expense Non Operating": NaN,
        "Other Operating Expenses": NaN,
        "Selling General And Administration": 16000000.0,
        "General And Administrative Expense": 16000000.0,
        "Other Gand A": 16000000.0,
        "Total Revenue": NaN,
        "Operating Revenue": NaN
    },
    "2022-06-30": {
        "Tax Effect Of Unusual Items": 0.0,
        "Tax Rate For Calcs": 0.4,
        "Net Income From Continuing Operation Net Minority Interest": 122630000.0,
        "EBIT": 143521000.0,
        "Net Interest Income": -24398000.0,
        "Interest Expense": 24398000.0,
        "Interest Income": NaN,
        "Normalized Income": 122630000.0,
        "Net Income From Continuing And Discontinued Operation": 122630000.0,
        "Total Expenses": 2715490000.0,
        "Diluted Average Shares": 39400000.0,
        "Basic Average Shares": 38900000.0,
        "Diluted EPS": 3.11,
        "Basic EPS": 3.11,
        "Diluted NI Availto Com Stockholders": 122630000.0,
        "Net Income Common Stockholders": 122630000.0,
        "Otherunder Preferred Stock Dividend": NaN,
        "Net Income": 122630000.0,
        "Net Income Including Noncontrolling Interests": 122630000.0,
        "Net Income Continuous Operations": 122630000.0,
        "Tax Provision": -3507000.0,
        "Pretax Income": 119123000.0,
        "Other Income Expense": -71337000.0,
        "Net Non Operating Interest Income Expense": -24398000.0,
        "Interest Expense Non Operating": 24398000.0,
        "Other Operating Expenses": 15018000.0,
        "Selling General And Administration": 15018000.0,
        "General And Administrative Expense": 15018000.0,
        "Other Gand A": 15018000.0,
        "Total Revenue": 2834613000.0,
        "Operating Revenue": 2834613000.0
    },
    "2023-09-30": {
        "Tax Effect Of Unusual Items": NaN,
        "Tax Rate For Calcs": NaN,
        "Net Income From Continuing Operation Net Minority Interest": NaN,
        "EBIT": NaN,
        "Net Interest Income": NaN,
        "Interest Expense": NaN,
        "Interest Income": NaN,
        "Normalized Income": NaN,
        "Net Income From Continuing And Discontinued Operation": NaN,
        "Total Expenses": NaN,
        "Diluted Average Shares": NaN,
        "Basic Average Shares": NaN,
        "Diluted EPS": NaN,
        "Basic EPS": NaN,
        "Diluted NI Availto Com Stockholders": NaN,
        "Net Income Common Stockholders": NaN,
        "Otherunder Preferred Stock Dividend": 7000000.0,
        "Net Income": NaN,
        "Net Income Including Noncontrolling Interests": NaN,
        "Net Income Continuous Operations": NaN,
        "Tax Provision": NaN,
        "Pretax Income": NaN,
        "Other Income Expense": NaN,
        "Net Non Operating Interest Income Expense": NaN,
        "Interest Expense Non Operating": NaN,
        "Other Operating Expenses": NaN,
        "Total Revenue": NaN,
        "Operating Revenue": NaN,
        "Loss Adjustment Expense": NaN,
        "Net Policyholder Benefits And Claims": NaN
    },
    "2023-12-31": {
        "Tax Effect Of Unusual Items": 0.0,
        "Tax Rate For Calcs": 0.21,
        "Net Income From Continuing Operation Net Minority Interest": 804000000.0,
        "EBIT": 306000000.0,
        "Net Interest Income": -35000000.0,
        "Interest Expense": 35000000.0,
        "Interest Income": 3000000.0,
        "Normalized Income": 804000000.0,
        "Net Income From Continuing And Discontinued Operation": 804000000.0,
        "Total Expenses": 3362000000.0,
        "Diluted Average Shares": 43389099.0,
        "Basic Average Shares": 43389099.0,
        "Diluted EPS": 18.53,
        "Basic EPS": 18.53,
        "Diluted NI Availto Com Stockholders": 775000000.0,
        "Net Income Common Stockholders": 775000000.0,
        "Otherunder Preferred Stock Dividend": NaN,
        "Net Income": 804000000.0,
        "Net Income Including Noncontrolling Interests": 804000000.0,
        "Net Income Continuous Operations": 803000000.0,
        "Tax Provision": -532000000.0,
        "Pretax Income": 271000000.0,
        "Other Income Expense": -75000000.0,
        "Net Non Operating Interest Income Expense": -35000000.0,
        "Interest Expense Non Operating": 35000000.0,
        "Other Operating Expenses": 18000000.0,
        "Total Revenue": 3632000000.0,
        "Operating Revenue": 3632000000.0,
        "Loss Adjustment Expense": 2254000000.0,
        "Net Policyholder Benefits And Claims": 2254000000.0
    },
    "2024-03-31": {
        "Tax Effect Of Unusual Items": 0.0,
        "Tax Rate For Calcs": 0.11899,
        "Net Income From Continuing Operation Net Minority Interest": 733000000.0,
        "EBIT": 869000000.0,
        "Net Interest Income": -37000000.0,
        "Interest Expense": 37000000.0,
        "Interest Income": 6000000.0,
        "Normalized Income": 733000000.0,
        "Net Income From Continuing And Discontinued Operation": 733000000.0,
        "Total Expenses": 3248000000.0,
        "Diluted Average Shares": 43449911.0,
        "Basic Average Shares": 43449911.0,
        "Diluted EPS": 16.87,
        "Basic EPS": 16.87,
        "Diluted NI Availto Com Stockholders": 725000000.0,
        "Net Income Common Stockholders": 725000000.0,
        "Otherunder Preferred Stock Dividend": 8000000.0,
        "Net Income": 733000000.0,
        "Net Income Including Noncontrolling Interests": 733000000.0,
        "Net Income Continuous Operations": 733000000.0,
        "Tax Provision": 99000000.0,
        "Pretax Income": 832000000.0,
        "Other Income Expense": 31000000.0,
        "Net Non Operating Interest Income Expense": -37000000.0,
        "Interest Expense Non Operating": 37000000.0,
        "Other Operating Expenses": 22000000.0,
        "Total Revenue": 4080000000.0,
        "Operating Revenue": 4080000000.0,
        "Loss Adjustment Expense": 2237000000.0,
        "Net Policyholder Benefits And Claims": 2237000000.0
    },
    "2024-06-30": {
        "Tax Effect Of Unusual Items": 0.0,
        "Tax Rate For Calcs": 0.129808,
        "Net Income From Continuing Operation Net Minority Interest": 724000000.0,
        "EBIT": 869000000.0,
        "Net Interest Income": -37000000.0,
        "Interest Expense": 37000000.0,
        "Interest Income": 9000000.0,
        "Normalized Income": 724000000.0,
        "Net Income From Continuing And Discontinued Operation": 724000000.0,
        "Total Expenses": 3296000000.0,
        "Diluted Average Shares": 43353293.0,
        "Basic Average Shares": 43353293.0,
        "Diluted EPS": 16.7,
        "Basic EPS": 16.7,
        "Diluted NI Availto Com Stockholders": 715000000.0,
        "Net Income Common Stockholders": 715000000.0,
        "Otherunder Preferred Stock Dividend": 9000000.0,
        "Net Income": 724000000.0,
        "Net Income Including Noncontrolling Interests": 724000000.0,
        "Net Income Continuous Operations": 724000000.0,
        "Tax Provision": 108000000.0,
        "Pretax Income": 832000000.0,
        "Other Income Expense": 23000000.0,
        "Net Non Operating Interest Income Expense": -37000000.0,
        "Interest Expense Non Operating": 37000000.0,
        "Other Operating Expenses": 18000000.0,
        "Total Revenue": 4129000000.0,
        "Operating Revenue": 4129000000.0,
        "Loss Adjustment Expense": 2311000000.0,
        "Net Policyholder Benefits And Claims": 2311000000.0
    },
    "2024-09-30": {
        "Tax Effect Of Unusual Items": 0.0,
        "Tax Rate For Calcs": 0.117851,
        "Net Income From Continuing Operation Net Minority Interest": 509000000.0,
        "EBIT": 615000000.0,
        "Net Interest Income": -38000000.0,
        "Interest Expense": 38000000.0,
        "Interest Income": 5000000.0,
        "Normalized Income": 509000000.0,
        "Net Income From Continuing And Discontinued Operation": 509000000.0,
        "Total Expenses": 3673000000.0,
        "Diluted Average Shares": 43135593.0,
        "Basic Average Shares": 43135593.0,
        "Diluted EPS": 11.8,
        "Basic EPS": 11.8,
        "Diluted NI Availto Com Stockholders": 503000000.0,
        "Net Income Common Stockholders": 503000000.0,
        "Otherunder Preferred Stock Dividend": 6000000.0,
        "Net Income": 509000000.0,
        "Net Income Including Noncontrolling Interests": 509000000.0,
        "Net Income Continuous Operations": 509000000.0,
        "Tax Provision": 68000000.0,
        "Pretax Income": 577000000.0,
        "Other Income Expense": -102000000.0,
        "Net Non Operating Interest Income Expense": -38000000.0,
        "Interest Expense Non Operating": 38000000.0,
        "Other Operating Expenses": 25000000.0,
        "Total Revenue": 4251000000.0,
        "Operating Revenue": 4251000000.0,
        "Loss Adjustment Expense": 2584000000.0,
        "Net Policyholder Benefits And Claims": 2584000000.0
    },
    "2024-12-31": {
        "Tax Effect Of Unusual Items": 0.0,
        "Tax Rate For Calcs": 0.207219,
        "Net Income From Continuing Operation Net Minority Interest": -593000000.0,
        "EBIT": -711000000.0,
        "Net Interest Income": -37000000.0,
        "Interest Expense": 37000000.0,
        "Interest Income": 6000000.0,
        "Normalized Income": -593000000.0,
        "Net Income From Continuing And Discontinued Operation": -593000000.0,
        "Total Expenses": 5359000000.0,
        "Diluted Average Shares": 42478510.0,
        "Basic Average Shares": 42478510.0,
        "Diluted EPS": -13.96,
        "Basic EPS": -13.96,
        "Diluted NI Availto Com Stockholders": -585000000.0,
        "Net Income Common Stockholders": -585000000.0,
        "Otherunder Preferred Stock Dividend": -8000000.0,
        "Net Income": -593000000.0,
        "Net Income Including Noncontrolling Interests": -593000000.0,
        "Net Income Continuous Operations": -593000000.0,
        "Tax Provision": -155000000.0,
        "Pretax Income": -748000000.0,
        "Other Income Expense": 169000000.0,
        "Net Non Operating Interest Income Expense": -37000000.0,
        "Interest Expense Non Operating": 37000000.0,
        "Other Operating Expenses": 26000000.0,
        "Total Revenue": 4614000000.0,
        "Operating Revenue": 4614000000.0,
        "Loss Adjustment Expense": 4173000000.0,
        "Net Policyholder Benefits And Claims": 4173000000.0
    },
    "2025-03-31": {
        "Tax Effect Of Unusual Items": 0.0,
        "Tax Rate For Calcs": 0.157258,
        "Net Income From Continuing Operation Net Minority Interest": 210000000.0,
        "EBIT": 286000000.0,
        "Net Interest Income": -38000000.0,
        "Interest Expense": 38000000.0,
        "Interest Income": 12000000.0,
        "Normalized Income": 210000000.0,
        "Net Income From Continuing And Discontinued Operation": 210000000.0,
        "Total Expenses": 3989000000.0,
        "Diluted Average Shares": 42857143.0,
        "Basic Average Shares": 42857143.0,
        "Diluted EPS": 4.9,
        "Basic EPS": 4.9,
        "Diluted NI Availto Com Stockholders": 208000000.0,
        "Net Income Common Stockholders": 208000000.0,
        "Otherunder Preferred Stock Dividend": 2000000.0,
        "Net Income": 210000000.0,
        "Net Income Including Noncontrolling Interests": 210000000.0,
        "Net Income Continuous Operations": 209000000.0,
        "Tax Provision": 39000000.0,
        "Pretax Income": 248000000.0,
        "Other Income Expense": -73000000.0,
        "Net Non Operating Interest Income Expense": -38000000.0,
        "Interest Expense Non Operating": 38000000.0,
        "Other Operating Expenses": 21000000.0,
        "Total Revenue": 4238000000.0,
        "Operating Revenue": 4238000000.0,
        "Loss Adjustment Expense": 2893000000.0,
        "Net Policyholder Benefits And Claims": 2893000000.0
    },
    "2025-06-30": {
        "Tax Effect Of Unusual Items": 0.0,
        "Tax Rate For Calcs": 0.165644,
        "Net Income From Continuing Operation Net Minority Interest": 680000000.0,
        "EBIT": 853000000.0,
        "Net Interest Income": -38000000.0,
        "Interest Expense": 38000000.0,
        "Interest Income": 2000000.0,
        "Normalized Income": 680000000.0,
        "Net Income From Continuing And Discontinued Operation": 680000000.0,
        "Total Expenses": 3589000000.0,
        "Diluted Average Shares": 42236025.0,
        "Basic Average Shares": 42236025.0,
        "Diluted EPS": 16.1,
        "Basic EPS": 16.1,
        "Diluted NI Availto Com Stockholders": 672000000.0,
        "Net Income Common Stockholders": 672000000.0,
        "Otherunder Preferred Stock Dividend": 8000000.0,
        "Net Income": 680000000.0,
        "Net Income Including Noncontrolling Interests": 680000000.0,
        "Net Income Continuous Operations": 680000000.0,
        "Tax Provision": 135000000.0,
        "Pretax Income": 815000000.0,
        "Other Income Expense": -27000000.0,
        "Net Non Operating Interest Income Expense": -38000000.0,
        "Interest Expense Non Operating": 38000000.0,
        "Other Operating Expenses": 33000000.0,
        "Total Revenue": 4404000000.0,
        "Operating Revenue": 4404000000.0,
        "Loss Adjustment Expense": 2472000000.0,
        "Net Policyholder Benefits And Claims": 2472000000.0
    }
}