{
    "2023-03-31": {
        "Tax Effect Of Unusual Items": NaN,
        "Tax Rate For Calcs": NaN,
        "Normalized EBITDA": NaN,
        "Net Income From Continuing Operation Net Minority Interest": NaN,
        "Reconciled Depreciation": NaN,
        "Reconciled Cost Of Revenue": NaN,
        "EBITDA": NaN,
        "EBIT": NaN,
        "Net Interest Income": NaN,
        "Interest Income": NaN,
        "Normalized Income": NaN,
        "Net Income From Continuing And Discontinued Operation": NaN,
        "Total Expenses": NaN,
        "Total Operating Income As Reported": NaN,
        "Diluted Average Shares": 32122000.0,
        "Basic Average Shares": 32122000.0,
        "Diluted EPS": -0.01,
        "Basic EPS": -0.01,
        "Diluted NI Availto Com Stockholders": NaN,
        "Net Income Common Stockholders": NaN,
        "Net Income": NaN,
        "Net Income Including Noncontrolling Interests": NaN,
        "Net Income Continuous Operations": NaN,
        "Tax Provision": NaN,
        "Pretax Income": NaN,
        "Other Income Expense": NaN,
        "Other Non Operating Income Expenses": NaN,
        "Net Non Operating Interest Income Expense": NaN,
        "Interest Income Non Operating": NaN,
        "Operating Income": NaN,
        "Operating Expense": NaN,
        "Research And Development": NaN,
        "Selling General And Administration": NaN,
        "Selling And Marketing Expense": NaN,
        "General And Administrative Expense": NaN,
        "Other Gand A": NaN,
        "Gross Profit": NaN,
        "Cost Of Revenue": NaN,
        "Total Revenue": NaN,
        "Operating Revenue": NaN
    },
    "2022-12-31": {
        "Tax Effect Of Unusual Items": 0.0,
        "Tax Rate For Calcs": 0.21,
        "Normalized EBITDA": 618000.0,
        "Net Income From Continuing Operation Net Minority Interest": -104000.0,
        "Reconciled Depreciation": 405000.0,
        "Reconciled Cost Of Revenue": 6752000.0,
        "EBITDA": 618000.0,
        "EBIT": 213000.0,
        "Net Interest Income": 529000.0,
        "Interest Income": 529000.0,
        "Normalized Income": -104000.0,
        "Net Income From Continuing And Discontinued Operation": -104000.0,
        "Total Expenses": 25387000.0,
        "Total Operating Income As Reported": 213000.0,
        "Diluted Average Shares": 32018000.0,
        "Basic Average Shares": 32018000.0,
        "Diluted EPS": -0.003248,
        "Basic EPS": -0.003248,
        "Diluted NI Availto Com Stockholders": -104000.0,
        "Net Income Common Stockholders": -104000.0,
        "Net Income": -104000.0,
        "Net Income Including Noncontrolling Interests": -104000.0,
        "Net Income Continuous Operations": -104000.0,
        "Tax Provision": 301000.0,
        "Pretax Income": 197000.0,
        "Other Income Expense": -545000.0,
        "Other Non Operating Income Expenses": -545000.0,
        "Net Non Operating Interest Income Expense": 529000.0,
        "Interest Income Non Operating": 529000.0,
        "Operating Income": 213000.0,
        "Operating Expense": 18635000.0,
        "Research And Development": 7188000.0,
        "Selling General And Administration": 11447000.0,
        "Selling And Marketing Expense": 8895000.0,
        "General And Administrative Expense": 2552000.0,
        "Other Gand A": 2552000.0,
        "Gross Profit": 18848000.0,
        "Cost Of Revenue": 6752000.0,
        "Total Revenue": 25600000.0,
        "Operating Revenue": 25600000.0
    },
    "2022-09-30": {
        "Tax Effect Of Unusual Items": 0.0,
        "Tax Rate For Calcs": 0.4,
        "Normalized EBITDA": -272000.0,
        "Net Income From Continuing Operation Net Minority Interest": -16000.0,
        "Reconciled Depreciation": 398000.0,
        "Reconciled Cost Of Revenue": 6282000.0,
        "EBITDA": -272000.0,
        "EBIT": -670000.0,
        "Net Interest Income": 286000.0,
        "Interest Income": 286000.0,
        "Normalized Income": -16000.0,
        "Net Income From Continuing And Discontinued Operation": -16000.0,
        "Total Expenses": 25433000.0,
        "Total Operating Income As Reported": -670000.0,
        "Diluted Average Shares": 31933000.0,
        "Basic Average Shares": 31933000.0,
        "Diluted EPS": -0.000501,
        "Basic EPS": -0.000501,
        "Diluted NI Availto Com Stockholders": -16000.0,
        "Net Income Common Stockholders": -16000.0,
        "Net Income": -16000.0,
        "Net Income Including Noncontrolling Interests": -16000.0,
        "Net Income Continuous Operations": -16000.0,
        "Tax Provision": 442000.0,
        "Pretax Income": 426000.0,
        "Other Income Expense": 810000.0,
        "Other Non Operating Income Expenses": 810000.0,
        "Net Non Operating Interest Income Expense": 286000.0,
        "Interest Income Non Operating": 286000.0,
        "Operating Income": -670000.0,
        "Operating Expense": 19151000.0,
        "Research And Development": 6874000.0,
        "Selling General And Administration": 12277000.0,
        "Selling And Marketing Expense": 9459000.0,
        "General And Administrative Expense": 2818000.0,
        "Other Gand A": 2818000.0,
        "Gross Profit": 18481000.0,
        "Cost Of Revenue": 6282000.0,
        "Total Revenue": 24763000.0,
        "Operating Revenue": 24763000.0
    },
    "2022-06-30": {
        "Tax Effect Of Unusual Items": 0.0,
        "Tax Rate For Calcs": 0.4,
        "Normalized EBITDA": -1722000.0,
        "Net Income From Continuing Operation Net Minority Interest": -1551000.0,
        "Reconciled Depreciation": 385000.0,
        "Reconciled Cost Of Revenue": 6601000.0,
        "EBITDA": -1722000.0,
        "EBIT": -1722000.0,
        "Net Interest Income": 87000.0,
        "Interest Income": 87000.0,
        "Normalized Income": -1551000.0,
        "Net Income From Continuing And Discontinued Operation": -1551000.0,
        "Total Expenses": 25226000.0,
        "Total Operating Income As Reported": -1722000.0,
        "Diluted Average Shares": 31859000.0,
        "Basic Average Shares": 31859000.0,
        "Diluted EPS": -0.05,
        "Basic EPS": -0.05,
        "Diluted NI Availto Com Stockholders": -1551000.0,
        "Net Income Common Stockholders": -1551000.0,
        "Net Income": -1551000.0,
        "Net Income Including Noncontrolling Interests": -1551000.0,
        "Net Income Continuous Operations": -1551000.0,
        "Tax Provision": 572000.0,
        "Pretax Income": -979000.0,
        "Other Income Expense": 656000.0,
        "Other Non Operating Income Expenses": 656000.0,
        "Net Non Operating Interest Income Expense": 87000.0,
        "Interest Income Non Operating": 87000.0,
        "Operating Income": -1722000.0,
        "Operating Expense": 18625000.0,
        "Research And Development": 6399000.0,
        "Selling General And Administration": 12226000.0,
        "Selling And Marketing Expense": 9494000.0,
        "General And Administrative Expense": 2732000.0,
        "Other Gand A": 2732000.0,
        "Gross Profit": 16903000.0,
        "Cost Of Revenue": 6601000.0,
        "Total Revenue": 23504000.0,
        "Operating Revenue": 23504000.0
    },
    "2022-03-31": {
        "Diluted EPS": -0.02,
        "Total Revenue": 24,
        "Gross Profit": 17,
        "Operating Income": 0,
        "EBIT": 0,
        "Net Income": -1
    },
    "2021-12-31": {
        "Diluted EPS": -0.03,
        "Total Revenue": 23,
        "Gross Profit": 17,
        "Operating Income": -1,
        "EBIT": 0,
        "Net Income": -1
    },
    "2021-09-30": {
        "Diluted EPS": 0.02,
        "Total Revenue": 21,
        "Gross Profit": 16,
        "Operating Income": 1,
        "EBIT": 1,
        "Net Income": 1
    },
    "2021-06-30": {
        "Diluted EPS": 0.06,
        "Total Revenue": 20,
        "Gross Profit": 15,
        "Operating Income": 2,
        "EBIT": 2,
        "Net Income": 2
    },
    "2021-03-31": {
        "Diluted EPS": 0.04,
        "Total Revenue": 20,
        "Gross Profit": 15,
        "Operating Income": 2,
        "EBIT": 2,
        "Net Income": 1
    },
    "2020-12-31": {
        "Diluted EPS": 0.05,
        "Total Revenue": 19,
        "Gross Profit": 15,
        "Operating Income": 2,
        "EBIT": 3,
        "Net Income": 2
    },
    "2020-09-30": {
        "Diluted EPS": 0.06,
        "Total Revenue": 19,
        "Gross Profit": 14,
        "Operating Income": 2,
        "EBIT": 3,
        "Net Income": 2
    },
    "2020-06-30": {
        "Diluted EPS": 0.07,
        "Total Revenue": 19,
        "Gross Profit": 14,
        "Operating Income": 3,
        "EBIT": 3,
        "Net Income": 2
    },
    "2020-03-31": {
        "Diluted EPS": 0.06,
        "Total Revenue": 18,
        "Gross Profit": 13,
        "Operating Income": 2,
        "EBIT": 2,
        "Net Income": 2
    },
    "2019-12-31": {
        "Diluted EPS": 0.06,
        "Total Revenue": 18,
        "Gross Profit": 13,
        "Operating Income": 2,
        "EBIT": 3,
        "Net Income": 2
    },
    "2019-09-30": {
        "Diluted EPS": 0.04,
        "Total Revenue": 17,
        "Gross Profit": 12,
        "Operating Income": 1,
        "EBIT": 2,
        "Net Income": 1
    },
    "2019-06-30": {
        "Diluted EPS": 0.0,
        "Total Revenue": 17,
        "Gross Profit": 11,
        "Operating Income": 1,
        "EBIT": 1,
        "Net Income": 0
    },
    "2019-03-31": {
        "Diluted EPS": 0.05,
        "Total Revenue": 17,
        "Gross Profit": 12,
        "Operating Income": 2,
        "EBIT": 2,
        "Net Income": 1
    },
    "2018-12-31": {
        "Diluted EPS": 0.07,
        "Total Revenue": 18,
        "Gross Profit": 12,
        "Operating Income": 2,
        "EBIT": 3,
        "Net Income": 2
    },
    "2018-09-30": {
        "Diluted EPS": 0.02,
        "Total Revenue": 16,
        "Gross Profit": 10,
        "Operating Income": 1,
        "EBIT": 1,
        "Net Income": 1
    },
    "2018-06-30": {
        "Diluted EPS": -0.02,
        "Total Revenue": 16,
        "Gross Profit": 10,
        "Operating Income": -1,
        "EBIT": 0,
        "Net Income": -1
    },
    "2018-03-31": {
        "Diluted EPS": 0.0,
        "Total Revenue": 16,
        "Gross Profit": 10,
        "Operating Income": 0,
        "EBIT": 1,
        "Net Income": 0
    },
    "2017-12-31": {
        "Diluted EPS": -0.03,
        "Total Revenue": 15,
        "Gross Profit": 10,
        "Operating Income": 0,
        "EBIT": 1,
        "Net Income": -1
    },
    "2017-09-30": {
        "Diluted EPS": -0.02,
        "Total Revenue": 15,
        "Gross Profit": 9,
        "Operating Income": 0,
        "EBIT": 1,
        "Net Income": -1
    },
    "2017-06-30": {
        "Diluted EPS": 0.0,
        "Total Revenue": 15,
        "Gross Profit": 9,
        "Operating Income": 0,
        "EBIT": 1,
        "Net Income": 0
    },
    "2017-03-31": {
        "Diluted EPS": -0.09,
        "Total Revenue": 14,
        "Gross Profit": 8,
        "Operating Income": -2,
        "EBIT": -1,
        "Net Income": -3
    },
    "2016-12-31": {
        "Diluted EPS": -0.04,
        "Total Revenue": 15,
        "Gross Profit": 10,
        "Operating Income": 0,
        "EBIT": 1,
        "Net Income": -1
    },
    "2016-09-30": {
        "Diluted EPS": -0.09,
        "Total Revenue": 15,
        "Gross Profit": 10,
        "Operating Income": -1,
        "EBIT": 0,
        "Net Income": -2
    },
    "2016-06-30": {
        "Diluted EPS": 0.0,
        "Total Revenue": 22,
        "Gross Profit": 10,
        "Operating Income": -15,
        "EBIT": -14,
        "Net Income": -15
    },
    "2016-03-31": {
        "Diluted EPS": -0.11,
        "Total Revenue": 16,
        "Gross Profit": 11,
        "Operating Income": -3,
        "EBIT": -1,
        "Net Income": -3
    },
    "2015-12-31": {
        "Diluted EPS": 0.0,
        "Total Revenue": 15,
        "Gross Profit": 15,
        "Operating Income": 15,
        "EBIT": 16,
        "Net Income": 15
    },
    "2015-09-30": {
        "Diluted EPS": -0.12,
        "Total Revenue": 16,
        "Gross Profit": 10,
        "Operating Income": -3,
        "EBIT": -1,
        "Net Income": -3
    },
    "2015-06-30": {
        "Diluted EPS": -0.12,
        "Total Revenue": 17,
        "Gross Profit": 11,
        "Operating Income": -2,
        "EBIT": 0,
        "Net Income": -3
    },
    "2015-03-31": {
        "Diluted EPS": -0.09,
        "Total Revenue": 19,
        "Gross Profit": 12,
        "Operating Income": -2,
        "EBIT": -1,
        "Net Income": -2
    },
    "2014-12-31": {
        "Diluted EPS": -0.2,
        "Total Revenue": 19,
        "Gross Profit": 11,
        "Operating Income": -6,
        "EBIT": -4,
        "Net Income": -5
    },
    "2014-09-30": {
        "Diluted EPS": -0.06,
        "Total Revenue": 21,
        "Gross Profit": 14,
        "Operating Income": -1,
        "EBIT": 0,
        "Net Income": -2
    },
    "2014-06-30": {
        "Diluted EPS": -0.04,
        "Total Revenue": 19,
        "Gross Profit": 13,
        "Operating Income": -1,
        "EBIT": 0,
        "Net Income": -1
    },
    "2014-03-31": {
        "Diluted EPS": -0.04,
        "Total Revenue": 18,
        "Gross Profit": 12,
        "Operating Income": -1,
        "EBIT": 0,
        "Net Income": -1
    },
    "2013-12-31": {
        "Diluted EPS": -0.05,
        "Total Revenue": 18,
        "Gross Profit": 12,
        "Operating Income": -1,
        "EBIT": 0,
        "Net Income": -1
    },
    "2013-09-30": {
        "Diluted EPS": -0.08,
        "Total Revenue": 16,
        "Gross Profit": 10,
        "Operating Income": -2,
        "EBIT": -1,
        "Net Income": -2
    },
    "2013-06-30": {
        "Diluted EPS": 0.09,
        "Total Revenue": 18,
        "Gross Profit": 13,
        "Operating Income": 2,
        "EBIT": 3,
        "Net Income": 2
    },
    "2013-03-31": {
        "Diluted EPS": 0.04,
        "Total Revenue": 15,
        "Gross Profit": 11,
        "Operating Income": 1,
        "EBIT": 2,
        "Net Income": 1
    },
    "2012-12-31": {
        "Diluted EPS": 0.02,
        "Total Revenue": 15,
        "Gross Profit": 10,
        "Operating Income": 1,
        "EBIT": 2,
        "Net Income": 1
    },
    "2012-09-30": {
        "Diluted EPS": -0.12,
        "Total Revenue": 11,
        "Gross Profit": 6,
        "Operating Income": -3,
        "EBIT": -2,
        "Net Income": -3
    },
    "2012-06-30": {
        "Diluted EPS": -0.12,
        "Total Revenue": 11,
        "Gross Profit": 7,
        "Operating Income": -2,
        "EBIT": -2,
        "Net Income": -3
    },
    "2012-03-31": {
        "Diluted EPS": -0.03,
        "Total Revenue": 12,
        "Gross Profit": 8,
        "Operating Income": 0,
        "EBIT": 0,
        "Net Income": -1
    },
    "2011-12-31": {
        "Diluted EPS": -0.03,
        "Total Revenue": 11,
        "Gross Profit": 8,
        "Operating Income": 0,
        "EBIT": 0,
        "Net Income": -1
    },
    "2011-09-30": {
        "Diluted EPS": 0.02,
        "Total Revenue": 10,
        "Gross Profit": 8,
        "Operating Income": 1,
        "EBIT": 1,
        "Net Income": 1
    },
    "2011-06-30": {
        "Diluted EPS": 0.06,
        "Total Revenue": 13,
        "Gross Profit": 10,
        "Operating Income": 2,
        "EBIT": 4,
        "Net Income": 2
    },
    "2011-03-31": {
        "Diluted EPS": 0.02,
        "Total Revenue": 9,
        "Gross Profit": 6,
        "Operating Income": 1,
        "EBIT": 1,
        "Net Income": 1
    },
    "2010-12-31": {
        "Diluted EPS": 0.04,
        "Total Revenue": 9,
        "Gross Profit": 7,
        "Operating Income": 2,
        "EBIT": 2,
        "Net Income": 1
    },
    "2010-09-30": {
        "Diluted EPS": 0.22,
        "Total Revenue": 13,
        "Gross Profit": 11,
        "Operating Income": 5,
        "EBIT": 5,
        "Net Income": 5
    },
    "2010-06-30": {
        "Diluted EPS": -0.08,
        "Total Revenue": 7,
        "Gross Profit": 4,
        "Operating Income": -1,
        "EBIT": 0,
        "Net Income": -2
    },
    "2010-03-31": {
        "Diluted EPS": -0.01,
        "Total Revenue": 7,
        "Gross Profit": 5,
        "Operating Income": 0,
        "EBIT": 0,
        "Net Income": 0
    },
    "2009-12-31": {
        "Diluted EPS": 0.04,
        "Total Revenue": 8,
        "Gross Profit": 6,
        "Operating Income": 1,
        "EBIT": 2,
        "Net Income": 1
    },
    "2009-09-30": {
        "Diluted EPS": 0.04,
        "Total Revenue": 8,
        "Gross Profit": 5,
        "Operating Income": 1,
        "EBIT": 1,
        "Net Income": 1
    },
    "2009-06-30": {
        "Diluted EPS": 0.06,
        "Total Revenue": 9,
        "Gross Profit": 6,
        "Operating Income": 1,
        "EBIT": 2,
        "Net Income": 1
    },
    "2009-03-31": {
        "Diluted EPS": -0.01,
        "Total Revenue": 7,
        "Gross Profit": 4,
        "Operating Income": 0,
        "EBIT": 0,
        "Net Income": 0
    },
    "2023-06-30": {
        "Tax Effect Of Unusual Items": NaN,
        "Tax Rate For Calcs": NaN,
        "Normalized EBITDA": NaN,
        "Net Income From Continuing Operation Net Minority Interest": NaN,
        "Reconciled Depreciation": NaN,
        "Reconciled Cost Of Revenue": NaN,
        "EBITDA": NaN,
        "EBIT": NaN,
        "Net Interest Income": NaN,
        "Interest Income": NaN,
        "Normalized Income": NaN,
        "Net Income From Continuing And Discontinued Operation": NaN,
        "Total Expenses": NaN,
        "Total Operating Income As Reported": NaN,
        "Diluted Average Shares": 32478000.0,
        "Basic Average Shares": 31765000.0,
        "Diluted EPS": 0.08,
        "Basic EPS": 0.08,
        "Diluted NI Availto Com Stockholders": NaN,
        "Net Income Common Stockholders": NaN,
        "Net Income": NaN,
        "Net Income Including Noncontrolling Interests": NaN,
        "Net Income Continuous Operations": NaN,
        "Tax Provision": NaN,
        "Pretax Income": NaN,
        "Other Income Expense": NaN,
        "Other Non Operating Income Expenses": NaN,
        "Net Non Operating Interest Income Expense": NaN,
        "Interest Income Non Operating": NaN,
        "Operating Income": NaN,
        "Operating Expense": NaN,
        "Research And Development": NaN,
        "Selling General And Administration": NaN,
        "Selling And Marketing Expense": NaN,
        "General And Administrative Expense": NaN,
        "Other Gand A": NaN,
        "Gross Profit": NaN,
        "Cost Of Revenue": NaN,
        "Total Revenue": NaN,
        "Operating Revenue": NaN
    },
    "2023-09-30": {
        "Tax Effect Of Unusual Items": NaN,
        "Tax Rate For Calcs": NaN,
        "Normalized EBITDA": NaN,
        "Net Income From Continuing Operation Net Minority Interest": NaN,
        "Reconciled Depreciation": NaN,
        "Reconciled Cost Of Revenue": NaN,
        "EBITDA": NaN,
        "EBIT": NaN,
        "Net Interest Income": NaN,
        "Interest Income": NaN,
        "Normalized Income": NaN,
        "Net Income From Continuing And Discontinued Operation": NaN,
        "Total Expenses": NaN,
        "Total Operating Income As Reported": NaN,
        "Diluted Average Shares": 32136000.0,
        "Basic Average Shares": 31479000.0,
        "Diluted EPS": 0.08,
        "Basic EPS": 0.08,
        "Diluted NI Availto Com Stockholders": NaN,
        "Net Income Common Stockholders": NaN,
        "Net Income": NaN,
        "Net Income Including Noncontrolling Interests": NaN,
        "Net Income Continuous Operations": NaN,
        "Tax Provision": NaN,
        "Pretax Income": NaN,
        "Other Income Expense": NaN,
        "Other Non Operating Income Expenses": NaN,
        "Net Non Operating Interest Income Expense": NaN,
        "Interest Income Non Operating": NaN,
        "Operating Income": NaN,
        "Operating Expense": NaN,
        "Research And Development": NaN,
        "Selling General And Administration": NaN,
        "Selling And Marketing Expense": NaN,
        "General And Administrative Expense": NaN,
        "Other Gand A": NaN,
        "Gross Profit": NaN,
        "Cost Of Revenue": NaN,
        "Total Revenue": NaN,
        "Operating Revenue": NaN
    },
    "2023-12-31": {
        "Tax Effect Of Unusual Items": 0.0,
        "Tax Rate For Calcs": 0.193727,
        "Normalized EBITDA": 2824000.0,
        "Net Income From Continuing Operation Net Minority Interest": 2185000.0,
        "Reconciled Depreciation": 399000.0,
        "Reconciled Cost Of Revenue": 6990000.0,
        "EBITDA": 2824000.0,
        "EBIT": 2425000.0,
        "Net Interest Income": 982000.0,
        "Interest Income": 982000.0,
        "Normalized Income": 2185000.0,
        "Net Income From Continuing And Discontinued Operation": 2185000.0,
        "Total Expenses": 21390000.0,
        "Total Operating Income As Reported": 2425000.0,
        "Diluted Average Shares": 31843000.0,
        "Basic Average Shares": 31179000.0,
        "Diluted EPS": 0.07,
        "Basic EPS": 0.07,
        "Diluted NI Availto Com Stockholders": 2185000.0,
        "Net Income Common Stockholders": 2185000.0,
        "Net Income": 2185000.0,
        "Net Income Including Noncontrolling Interests": 2185000.0,
        "Net Income Continuous Operations": 2185000.0,
        "Tax Provision": 525000.0,
        "Pretax Income": 2710000.0,
        "Other Income Expense": -697000.0,
        "Other Non Operating Income Expenses": -697000.0,
        "Net Non Operating Interest Income Expense": 982000.0,
        "Interest Income Non Operating": 982000.0,
        "Operating Income": 2425000.0,
        "Operating Expense": 14400000.0,
        "Research And Development": 6660000.0,
        "Selling General And Administration": 7740000.0,
        "Selling And Marketing Expense": 5349000.0,
        "General And Administrative Expense": 2391000.0,
        "Other Gand A": 2391000.0,
        "Gross Profit": 16825000.0,
        "Cost Of Revenue": 6990000.0,
        "Total Revenue": 23815000.0,
        "Operating Revenue": 23815000.0
    },
    "2024-03-31": {
        "Tax Effect Of Unusual Items": NaN,
        "Tax Rate For Calcs": NaN,
        "Normalized EBITDA": 1263000.0,
        "Net Income From Continuing Operation Net Minority Interest": NaN,
        "Reconciled Depreciation": NaN,
        "Reconciled Cost Of Revenue": NaN,
        "EBITDA": 1263000.0,
        "EBIT": NaN,
        "Net Interest Income": NaN,
        "Interest Income": NaN,
        "Normalized Income": NaN,
        "Net Income From Continuing And Discontinued Operation": NaN,
        "Total Expenses": NaN,
        "Total Operating Income As Reported": NaN,
        "Diluted Average Shares": NaN,
        "Basic Average Shares": NaN,
        "Diluted EPS": NaN,
        "Basic EPS": NaN,
        "Diluted NI Availto Com Stockholders": NaN,
        "Net Income Common Stockholders": 1493000.0,
        "Net Income": NaN,
        "Net Income Including Noncontrolling Interests": NaN,
        "Net Income Continuous Operations": NaN,
        "Tax Provision": 521000.0,
        "Pretax Income": NaN,
        "Other Income Expense": NaN,
        "Other Non Operating Income Expenses": 74000.0,
        "Net Non Operating Interest Income Expense": NaN,
        "Interest Income Non Operating": NaN,
        "Operating Income": NaN,
        "Operating Expense": NaN,
        "Research And Development": NaN,
        "Selling General And Administration": NaN,
        "Selling And Marketing Expense": 5448000.0,
        "General And Administrative Expense": NaN,
        "Other Gand A": NaN,
        "Gross Profit": NaN,
        "Cost Of Revenue": 6858000.0,
        "Total Revenue": NaN,
        "Operating Revenue": NaN
    },
    "2024-06-30": {
        "Tax Effect Of Unusual Items": 0.0,
        "Tax Rate For Calcs": 0.254086,
        "Normalized EBITDA": 1552000.0,
        "Net Income From Continuing Operation Net Minority Interest": 1506000.0,
        "Reconciled Depreciation": 360000.0,
        "Reconciled Cost Of Revenue": 6906000.0,
        "EBITDA": 1552000.0,
        "EBIT": 1192000.0,
        "Net Interest Income": 865000.0,
        "Interest Income": 865000.0,
        "Normalized Income": 1506000.0,
        "Net Income From Continuing And Discontinued Operation": 1506000.0,
        "Total Expenses": 21270000.0,
        "Total Operating Income As Reported": 1192000.0,
        "Diluted Average Shares": 30302000.0,
        "Basic Average Shares": 29724000.0,
        "Diluted EPS": 0.05,
        "Basic EPS": 0.05,
        "Diluted NI Availto Com Stockholders": 1506000.0,
        "Net Income Common Stockholders": 1506000.0,
        "Net Income": 1506000.0,
        "Net Income Including Noncontrolling Interests": 1506000.0,
        "Net Income Continuous Operations": 1506000.0,
        "Tax Provision": 513000.0,
        "Pretax Income": 2019000.0,
        "Other Income Expense": -38000.0,
        "Other Non Operating Income Expenses": -38000.0,
        "Net Non Operating Interest Income Expense": 865000.0,
        "Interest Income Non Operating": 865000.0,
        "Operating Income": 1192000.0,
        "Operating Expense": 14364000.0,
        "Research And Development": 6679000.0,
        "Selling General And Administration": 7685000.0,
        "Selling And Marketing Expense": 5214000.0,
        "General And Administrative Expense": 2471000.0,
        "Other Gand A": 2471000.0,
        "Gross Profit": 15556000.0,
        "Cost Of Revenue": 6906000.0,
        "Total Revenue": 22462000.0,
        "Operating Revenue": 22462000.0
    },
    "2024-09-30": {
        "Tax Effect Of Unusual Items": 0.0,
        "Tax Rate For Calcs": 0.21,
        "Normalized EBITDA": 876000.0,
        "Net Income From Continuing Operation Net Minority Interest": 652000.0,
        "Reconciled Depreciation": 367000.0,
        "Reconciled Cost Of Revenue": 6666000.0,
        "EBITDA": 876000.0,
        "EBIT": 509000.0,
        "Net Interest Income": 771000.0,
        "Interest Income": 771000.0,
        "Normalized Income": 652000.0,
        "Net Income From Continuing And Discontinued Operation": 652000.0,
        "Total Expenses": 21290000.0,
        "Total Operating Income As Reported": 509000.0,
        "Diluted Average Shares": 29292000.0,
        "Basic Average Shares": 28671000.0,
        "Diluted EPS": 0.02,
        "Basic EPS": 0.02,
        "Diluted NI Availto Com Stockholders": 652000.0,
        "Net Income Common Stockholders": 652000.0,
        "Net Income": 652000.0,
        "Net Income Including Noncontrolling Interests": 652000.0,
        "Net Income Continuous Operations": 652000.0,
        "Tax Provision": 488000.0,
        "Pretax Income": 1140000.0,
        "Other Income Expense": -140000.0,
        "Other Non Operating Income Expenses": -140000.0,
        "Net Non Operating Interest Income Expense": 771000.0,
        "Interest Income Non Operating": 771000.0,
        "Operating Income": 509000.0,
        "Operating Expense": 14624000.0,
        "Research And Development": 7421000.0,
        "Selling General And Administration": 7203000.0,
        "Selling And Marketing Expense": 4760000.0,
        "General And Administrative Expense": 2443000.0,
        "Other Gand A": 2443000.0,
        "Gross Profit": 15133000.0,
        "Cost Of Revenue": 6666000.0,
        "Total Revenue": 21799000.0,
        "Operating Revenue": 21799000.0
    },
    "2024-12-31": {
        "Tax Effect Of Unusual Items": 0.0,
        "Tax Rate For Calcs": 0.2375,
        "Normalized EBITDA": 1003000.0,
        "Net Income From Continuing Operation Net Minority Interest": 671000.0,
        "Reconciled Depreciation": 353000.0,
        "Reconciled Cost Of Revenue": 6680000.0,
        "EBITDA": 1003000.0,
        "EBIT": 650000.0,
        "Net Interest Income": 661000.0,
        "Interest Income": 661000.0,
        "Normalized Income": 671000.0,
        "Net Income From Continuing And Discontinued Operation": 671000.0,
        "Total Expenses": 21739000.0,
        "Total Operating Income As Reported": 650000.0,
        "Diluted Average Shares": 29059000.0,
        "Basic Average Shares": 28573000.0,
        "Diluted EPS": 0.02,
        "Basic EPS": 0.02,
        "Diluted NI Availto Com Stockholders": 671000.0,
        "Net Income Common Stockholders": 671000.0,
        "Net Income": 671000.0,
        "Net Income Including Noncontrolling Interests": 671000.0,
        "Net Income Continuous Operations": 671000.0,
        "Tax Provision": 209000.0,
        "Pretax Income": 880000.0,
        "Other Income Expense": -431000.0,
        "Other Non Operating Income Expenses": -431000.0,
        "Net Non Operating Interest Income Expense": 661000.0,
        "Interest Income Non Operating": 661000.0,
        "Operating Income": 650000.0,
        "Operating Expense": 15059000.0,
        "Research And Development": 7708000.0,
        "Selling General And Administration": 7351000.0,
        "Selling And Marketing Expense": 5251000.0,
        "General And Administrative Expense": 2100000.0,
        "Other Gand A": 2100000.0,
        "Gross Profit": 15709000.0,
        "Cost Of Revenue": 6680000.0,
        "Total Revenue": 22389000.0,
        "Operating Revenue": 22389000.0
    },
    "2025-03-31": {
        "Tax Effect Of Unusual Items": 0.0,
        "Tax Rate For Calcs": 0.21,
        "Normalized EBITDA": 373000.0,
        "Net Income From Continuing Operation Net Minority Interest": 66000.0,
        "Reconciled Depreciation": 346000.0,
        "Reconciled Cost Of Revenue": 6723000.0,
        "EBITDA": 373000.0,
        "EBIT": 27000.0,
        "Net Interest Income": 597000.0,
        "Interest Income": 597000.0,
        "Normalized Income": 66000.0,
        "Net Income From Continuing And Discontinued Operation": 66000.0,
        "Total Expenses": 20982000.0,
        "Total Operating Income As Reported": 27000.0,
        "Diluted Average Shares": 28482000.0,
        "Basic Average Shares": 28065000.0,
        "Diluted EPS": 0.0,
        "Basic EPS": 0.0,
        "Diluted NI Availto Com Stockholders": 66000.0,
        "Net Income Common Stockholders": 66000.0,
        "Net Income": 66000.0,
        "Net Income Including Noncontrolling Interests": 66000.0,
        "Net Income Continuous Operations": 66000.0,
        "Tax Provision": 254000.0,
        "Pretax Income": 320000.0,
        "Other Income Expense": -304000.0,
        "Other Non Operating Income Expenses": -304000.0,
        "Net Non Operating Interest Income Expense": 597000.0,
        "Interest Income Non Operating": 597000.0,
        "Operating Income": 27000.0,
        "Operating Expense": 14259000.0,
        "Research And Development": 7514000.0,
        "Selling General And Administration": 6745000.0,
        "Selling And Marketing Expense": 4704000.0,
        "General And Administrative Expense": 2041000.0,
        "Other Gand A": 2041000.0,
        "Gross Profit": 14286000.0,
        "Cost Of Revenue": 6723000.0,
        "Total Revenue": 21009000.0,
        "Operating Revenue": 21009000.0
    },
    "2025-06-30": {
        "Tax Effect Of Unusual Items": 0.0,
        "Tax Rate For Calcs": 0.21,
        "Normalized EBITDA": NaN,
        "Net Income From Continuing Operation Net Minority Interest": 30865000.0,
        "Reconciled Depreciation": 338000.0,
        "Reconciled Cost Of Revenue": 6354000.0,
        "EBITDA": NaN,
        "EBIT": 3247000.0,
        "Net Interest Income": 440000.0,
        "Interest Income": 440000.0,
        "Normalized Income": 30865000.0,
        "Net Income From Continuing And Discontinued Operation": 30865000.0,
        "Total Expenses": 19987000.0,
        "Total Operating Income As Reported": 3247000.0,
        "Diluted Average Shares": 27750000.0,
        "Basic Average Shares": 27324000.0,
        "Diluted EPS": 1.11,
        "Basic EPS": 1.13,
        "Diluted NI Availto Com Stockholders": 30865000.0,
        "Net Income Common Stockholders": NaN,
        "Net Income": 30865000.0,
        "Net Income Including Noncontrolling Interests": 30865000.0,
        "Net Income Continuous Operations": 30865000.0,
        "Tax Provision": NaN,
        "Pretax Income": 3297000.0,
        "Other Income Expense": -390000.0,
        "Other Non Operating Income Expenses": NaN,
        "Net Non Operating Interest Income Expense": 440000.0,
        "Interest Income Non Operating": 440000.0,
        "Operating Income": 3247000.0,
        "Operating Expense": 13633000.0,
        "Research And Development": 6961000.0,
        "Selling General And Administration": 6672000.0,
        "Selling And Marketing Expense": NaN,
        "General And Administrative Expense": 2031000.0,
        "Other Gand A": 2031000.0,
        "Gross Profit": 16880000.0,
        "Cost Of Revenue": NaN,
        "Total Revenue": 23234000.0,
        "Operating Revenue": 23234000.0
    }
}