{
    "2023-06-30": {
        "Tax Effect Of Unusual Items": NaN,
        "Tax Rate For Calcs": NaN,
        "Total Unusual Items": 0.0,
        "Total Unusual Items Excluding Goodwill": 0.0,
        "Net Income From Continuing Operation Net Minority Interest": NaN,
        "Reconciled Depreciation": NaN,
        "Net Interest Income": NaN,
        "Interest Expense": NaN,
        "Interest Income": NaN,
        "Normalized Income": NaN,
        "Net Income From Continuing And Discontinued Operation": NaN,
        "Diluted Average Shares": NaN,
        "Basic Average Shares": NaN,
        "Diluted EPS": NaN,
        "Basic EPS": NaN,
        "Diluted NI Availto Com Stockholders": NaN,
        "Net Income Common Stockholders": NaN,
        "Net Income": NaN,
        "Net Income Including Noncontrolling Interests": NaN,
        "Net Income Continuous Operations": NaN,
        "Tax Provision": NaN,
        "Pretax Income": NaN,
        "Special Income Charges": 0.0,
        "Impairment Of Capital Assets": 0.0,
        "Gain On Sale Of Security": NaN,
        "Depreciation Amortization Depletion Income Statement": 7000.0,
        "Depreciation And Amortization In Income Statement": 7000.0,
        "Amortization": 7000.0,
        "Amortization Of Intangibles Income Statement": 7000.0,
        "Selling General And Administration": NaN,
        "Selling And Marketing Expense": NaN,
        "General And Administrative Expense": NaN,
        "Insurance And Claims": NaN,
        "Salaries And Wages": NaN,
        "Total Revenue": NaN,
        "Operating Revenue": NaN,
        "Occupancy And Equipment": NaN,
        "Professional Expense And Contract Services Expense": NaN,
        "Other Non Interest Expense": NaN
    },
    "2023-03-31": {
        "Tax Effect Of Unusual Items": 0.0,
        "Tax Rate For Calcs": 0.221473,
        "Net Income From Continuing Operation Net Minority Interest": 24234000.0,
        "Reconciled Depreciation": 890000.0,
        "Net Interest Income": 75024000.0,
        "Interest Expense": 65223000.0,
        "Interest Income": 140247000.0,
        "Normalized Income": 24234000.0,
        "Net Income From Continuing And Discontinued Operation": 24234000.0,
        "Diluted Average Shares": 31180000.0,
        "Basic Average Shares": 31109000.0,
        "Diluted EPS": 0.78,
        "Basic EPS": 0.78,
        "Diluted NI Availto Com Stockholders": 24234000.0,
        "Net Income Common Stockholders": 24234000.0,
        "Net Income": 24234000.0,
        "Net Income Including Noncontrolling Interests": 24234000.0,
        "Net Income Continuous Operations": 24234000.0,
        "Tax Provision": 6894000.0,
        "Pretax Income": 31128000.0,
        "Gain On Sale Of Security": -21000.0,
        "Depreciation Amortization Depletion Income Statement": NaN,
        "Depreciation And Amortization In Income Statement": NaN,
        "Amortization": NaN,
        "Amortization Of Intangibles Income Statement": NaN,
        "Selling General And Administration": 26296000.0,
        "Selling And Marketing Expense": 636000.0,
        "General And Administrative Expense": 25660000.0,
        "Insurance And Claims": 1486000.0,
        "Salaries And Wages": 24174000.0,
        "Total Revenue": 78724000.0,
        "Operating Revenue": 78724000.0,
        "Occupancy And Equipment": 3317000.0,
        "Professional Expense And Contract Services Expense": 3254000.0,
        "Other Non Interest Expense": 7717000.0
    },
    "2022-12-31": {
        "Tax Effect Of Unusual Items": 0.0,
        "Tax Rate For Calcs": 0.193466,
        "Net Income From Continuing Operation Net Minority Interest": 42193000.0,
        "Reconciled Depreciation": 836000.0,
        "Net Interest Income": 85600000.0,
        "Interest Expense": 43530000.0,
        "Interest Income": 129130000.0,
        "Normalized Income": 42193000.0,
        "Net Income From Continuing And Discontinued Operation": 42193000.0,
        "Diluted Average Shares": 31898619.0,
        "Basic Average Shares": 31819631.0,
        "Diluted EPS": 1.32,
        "Basic EPS": 1.32,
        "Diluted NI Availto Com Stockholders": 42193000.0,
        "Net Income Common Stockholders": 42193000.0,
        "Net Income": 42193000.0,
        "Net Income Including Noncontrolling Interests": 42193000.0,
        "Net Income Continuous Operations": 42193000.0,
        "Tax Provision": 10121000.0,
        "Pretax Income": 52314000.0,
        "Gain On Sale Of Security": 3000.0,
        "Depreciation Amortization Depletion Income Statement": NaN,
        "Depreciation And Amortization In Income Statement": NaN,
        "Amortization": NaN,
        "Amortization Of Intangibles Income Statement": NaN,
        "Selling General And Administration": 26699000.0,
        "Selling And Marketing Expense": 1290000.0,
        "General And Administrative Expense": 25409000.0,
        "Insurance And Claims": 1718000.0,
        "Salaries And Wages": 23691000.0,
        "Total Revenue": 90929000.0,
        "Operating Revenue": 90929000.0
    },
    "2022-09-30": {
        "Tax Effect Of Unusual Items": NaN,
        "Tax Rate For Calcs": NaN,
        "Net Income From Continuing Operation Net Minority Interest": NaN,
        "Reconciled Depreciation": NaN,
        "Net Interest Income": NaN,
        "Interest Expense": NaN,
        "Interest Income": NaN,
        "Normalized Income": NaN,
        "Net Income From Continuing And Discontinued Operation": NaN,
        "Diluted Average Shares": NaN,
        "Basic Average Shares": NaN,
        "Diluted EPS": NaN,
        "Basic EPS": NaN,
        "Diluted NI Availto Com Stockholders": NaN,
        "Net Income Common Stockholders": NaN,
        "Net Income": NaN,
        "Net Income Including Noncontrolling Interests": NaN,
        "Net Income Continuous Operations": NaN,
        "Tax Provision": NaN,
        "Pretax Income": NaN,
        "Gain On Sale Of Security": NaN,
        "Depreciation Amortization Depletion Income Statement": NaN,
        "Depreciation And Amortization In Income Statement": NaN,
        "Amortization": NaN,
        "Amortization Of Intangibles Income Statement": NaN,
        "Selling General And Administration": NaN,
        "Selling And Marketing Expense": NaN,
        "General And Administrative Expense": NaN,
        "Other Gand A": 3445000.0,
        "Insurance And Claims": NaN,
        "Salaries And Wages": NaN,
        "Total Revenue": NaN,
        "Operating Revenue": NaN
    },
    "2022-06-30": {
        "Tax Effect Of Unusual Items": 0.0,
        "Tax Rate For Calcs": 0.336,
        "Net Income From Continuing Operation Net Minority Interest": 25220000.0,
        "Reconciled Depreciation": 814000.0,
        "Net Interest Income": 82918000.0,
        "Interest Expense": 12717000.0,
        "Interest Income": 95635000.0,
        "Normalized Income": 25220000.0,
        "Net Income From Continuing And Discontinued Operation": 25220000.0,
        "Diluted Average Shares": 32143000.0,
        "Basic Average Shares": 32081000.0,
        "Diluted EPS": 0.49,
        "Basic EPS": 0.49,
        "Diluted NI Availto Com Stockholders": 25220000.0,
        "Net Income Common Stockholders": 25220000.0,
        "Net Income": 25220000.0,
        "Net Income Including Noncontrolling Interests": 25220000.0,
        "Net Income Continuous Operations": 25220000.0,
        "Tax Provision": 12776000.0,
        "Pretax Income": 37996000.0,
        "Gain On Sale Of Security": -151000.0,
        "Depreciation Amortization Depletion Income Statement": NaN,
        "Depreciation And Amortization In Income Statement": NaN,
        "Amortization": NaN,
        "Amortization Of Intangibles Income Statement": NaN,
        "Selling General And Administration": 23897000.0,
        "Selling And Marketing Expense": 1186000.0,
        "General And Administrative Expense": 22711000.0,
        "Other Gand A": 2729000.0,
        "Insurance And Claims": 906000.0,
        "Salaries And Wages": 21805000.0,
        "Total Revenue": 88482000.0,
        "Operating Revenue": 88482000.0
    },
    "2022-03-31": {
        "Diluted EPS": 1.42,
        "Total Revenue": 96,
        "Gross Profit": 88,
        "Operating Income": 60,
        "EBIT": NaN,
        "Net Income": 46
    },
    "2021-12-31": {
        "Diluted EPS": 1.3,
        "Total Revenue": 97,
        "Gross Profit": 89,
        "Operating Income": 56,
        "EBIT": NaN,
        "Net Income": 42
    },
    "2021-09-30": {
        "Diluted EPS": 1.36,
        "Total Revenue": 97,
        "Gross Profit": 87,
        "Operating Income": 58,
        "EBIT": NaN,
        "Net Income": 44
    },
    "2021-06-30": {
        "Diluted EPS": 1.5,
        "Total Revenue": 106,
        "Gross Profit": 96,
        "Operating Income": 65,
        "EBIT": NaN,
        "Net Income": 48
    },
    "2021-03-31": {
        "Diluted EPS": 1.36,
        "Total Revenue": 105,
        "Gross Profit": 93,
        "Operating Income": 58,
        "EBIT": NaN,
        "Net Income": 43
    },
    "2020-12-31": {
        "Diluted EPS": 1.21,
        "Total Revenue": 105,
        "Gross Profit": 91,
        "Operating Income": 51,
        "EBIT": NaN,
        "Net Income": 39
    },
    "2020-09-30": {
        "Diluted EPS": 1.28,
        "Total Revenue": 112,
        "Gross Profit": 97,
        "Operating Income": 55,
        "EBIT": NaN,
        "Net Income": 41
    },
    "2020-06-30": {
        "Diluted EPS": 0.9,
        "Total Revenue": 110,
        "Gross Profit": 94,
        "Operating Income": 38,
        "EBIT": NaN,
        "Net Income": 29
    },
    "2020-03-31": {
        "Diluted EPS": 0.7,
        "Total Revenue": 109,
        "Gross Profit": 85,
        "Operating Income": 31,
        "EBIT": NaN,
        "Net Income": 23
    },
    "2019-12-31": {
        "Diluted EPS": 1.05,
        "Total Revenue": 114,
        "Gross Profit": 87,
        "Operating Income": 50,
        "EBIT": NaN,
        "Net Income": 35
    },
    "2019-09-30": {
        "Diluted EPS": 1.07,
        "Total Revenue": 115,
        "Gross Profit": 87,
        "Operating Income": 51,
        "EBIT": NaN,
        "Net Income": 36
    },
    "2019-06-30": {
        "Diluted EPS": 1.08,
        "Total Revenue": 115,
        "Gross Profit": 88,
        "Operating Income": 51,
        "EBIT": NaN,
        "Net Income": 37
    },
    "2019-03-31": {
        "Diluted EPS": 0.98,
        "Total Revenue": 111,
        "Gross Profit": 87,
        "Operating Income": 46,
        "EBIT": NaN,
        "Net Income": 34
    },
    "2018-12-31": {
        "Diluted EPS": 1.17,
        "Total Revenue": 112,
        "Gross Profit": 88,
        "Operating Income": 54,
        "EBIT": NaN,
        "Net Income": 40
    },
    "2018-09-30": {
        "Diluted EPS": 1.13,
        "Total Revenue": 108,
        "Gross Profit": 87,
        "Operating Income": 53,
        "EBIT": NaN,
        "Net Income": 39
    },
    "2018-06-30": {
        "Diluted EPS": 1.08,
        "Total Revenue": 102,
        "Gross Profit": 84,
        "Operating Income": 50,
        "EBIT": NaN,
        "Net Income": 37
    },
    "2018-03-31": {
        "Diluted EPS": 1.04,
        "Total Revenue": 94,
        "Gross Profit": 81,
        "Operating Income": 48,
        "EBIT": NaN,
        "Net Income": 36
    },
    "2017-12-31": {
        "Diluted EPS": 0.45,
        "Total Revenue": 96,
        "Gross Profit": 85,
        "Operating Income": 51,
        "EBIT": NaN,
        "Net Income": 16
    },
    "2017-09-30": {
        "Diluted EPS": 0.87,
        "Total Revenue": 89,
        "Gross Profit": 79,
        "Operating Income": 47,
        "EBIT": NaN,
        "Net Income": 30
    },
    "2017-06-30": {
        "Diluted EPS": 0.81,
        "Total Revenue": 86,
        "Gross Profit": 77,
        "Operating Income": 45,
        "EBIT": NaN,
        "Net Income": 28
    },
    "2017-03-31": {
        "Diluted EPS": 0.79,
        "Total Revenue": 82,
        "Gross Profit": 73,
        "Operating Income": 42,
        "EBIT": NaN,
        "Net Income": 27
    },
    "2016-12-31": {
        "Diluted EPS": 0.75,
        "Total Revenue": 83,
        "Gross Profit": 74,
        "Operating Income": 42,
        "EBIT": NaN,
        "Net Income": 26
    },
    "2016-09-30": {
        "Diluted EPS": 0.72,
        "Total Revenue": 79,
        "Gross Profit": 71,
        "Operating Income": 40,
        "EBIT": NaN,
        "Net Income": 25
    },
    "2016-06-30": {
        "Diluted EPS": 0.71,
        "Total Revenue": 77,
        "Gross Profit": 71,
        "Operating Income": 39,
        "EBIT": NaN,
        "Net Income": 24
    },
    "2016-03-31": {
        "Diluted EPS": 0.68,
        "Total Revenue": 74,
        "Gross Profit": 69,
        "Operating Income": 38,
        "EBIT": NaN,
        "Net Income": 23
    },
    "2015-12-31": {
        "Diluted EPS": 0.65,
        "Total Revenue": 74,
        "Gross Profit": 69,
        "Operating Income": 36,
        "EBIT": NaN,
        "Net Income": 22
    },
    "2015-09-30": {
        "Diluted EPS": 0.63,
        "Total Revenue": 70,
        "Gross Profit": 65,
        "Operating Income": 35,
        "EBIT": NaN,
        "Net Income": 21
    },
    "2015-06-30": {
        "Diluted EPS": 0.61,
        "Total Revenue": 69,
        "Gross Profit": 64,
        "Operating Income": 34,
        "EBIT": NaN,
        "Net Income": 21
    },
    "2015-03-31": {
        "Diluted EPS": 0.61,
        "Total Revenue": 67,
        "Gross Profit": 63,
        "Operating Income": 31,
        "EBIT": NaN,
        "Net Income": 19
    },
    "2014-12-31": {
        "Diluted EPS": 0.48,
        "Total Revenue": 61,
        "Gross Profit": 57,
        "Operating Income": 27,
        "EBIT": NaN,
        "Net Income": 15
    },
    "2014-09-30": {
        "Diluted EPS": 0.52,
        "Total Revenue": 53,
        "Gross Profit": 49,
        "Operating Income": 23,
        "EBIT": NaN,
        "Net Income": 14
    },
    "2014-06-30": {
        "Diluted EPS": 0.48,
        "Total Revenue": 49,
        "Gross Profit": 46,
        "Operating Income": 21,
        "EBIT": NaN,
        "Net Income": 13
    },
    "2014-03-31": {
        "Diluted EPS": 0.47,
        "Total Revenue": 47,
        "Gross Profit": 44,
        "Operating Income": 19,
        "EBIT": NaN,
        "Net Income": 12
    },
    "2013-12-31": {
        "Diluted EPS": 0.44,
        "Total Revenue": 46,
        "Gross Profit": 43,
        "Operating Income": 19,
        "EBIT": NaN,
        "Net Income": 12
    },
    "2013-09-30": {
        "Diluted EPS": 0.44,
        "Total Revenue": 45,
        "Gross Profit": 42,
        "Operating Income": 19,
        "EBIT": NaN,
        "Net Income": 12
    },
    "2013-06-30": {
        "Diluted EPS": 0.44,
        "Total Revenue": 45,
        "Gross Profit": 42,
        "Operating Income": 19,
        "EBIT": NaN,
        "Net Income": 12
    },
    "2013-03-31": {
        "Diluted EPS": 0.44,
        "Total Revenue": 46,
        "Gross Profit": 43,
        "Operating Income": 19,
        "EBIT": NaN,
        "Net Income": 11
    },
    "2012-12-31": {
        "Diluted EPS": 0.4,
        "Total Revenue": 44,
        "Gross Profit": 41,
        "Operating Income": 16,
        "EBIT": NaN,
        "Net Income": 10
    },
    "2012-09-30": {
        "Diluted EPS": 0.4,
        "Total Revenue": 41,
        "Gross Profit": 38,
        "Operating Income": 15,
        "EBIT": NaN,
        "Net Income": 10
    },
    "2012-06-30": {
        "Diluted EPS": 0.33,
        "Total Revenue": 39,
        "Gross Profit": 35,
        "Operating Income": 12,
        "EBIT": NaN,
        "Net Income": 8
    },
    "2012-03-31": {
        "Diluted EPS": 0.33,
        "Total Revenue": 39,
        "Gross Profit": 34,
        "Operating Income": 12,
        "EBIT": NaN,
        "Net Income": 7
    },
    "2011-12-31": {
        "Diluted EPS": 0.32,
        "Total Revenue": 37,
        "Gross Profit": 32,
        "Operating Income": 11,
        "EBIT": NaN,
        "Net Income": 7
    },
    "2011-09-30": {
        "Diluted EPS": 0.28,
        "Total Revenue": 34,
        "Gross Profit": 29,
        "Operating Income": 10,
        "EBIT": NaN,
        "Net Income": 6
    },
    "2011-06-30": {
        "Diluted EPS": 0.22,
        "Total Revenue": 32,
        "Gross Profit": 27,
        "Operating Income": 9,
        "EBIT": NaN,
        "Net Income": 5
    },
    "2011-03-31": {
        "Diluted EPS": 0.22,
        "Total Revenue": 29,
        "Gross Profit": 24,
        "Operating Income": 8,
        "EBIT": NaN,
        "Net Income": 5
    },
    "2010-12-31": {
        "Diluted EPS": 0.22,
        "Total Revenue": 30,
        "Gross Profit": 25,
        "Operating Income": 8,
        "EBIT": NaN,
        "Net Income": 5
    },
    "2010-09-30": {
        "Diluted EPS": 0.2,
        "Total Revenue": 27,
        "Gross Profit": 22,
        "Operating Income": 7,
        "EBIT": NaN,
        "Net Income": 4
    },
    "2010-06-30": {
        "Diluted EPS": 0.15,
        "Total Revenue": 26,
        "Gross Profit": 21,
        "Operating Income": 5,
        "EBIT": NaN,
        "Net Income": 3
    },
    "2010-03-31": {
        "Diluted EPS": 0.14,
        "Total Revenue": 24,
        "Gross Profit": 18,
        "Operating Income": 5,
        "EBIT": NaN,
        "Net Income": 3
    },
    "2009-12-31": {
        "Diluted EPS": 0.0,
        "Total Revenue": 2,
        "Gross Profit": 3,
        "Operating Income": 2,
        "EBIT": NaN,
        "Net Income": 1
    },
    "2009-09-30": {
        "Diluted EPS": 0.14,
        "Total Revenue": 23,
        "Gross Profit": 17,
        "Operating Income": 4,
        "EBIT": NaN,
        "Net Income": 2
    },
    "2009-06-30": {
        "Diluted EPS": 0.26,
        "Total Revenue": 45,
        "Gross Profit": 32,
        "Operating Income": 7,
        "EBIT": NaN,
        "Net Income": 4
    },
    "2009-03-31": {
        "Diluted EPS": 0.11,
        "Total Revenue": 21,
        "Gross Profit": 15,
        "Operating Income": 3,
        "EBIT": NaN,
        "Net Income": 1
    },
    "2023-09-30": {
        "Tax Effect Of Unusual Items": NaN,
        "Tax Rate For Calcs": NaN,
        "Total Unusual Items": 0.0,
        "Total Unusual Items Excluding Goodwill": 0.0,
        "Net Income From Continuing Operation Net Minority Interest": NaN,
        "Reconciled Depreciation": NaN,
        "Net Interest Income": NaN,
        "Interest Expense": NaN,
        "Interest Income": NaN,
        "Normalized Income": NaN,
        "Net Income From Continuing And Discontinued Operation": NaN,
        "Diluted Average Shares": NaN,
        "Basic Average Shares": NaN,
        "Diluted EPS": NaN,
        "Basic EPS": NaN,
        "Diluted NI Availto Com Stockholders": NaN,
        "Net Income Common Stockholders": NaN,
        "Net Income": NaN,
        "Net Income Including Noncontrolling Interests": NaN,
        "Net Income Continuous Operations": NaN,
        "Tax Provision": NaN,
        "Pretax Income": NaN,
        "Special Income Charges": 0.0,
        "Impairment Of Capital Assets": 0.0,
        "Gain On Sale Of Security": NaN,
        "Selling General And Administration": NaN,
        "Selling And Marketing Expense": NaN,
        "General And Administrative Expense": NaN,
        "Insurance And Claims": NaN,
        "Salaries And Wages": NaN,
        "Total Revenue": NaN,
        "Operating Revenue": NaN,
        "Occupancy And Equipment": NaN,
        "Professional Expense And Contract Services Expense": NaN,
        "Other Non Interest Expense": NaN
    },
    "2023-12-31": {
        "Tax Effect Of Unusual Items": 0.0,
        "Tax Rate For Calcs": 0.18749,
        "Total Unusual Items": NaN,
        "Total Unusual Items Excluding Goodwill": NaN,
        "Net Income From Continuing Operation Net Minority Interest": 20225000.0,
        "Reconciled Depreciation": 831000.0,
        "Net Interest Income": 72992000.0,
        "Interest Expense": 94429000.0,
        "Interest Income": 167421000.0,
        "Normalized Income": 20225000.0,
        "Net Income From Continuing And Discontinued Operation": 20225000.0,
        "Diluted Average Shares": 29966962.0,
        "Basic Average Shares": 29925557.0,
        "Diluted EPS": 0.67,
        "Basic EPS": 0.68,
        "Diluted NI Availto Com Stockholders": 20225000.0,
        "Net Income Common Stockholders": 20225000.0,
        "Net Income": 20225000.0,
        "Net Income Including Noncontrolling Interests": 20225000.0,
        "Net Income Continuous Operations": 20225000.0,
        "Tax Provision": 4667000.0,
        "Pretax Income": 24892000.0,
        "Special Income Charges": NaN,
        "Impairment Of Capital Assets": NaN,
        "Gain On Sale Of Security": 3000.0,
        "Selling General And Administration": 23931000.0,
        "Selling And Marketing Expense": 1071000.0,
        "General And Administrative Expense": 22860000.0,
        "Insurance And Claims": 4444000.0,
        "Salaries And Wages": 18416000.0,
        "Total Revenue": 75886000.0,
        "Operating Revenue": 75886000.0,
        "Occupancy And Equipment": 2967000.0,
        "Professional Expense And Contract Services Expense": 2722000.0,
        "Other Non Interest Expense": 7478000.0
    },
    "2024-03-31": {
        "Tax Effect Of Unusual Items": 0.0,
        "Tax Rate For Calcs": 0.21,
        "Total Unusual Items": NaN,
        "Total Unusual Items Excluding Goodwill": NaN,
        "Net Income From Continuing Operation Net Minority Interest": -338000.0,
        "Reconciled Depreciation": 786000.0,
        "Net Interest Income": 74698000.0,
        "Interest Expense": 100904000.0,
        "Interest Income": 175602000.0,
        "Normalized Income": -338000.0,
        "Net Income From Continuing And Discontinued Operation": -338000.0,
        "Diluted Average Shares": 30068173.0,
        "Basic Average Shares": 30068173.0,
        "Diluted EPS": -0.01,
        "Basic EPS": -0.01,
        "Diluted NI Availto Com Stockholders": -338000.0,
        "Net Income Common Stockholders": -338000.0,
        "Net Income": -338000.0,
        "Net Income Including Noncontrolling Interests": -338000.0,
        "Net Income Continuous Operations": -338000.0,
        "Tax Provision": 2997000.0,
        "Pretax Income": 2659000.0,
        "Special Income Charges": NaN,
        "Impairment Of Capital Assets": NaN,
        "Gain On Sale Of Security": 4000.0,
        "Selling General And Administration": 28997000.0,
        "Selling And Marketing Expense": 859000.0,
        "General And Administrative Expense": 28138000.0,
        "Insurance And Claims": 6412000.0,
        "Salaries And Wages": 21726000.0,
        "Total Revenue": 78287000.0,
        "Operating Revenue": 78287000.0,
        "Occupancy And Equipment": 3059000.0,
        "Professional Expense And Contract Services Expense": 2507000.0,
        "Other Non Interest Expense": 5434000.0
    },
    "2024-06-30": {
        "Tax Effect Of Unusual Items": -21875280.0,
        "Tax Rate For Calcs": 0.21,
        "Total Unusual Items": -104168000.0,
        "Total Unusual Items Excluding Goodwill": -104168000.0,
        "Net Income From Continuing Operation Net Minority Interest": -83802000.0,
        "Reconciled Depreciation": 706000.0,
        "Net Interest Income": 71353000.0,
        "Interest Expense": 98378000.0,
        "Interest Income": 169731000.0,
        "Normalized Income": -1509280.0,
        "Net Income From Continuing And Discontinued Operation": -83802000.0,
        "Diluted Average Shares": 30185609.0,
        "Basic Average Shares": 30186000.0,
        "Diluted EPS": -2.78,
        "Basic EPS": -2.78,
        "Diluted NI Availto Com Stockholders": -83802000.0,
        "Net Income Common Stockholders": -83802000.0,
        "Net Income": -83802000.0,
        "Net Income Including Noncontrolling Interests": -83802000.0,
        "Net Income Continuous Operations": -83802000.0,
        "Tax Provision": 4429000.0,
        "Pretax Income": -79373000.0,
        "Special Income Charges": -104168000.0,
        "Impairment Of Capital Assets": 104168000.0,
        "Gain On Sale Of Security": 3000.0,
        "Selling General And Administration": 29349000.0,
        "Selling And Marketing Expense": 1662000.0,
        "General And Administrative Expense": 27687000.0,
        "Insurance And Claims": 5917000.0,
        "Salaries And Wages": 21770000.0,
        "Total Revenue": 76685000.0,
        "Operating Revenue": 76685000.0,
        "Occupancy And Equipment": 2894000.0,
        "Professional Expense And Contract Services Expense": 2705000.0,
        "Other Non Interest Expense": 7375000.0
    },
    "2024-09-30": {
        "Tax Effect Of Unusual Items": 0.0,
        "Tax Rate For Calcs": 0.182316,
        "Total Unusual Items": 0.0,
        "Total Unusual Items Excluding Goodwill": 0.0,
        "Net Income From Continuing Operation Net Minority Interest": 21815000.0,
        "Reconciled Depreciation": 670000.0,
        "Net Interest Income": 71843000.0,
        "Interest Expense": 101970000.0,
        "Interest Income": 173813000.0,
        "Normalized Income": 21815000.0,
        "Net Income From Continuing And Discontinued Operation": 21815000.0,
        "Diluted Average Shares": 30241699.0,
        "Basic Average Shares": 30173852.0,
        "Diluted EPS": 0.72,
        "Basic EPS": 0.72,
        "Diluted NI Availto Com Stockholders": 21815000.0,
        "Net Income Common Stockholders": 21815000.0,
        "Net Income": 21815000.0,
        "Net Income Including Noncontrolling Interests": 21815000.0,
        "Net Income Continuous Operations": 21815000.0,
        "Tax Provision": 4864000.0,
        "Pretax Income": 26679000.0,
        "Special Income Charges": 0.0,
        "Impairment Of Capital Assets": 0.0,
        "Gain On Sale Of Security": 3000.0,
        "Selling General And Administration": 30662000.0,
        "Selling And Marketing Expense": 1588000.0,
        "General And Administrative Expense": 29074000.0,
        "Insurance And Claims": 7399000.0,
        "Salaries And Wages": 21675000.0,
        "Total Revenue": 78794000.0,
        "Operating Revenue": 78794000.0,
        "Occupancy And Equipment": 2794000.0,
        "Professional Expense And Contract Services Expense": 3433000.0,
        "Other Non Interest Expense": 6725000.0
    },
    "2024-12-31": {
        "Tax Effect Of Unusual Items": 0.0,
        "Tax Rate For Calcs": 0.227583,
        "Total Unusual Items": 0.0,
        "Total Unusual Items Excluding Goodwill": 0.0,
        "Net Income From Continuing Operation Net Minority Interest": 15290000.0,
        "Reconciled Depreciation": 1036000.0,
        "Net Interest Income": 70794000.0,
        "Interest Expense": 97623000.0,
        "Interest Income": 168417000.0,
        "Normalized Income": 15290000.0,
        "Net Income From Continuing And Discontinued Operation": 15290000.0,
        "Diluted Average Shares": 30321644.0,
        "Basic Average Shares": 30199433.0,
        "Diluted EPS": 0.5,
        "Basic EPS": 0.51,
        "Diluted NI Availto Com Stockholders": 15290000.0,
        "Net Income Common Stockholders": 15290000.0,
        "Net Income": 15290000.0,
        "Net Income Including Noncontrolling Interests": 15290000.0,
        "Net Income Continuous Operations": 15290000.0,
        "Tax Provision": 4505000.0,
        "Pretax Income": 19795000.0,
        "Special Income Charges": 0.0,
        "Impairment Of Capital Assets": 0.0,
        "Gain On Sale Of Security": 4000.0,
        "Selling General And Administration": 33218000.0,
        "Selling And Marketing Expense": 1340000.0,
        "General And Administrative Expense": 31878000.0,
        "Insurance And Claims": 9281000.0,
        "Salaries And Wages": 22597000.0,
        "Total Revenue": 74861000.0,
        "Operating Revenue": 74861000.0,
        "Occupancy And Equipment": 2635000.0,
        "Professional Expense And Contract Services Expense": 641000.0,
        "Other Non Interest Expense": 8038000.0
    },
    "2025-03-31": {
        "Tax Effect Of Unusual Items": 0.0,
        "Tax Rate For Calcs": 0.315,
        "Total Unusual Items": NaN,
        "Total Unusual Items Excluding Goodwill": NaN,
        "Net Income From Continuing Operation Net Minority Interest": 1675000.0,
        "Reconciled Depreciation": 826000.0,
        "Net Interest Income": 65649000.0,
        "Interest Expense": 88229000.0,
        "Interest Income": 153878000.0,
        "Normalized Income": 1675000.0,
        "Net Income From Continuing And Discontinued Operation": 1675000.0,
        "Diluted Average Shares": 30404000.0,
        "Basic Average Shares": 30275000.0,
        "Diluted EPS": 0.06,
        "Basic EPS": 0.06,
        "Diluted NI Availto Com Stockholders": 1675000.0,
        "Net Income Common Stockholders": 1675000.0,
        "Net Income": 1675000.0,
        "Net Income Including Noncontrolling Interests": 1675000.0,
        "Net Income Continuous Operations": 1675000.0,
        "Tax Provision": 772000.0,
        "Pretax Income": 2447000.0,
        "Special Income Charges": NaN,
        "Impairment Of Capital Assets": NaN,
        "Gain On Sale Of Security": 4000.0,
        "Selling General And Administration": 32301000.0,
        "Selling And Marketing Expense": 1371000.0,
        "General And Administrative Expense": 30930000.0,
        "Insurance And Claims": 8962000.0,
        "Salaries And Wages": 21968000.0,
        "Total Revenue": 73856000.0,
        "Operating Revenue": 73856000.0,
        "Occupancy And Equipment": 3203000.0,
        "Professional Expense And Contract Services Expense": 3122000.0,
        "Other Non Interest Expense": 6825000.0
    },
    "2025-06-30": {
        "Tax Effect Of Unusual Items": 0.0,
        "Tax Rate For Calcs": 0.361023,
        "Total Unusual Items": 0.0,
        "Total Unusual Items Excluding Goodwill": 0.0,
        "Net Income From Continuing Operation Net Minority Interest": -69775000.0,
        "Reconciled Depreciation": 785000.0,
        "Net Interest Income": 67776000.0,
        "Interest Expense": 83667000.0,
        "Interest Income": 151443000.0,
        "Normalized Income": -69775000.0,
        "Net Income From Continuing And Discontinued Operation": -69775000.0,
        "Diluted Average Shares": 30375000.0,
        "Basic Average Shares": 30375000.0,
        "Diluted EPS": -2.3,
        "Basic EPS": -2.3,
        "Diluted NI Availto Com Stockholders": -69775000.0,
        "Net Income Common Stockholders": -69775000.0,
        "Net Income": -69775000.0,
        "Net Income Including Noncontrolling Interests": -69775000.0,
        "Net Income Continuous Operations": -69775000.0,
        "Tax Provision": -39423000.0,
        "Pretax Income": -109198000.0,
        "Special Income Charges": 0.0,
        "Impairment Of Capital Assets": 0.0,
        "Gain On Sale Of Security": -1854000.0,
        "Selling General And Administration": 31161000.0,
        "Selling And Marketing Expense": 1144000.0,
        "General And Administrative Expense": 30017000.0,
        "Insurance And Claims": 8077000.0,
        "Salaries And Wages": 21940000.0,
        "Total Revenue": 74190000.0,
        "Operating Revenue": 74190000.0,
        "Occupancy And Equipment": 3019000.0,
        "Professional Expense And Contract Services Expense": 1550000.0,
        "Other Non Interest Expense": 7740000.0
    }
}