{
    "2023-03-31": {
        "Tax Effect Of Unusual Items": 0.0,
        "Tax Rate For Calcs": 0.21,
        "Normalized EBITDA": 38637000.0,
        "Total Unusual Items": NaN,
        "Total Unusual Items Excluding Goodwill": NaN,
        "Net Income From Continuing Operation Net Minority Interest": -9431000.0,
        "Reconciled Depreciation": 11874000.0,
        "Reconciled Cost Of Revenue": 55253000.0,
        "EBITDA": 38637000.0,
        "EBIT": 26763000.0,
        "Net Interest Income": NaN,
        "Interest Expense": NaN,
        "Normalized Income": -9431000.0,
        "Net Income From Continuing And Discontinued Operation": -9431000.0,
        "Total Expenses": 180996000.0,
        "Total Operating Income As Reported": 3533000.0,
        "Diluted Average Shares": 114924000.0,
        "Basic Average Shares": 114924000.0,
        "Diluted EPS": -0.08,
        "Basic EPS": -0.08,
        "Diluted NI Availto Com Stockholders": -9431000.0,
        "Net Income Common Stockholders": -9431000.0,
        "Net Income": -9431000.0,
        "Net Income Including Noncontrolling Interests": -9431000.0,
        "Net Income Continuous Operations": -9431000.0,
        "Tax Provision": 1766000.0,
        "Pretax Income": -7665000.0,
        "Other Income Expense": 16076000.0,
        "Other Non Operating Income Expenses": -4290000.0,
        "Special Income Charges": NaN,
        "Gain On Sale Of Ppe": NaN,
        "Other Special Charges": NaN,
        "Impairment Of Capital Assets": NaN,
        "Gain On Sale Of Security": NaN,
        "Net Non Operating Interest Income Expense": NaN,
        "Interest Expense Non Operating": NaN,
        "Operating Income": 3533000.0,
        "Operating Expense": 125743000.0,
        "Research And Development": 36455000.0,
        "Selling General And Administration": 89288000.0,
        "Selling And Marketing Expense": 43927000.0,
        "General And Administrative Expense": 45361000.0,
        "Other Gand A": -1827000.0,
        "Gross Profit": 129276000.0,
        "Cost Of Revenue": 55253000.0,
        "Total Revenue": 184529000.0,
        "Operating Revenue": 176562000.0
    },
    "2022-12-31": {
        "Tax Effect Of Unusual Items": NaN,
        "Tax Rate For Calcs": NaN,
        "Normalized EBITDA": NaN,
        "Total Unusual Items": NaN,
        "Total Unusual Items Excluding Goodwill": NaN,
        "Net Income From Continuing Operation Net Minority Interest": NaN,
        "Reconciled Depreciation": NaN,
        "Reconciled Cost Of Revenue": NaN,
        "EBITDA": NaN,
        "EBIT": NaN,
        "Net Interest Income": NaN,
        "Interest Expense": NaN,
        "Normalized Income": NaN,
        "Net Income From Continuing And Discontinued Operation": NaN,
        "Total Expenses": NaN,
        "Total Operating Income As Reported": NaN,
        "Diluted Average Shares": NaN,
        "Basic Average Shares": NaN,
        "Diluted EPS": NaN,
        "Basic EPS": NaN,
        "Diluted NI Availto Com Stockholders": NaN,
        "Net Income Common Stockholders": NaN,
        "Net Income": NaN,
        "Net Income Including Noncontrolling Interests": NaN,
        "Net Income Continuous Operations": NaN,
        "Tax Provision": NaN,
        "Pretax Income": NaN,
        "Other Income Expense": NaN,
        "Other Non Operating Income Expenses": NaN,
        "Special Income Charges": NaN,
        "Gain On Sale Of Ppe": 1757000.0,
        "Other Special Charges": -2144000.0,
        "Impairment Of Capital Assets": 3729000.0,
        "Gain On Sale Of Security": NaN,
        "Net Non Operating Interest Income Expense": NaN,
        "Interest Expense Non Operating": NaN,
        "Operating Income": NaN,
        "Operating Expense": NaN,
        "Research And Development": NaN,
        "Selling General And Administration": NaN,
        "Selling And Marketing Expense": NaN,
        "General And Administrative Expense": NaN,
        "Other Gand A": NaN,
        "Gross Profit": NaN,
        "Cost Of Revenue": NaN,
        "Total Revenue": NaN,
        "Operating Revenue": NaN
    },
    "2022-09-30": {
        "Tax Effect Of Unusual Items": NaN,
        "Tax Rate For Calcs": NaN,
        "Normalized EBITDA": NaN,
        "Total Unusual Items": NaN,
        "Total Unusual Items Excluding Goodwill": NaN,
        "Net Income From Continuing Operation Net Minority Interest": NaN,
        "Reconciled Depreciation": NaN,
        "Reconciled Cost Of Revenue": NaN,
        "EBITDA": NaN,
        "EBIT": NaN,
        "Net Interest Income": NaN,
        "Interest Expense": NaN,
        "Normalized Income": NaN,
        "Net Income From Continuing And Discontinued Operation": NaN,
        "Total Expenses": NaN,
        "Total Operating Income As Reported": NaN,
        "Diluted Average Shares": NaN,
        "Basic Average Shares": NaN,
        "Diluted EPS": NaN,
        "Basic EPS": NaN,
        "Diluted NI Availto Com Stockholders": NaN,
        "Net Income Common Stockholders": NaN,
        "Net Income": NaN,
        "Net Income Including Noncontrolling Interests": NaN,
        "Net Income Continuous Operations": NaN,
        "Tax Provision": NaN,
        "Pretax Income": NaN,
        "Other Income Expense": NaN,
        "Other Non Operating Income Expenses": NaN,
        "Special Income Charges": NaN,
        "Gain On Sale Of Ppe": NaN,
        "Other Special Charges": -16106000.0,
        "Impairment Of Capital Assets": NaN,
        "Gain On Sale Of Security": NaN,
        "Net Non Operating Interest Income Expense": NaN,
        "Interest Expense Non Operating": NaN,
        "Operating Income": NaN,
        "Operating Expense": NaN,
        "Research And Development": NaN,
        "Selling General And Administration": NaN,
        "Selling And Marketing Expense": NaN,
        "General And Administrative Expense": NaN,
        "Other Gand A": NaN,
        "Gross Profit": NaN,
        "Cost Of Revenue": NaN,
        "Total Revenue": NaN,
        "Operating Revenue": NaN
    },
    "2022-06-30": {
        "Tax Effect Of Unusual Items": 0.0,
        "Tax Rate For Calcs": 0.4,
        "Normalized EBITDA": -12525000.0,
        "Total Unusual Items": NaN,
        "Total Unusual Items Excluding Goodwill": NaN,
        "Net Income From Continuing Operation Net Minority Interest": -26043000.0,
        "Reconciled Depreciation": 14229000.0,
        "Reconciled Cost Of Revenue": 66673000.0,
        "EBITDA": -12525000.0,
        "EBIT": -26754000.0,
        "Net Interest Income": NaN,
        "Interest Expense": NaN,
        "Normalized Income": -26043000.0,
        "Net Income From Continuing And Discontinued Operation": -26043000.0,
        "Total Expenses": 214374000.0,
        "Total Operating Income As Reported": -26754000.0,
        "Diluted Average Shares": 119721000.0,
        "Basic Average Shares": 119721000.0,
        "Diluted EPS": -0.22,
        "Basic EPS": -0.22,
        "Diluted NI Availto Com Stockholders": -26043000.0,
        "Net Income Common Stockholders": -26043000.0,
        "Net Income": -26043000.0,
        "Net Income Including Noncontrolling Interests": -26043000.0,
        "Net Income Continuous Operations": -26043000.0,
        "Tax Provision": 405000.0,
        "Pretax Income": -25638000.0,
        "Other Income Expense": 1116000.0,
        "Other Non Operating Income Expenses": 1116000.0,
        "Special Income Charges": NaN,
        "Other Special Charges": NaN,
        "Gain On Sale Of Security": NaN,
        "Net Non Operating Interest Income Expense": NaN,
        "Interest Expense Non Operating": NaN,
        "Operating Income": -26754000.0,
        "Operating Expense": 147701000.0,
        "Research And Development": 34955000.0,
        "Selling General And Administration": 112746000.0,
        "Selling And Marketing Expense": 83527000.0,
        "General And Administrative Expense": 29219000.0,
        "Other Gand A": 29219000.0,
        "Gross Profit": 120947000.0,
        "Cost Of Revenue": 66673000.0,
        "Total Revenue": 187620000.0,
        "Operating Revenue": 179161000.0
    },
    "2022-03-31": {
        "Diluted EPS": -0.39,
        "Total Revenue": 181,
        "Gross Profit": 113,
        "Operating Income": -41,
        "EBIT": -10,
        "Net Income": -46
    },
    "2021-12-31": {
        "Diluted EPS": -0.38,
        "Total Revenue": 157,
        "Gross Profit": 97,
        "Operating Income": -38,
        "EBIT": -13,
        "Net Income": -44
    },
    "2021-09-30": {
        "Diluted EPS": -0.38,
        "Total Revenue": 152,
        "Gross Profit": 92,
        "Operating Income": -37,
        "EBIT": -12,
        "Net Income": -42
    },
    "2021-06-30": {
        "Diluted EPS": -0.4,
        "Total Revenue": 148,
        "Gross Profit": 89,
        "Operating Income": -39,
        "EBIT": -15,
        "Net Income": -44
    },
    "2021-03-31": {
        "Diluted EPS": -0.42,
        "Total Revenue": 145,
        "Gross Profit": 84,
        "Operating Income": -40,
        "EBIT": -17,
        "Net Income": -45
    },
    "2020-12-31": {
        "Diluted EPS": -0.38,
        "Total Revenue": 137,
        "Gross Profit": 76,
        "Operating Income": -35,
        "EBIT": -12,
        "Net Income": -40
    },
    "2020-09-30": {
        "Diluted EPS": -0.37,
        "Total Revenue": 129,
        "Gross Profit": 73,
        "Operating Income": -33,
        "EBIT": -11,
        "Net Income": -38
    },
    "2020-06-30": {
        "Diluted EPS": -0.4,
        "Total Revenue": 122,
        "Gross Profit": 70,
        "Operating Income": -38,
        "EBIT": -16,
        "Net Income": -42
    },
    "2020-03-31": {
        "Diluted EPS": -0.47,
        "Total Revenue": 121,
        "Gross Profit": 64,
        "Operating Income": -46,
        "EBIT": -25,
        "Net Income": -50
    },
    "2019-12-31": {
        "Diluted EPS": -0.47,
        "Total Revenue": 119,
        "Gross Profit": 62,
        "Operating Income": -43,
        "EBIT": -25,
        "Net Income": -47
    },
    "2019-09-30": {
        "Diluted EPS": -0.42,
        "Total Revenue": 110,
        "Gross Profit": 60,
        "Operating Income": -38,
        "EBIT": -21,
        "Net Income": -41
    },
    "2019-06-30": {
        "Diluted EPS": -0.36,
        "Total Revenue": 97,
        "Gross Profit": 59,
        "Operating Income": -33,
        "EBIT": -18,
        "Net Income": -34
    },
    "2019-03-31": {
        "Diluted EPS": -0.3,
        "Total Revenue": 94,
        "Gross Profit": 59,
        "Operating Income": -27,
        "EBIT": -5,
        "Net Income": -28
    },
    "2018-12-31": {
        "Diluted EPS": -0.25,
        "Total Revenue": 90,
        "Gross Profit": 57,
        "Operating Income": -24,
        "EBIT": -24,
        "Net Income": -24
    },
    "2018-09-30": {
        "Diluted EPS": -0.23,
        "Total Revenue": 86,
        "Gross Profit": 54,
        "Operating Income": -22,
        "EBIT": -13,
        "Net Income": -21
    },
    "2018-06-30": {
        "Diluted EPS": -0.16,
        "Total Revenue": 83,
        "Gross Profit": 52,
        "Operating Income": -16,
        "EBIT": -8,
        "Net Income": -15
    },
    "2018-03-31": {
        "Diluted EPS": -0.15,
        "Total Revenue": 79,
        "Gross Profit": 24,
        "Operating Income": -14,
        "EBIT": -9,
        "Net Income": -13
    },
    "2017-12-31": {
        "Diluted EPS": -0.96,
        "Total Revenue": 76,
        "Gross Profit": 59,
        "Operating Income": -18,
        "EBIT": -14,
        "Net Income": -89
    },
    "2017-09-30": {
        "Diluted EPS": -0.01,
        "Total Revenue": 72,
        "Gross Profit": 55,
        "Operating Income": -4,
        "EBIT": -1,
        "Net Income": -1
    },
    "2017-06-30": {
        "Diluted EPS": -0.02,
        "Total Revenue": 69,
        "Gross Profit": 53,
        "Operating Income": -5,
        "EBIT": -2,
        "Net Income": -2
    },
    "2017-03-31": {
        "Diluted EPS": -0.03,
        "Total Revenue": 66,
        "Gross Profit": 23,
        "Operating Income": -4,
        "EBIT": -1,
        "Net Income": -3
    },
    "2016-12-31": {
        "Diluted EPS": -0.01,
        "Total Revenue": 64,
        "Gross Profit": 49,
        "Operating Income": -2,
        "EBIT": 1,
        "Net Income": -1
    },
    "2016-09-30": {
        "Diluted EPS": 0.0,
        "Total Revenue": 63,
        "Gross Profit": 47,
        "Operating Income": 0,
        "EBIT": 2,
        "Net Income": 0
    },
    "2016-06-30": {
        "Diluted EPS": -0.01,
        "Total Revenue": 60,
        "Gross Profit": 44,
        "Operating Income": -1,
        "EBIT": 2,
        "Net Income": -1
    },
    "2016-03-31": {
        "Diluted EPS": -0.01,
        "Total Revenue": 57,
        "Gross Profit": 42,
        "Operating Income": -3,
        "EBIT": -1,
        "Net Income": -1
    },
    "2015-12-31": {
        "Diluted EPS": -0.02,
        "Total Revenue": 53,
        "Gross Profit": 38,
        "Operating Income": -3,
        "EBIT": 0,
        "Net Income": -2
    },
    "2015-09-30": {
        "Diluted EPS": -0.02,
        "Total Revenue": 51,
        "Gross Profit": 37,
        "Operating Income": -2,
        "EBIT": 1,
        "Net Income": -2
    },
    "2015-06-30": {
        "Diluted EPS": -0.01,
        "Total Revenue": 48,
        "Gross Profit": 35,
        "Operating Income": 0,
        "EBIT": 2,
        "Net Income": 0
    },
    "2015-03-31": {
        "Diluted EPS": 0.0,
        "Total Revenue": 44,
        "Gross Profit": 32,
        "Operating Income": 0,
        "EBIT": 2,
        "Net Income": 0
    },
    "2014-12-31": {
        "Diluted EPS": 0.01,
        "Total Revenue": 41,
        "Gross Profit": 30,
        "Operating Income": 1,
        "EBIT": 3,
        "Net Income": 0
    },
    "2014-09-30": {
        "Diluted EPS": 0.01,
        "Total Revenue": 40,
        "Gross Profit": 28,
        "Operating Income": 3,
        "EBIT": 4,
        "Net Income": 1
    },
    "2014-06-30": {
        "Diluted EPS": 0.0,
        "Total Revenue": 38,
        "Gross Profit": 27,
        "Operating Income": 1,
        "EBIT": 2,
        "Net Income": 0
    },
    "2014-03-31": {
        "Diluted EPS": -0.03,
        "Total Revenue": 36,
        "Gross Profit": 25,
        "Operating Income": 0,
        "EBIT": 1,
        "Net Income": -2
    },
    "2013-12-31": {
        "Diluted EPS": 0.0,
        "Total Revenue": 33,
        "Gross Profit": 23,
        "Operating Income": -2,
        "EBIT": -1,
        "Net Income": 0
    },
    "2013-09-30": {
        "Diluted EPS": 0.03,
        "Total Revenue": 31,
        "Gross Profit": 22,
        "Operating Income": 2,
        "EBIT": 3,
        "Net Income": 2
    },
    "2013-06-30": {
        "Diluted EPS": 0.03,
        "Total Revenue": 29,
        "Gross Profit": 21,
        "Operating Income": 3,
        "EBIT": 4,
        "Net Income": 2
    },
    "2013-03-31": {
        "Diluted EPS": 0.02,
        "Total Revenue": 27,
        "Gross Profit": 19,
        "Operating Income": 3,
        "EBIT": 4,
        "Net Income": 2
    },
    "2012-12-31": {
        "Diluted EPS": 0.03,
        "Total Revenue": 26,
        "Gross Profit": 18,
        "Operating Income": 3,
        "EBIT": 4,
        "Net Income": 2
    },
    "2012-09-30": {
        "Diluted EPS": 0.02,
        "Total Revenue": 25,
        "Gross Profit": 17,
        "Operating Income": 3,
        "EBIT": 4,
        "Net Income": 2
    },
    "2012-06-30": {
        "Diluted EPS": 0.12,
        "Total Revenue": 25,
        "Gross Profit": 17,
        "Operating Income": 14,
        "EBIT": 15,
        "Net Income": 9
    },
    "2012-03-31": {
        "Diluted EPS": 0.91,
        "Total Revenue": 22,
        "Gross Profit": 16,
        "Operating Income": 4,
        "EBIT": 4,
        "Net Income": 64
    },
    "2011-12-31": {
        "Diluted EPS": 0.04,
        "Total Revenue": 23,
        "Gross Profit": 16,
        "Operating Income": 3,
        "EBIT": 3,
        "Net Income": 3
    },
    "2011-09-30": {
        "Diluted EPS": 0.01,
        "Total Revenue": 20,
        "Gross Profit": 13,
        "Operating Income": 1,
        "EBIT": 1,
        "Net Income": 1
    },
    "2011-06-30": {
        "Diluted EPS": 0.03,
        "Total Revenue": 19,
        "Gross Profit": 12,
        "Operating Income": 2,
        "EBIT": 2,
        "Net Income": 2
    },
    "2011-03-31": {
        "Diluted EPS": 0.03,
        "Total Revenue": 18,
        "Gross Profit": 12,
        "Operating Income": 2,
        "EBIT": 2,
        "Net Income": 2
    },
    "2010-12-31": {
        "Diluted EPS": 0.02,
        "Total Revenue": 18,
        "Gross Profit": 12,
        "Operating Income": 1,
        "EBIT": 2,
        "Net Income": 1
    },
    "2010-09-30": {
        "Diluted EPS": 0.03,
        "Total Revenue": 17,
        "Gross Profit": 12,
        "Operating Income": 2,
        "EBIT": 2,
        "Net Income": 2
    },
    "2010-06-30": {
        "Diluted EPS": 0.02,
        "Total Revenue": 17,
        "Gross Profit": 11,
        "Operating Income": 1,
        "EBIT": 1,
        "Net Income": 1
    },
    "2010-03-31": {
        "Diluted EPS": 0.01,
        "Total Revenue": 16,
        "Gross Profit": 11,
        "Operating Income": 1,
        "EBIT": 1,
        "Net Income": 1
    },
    "2009-12-31": {
        "Diluted EPS": 0.02,
        "Total Revenue": 16,
        "Gross Profit": 11,
        "Operating Income": 1,
        "EBIT": 2,
        "Net Income": 1
    },
    "2009-09-30": {
        "Diluted EPS": 0.02,
        "Total Revenue": 16,
        "Gross Profit": 11,
        "Operating Income": 1,
        "EBIT": 2,
        "Net Income": 1
    },
    "2009-06-30": {
        "Diluted EPS": 0.01,
        "Total Revenue": 16,
        "Gross Profit": 10,
        "Operating Income": 0,
        "EBIT": 1,
        "Net Income": 0
    },
    "2009-03-31": {
        "Diluted EPS": -0.06,
        "Total Revenue": 16,
        "Gross Profit": 9,
        "Operating Income": -4,
        "EBIT": -4,
        "Net Income": -4
    },
    "2023-06-30": {
        "Tax Effect Of Unusual Items": NaN,
        "Tax Rate For Calcs": NaN,
        "Normalized EBITDA": NaN,
        "Total Unusual Items": NaN,
        "Total Unusual Items Excluding Goodwill": NaN,
        "Net Income From Continuing Operation Net Minority Interest": NaN,
        "Reconciled Depreciation": NaN,
        "Reconciled Cost Of Revenue": NaN,
        "EBITDA": NaN,
        "EBIT": NaN,
        "Net Interest Income": NaN,
        "Interest Expense": NaN,
        "Interest Income": NaN,
        "Normalized Income": NaN,
        "Net Income From Continuing And Discontinued Operation": NaN,
        "Total Expenses": NaN,
        "Total Operating Income As Reported": NaN,
        "Diluted Average Shares": NaN,
        "Basic Average Shares": NaN,
        "Diluted EPS": NaN,
        "Basic EPS": NaN,
        "Diluted NI Availto Com Stockholders": NaN,
        "Net Income Common Stockholders": NaN,
        "Net Income": NaN,
        "Net Income Including Noncontrolling Interests": NaN,
        "Net Income Continuous Operations": NaN,
        "Tax Provision": NaN,
        "Pretax Income": NaN,
        "Other Income Expense": NaN,
        "Other Non Operating Income Expenses": NaN,
        "Special Income Charges": NaN,
        "Gain On Sale Of Ppe": NaN,
        "Other Special Charges": 1766000.0,
        "Impairment Of Capital Assets": NaN,
        "Gain On Sale Of Security": NaN,
        "Net Non Operating Interest Income Expense": NaN,
        "Interest Expense Non Operating": NaN,
        "Interest Income Non Operating": NaN,
        "Operating Income": NaN,
        "Operating Expense": NaN,
        "Research And Development": NaN,
        "Selling General And Administration": NaN,
        "Selling And Marketing Expense": NaN,
        "General And Administrative Expense": NaN,
        "Other Gand A": NaN,
        "Gross Profit": NaN,
        "Cost Of Revenue": NaN,
        "Total Revenue": NaN,
        "Operating Revenue": NaN
    },
    "2023-09-30": {
        "Tax Effect Of Unusual Items": NaN,
        "Tax Rate For Calcs": NaN,
        "Normalized EBITDA": NaN,
        "Total Unusual Items": NaN,
        "Total Unusual Items Excluding Goodwill": NaN,
        "Net Income From Continuing Operation Net Minority Interest": NaN,
        "Reconciled Depreciation": NaN,
        "Reconciled Cost Of Revenue": NaN,
        "EBITDA": NaN,
        "EBIT": NaN,
        "Net Interest Income": NaN,
        "Interest Expense": NaN,
        "Interest Income": 603000.0,
        "Normalized Income": NaN,
        "Net Income From Continuing And Discontinued Operation": NaN,
        "Total Expenses": NaN,
        "Total Operating Income As Reported": NaN,
        "Diluted Average Shares": NaN,
        "Basic Average Shares": NaN,
        "Diluted EPS": NaN,
        "Basic EPS": NaN,
        "Diluted NI Availto Com Stockholders": NaN,
        "Net Income Common Stockholders": NaN,
        "Net Income": NaN,
        "Net Income Including Noncontrolling Interests": NaN,
        "Net Income Continuous Operations": NaN,
        "Tax Provision": NaN,
        "Pretax Income": NaN,
        "Other Income Expense": NaN,
        "Other Non Operating Income Expenses": NaN,
        "Special Income Charges": NaN,
        "Gain On Sale Of Ppe": NaN,
        "Other Special Charges": NaN,
        "Impairment Of Capital Assets": NaN,
        "Gain On Sale Of Security": NaN,
        "Net Non Operating Interest Income Expense": NaN,
        "Interest Expense Non Operating": NaN,
        "Interest Income Non Operating": 603000.0,
        "Operating Income": NaN,
        "Operating Expense": NaN,
        "Research And Development": NaN,
        "Selling General And Administration": NaN,
        "Selling And Marketing Expense": NaN,
        "General And Administrative Expense": NaN,
        "Other Gand A": NaN,
        "Gross Profit": NaN,
        "Cost Of Revenue": NaN,
        "Total Revenue": NaN,
        "Operating Revenue": NaN
    },
    "2023-12-31": {
        "Tax Effect Of Unusual Items": NaN,
        "Tax Rate For Calcs": NaN,
        "Normalized EBITDA": NaN,
        "Total Unusual Items": NaN,
        "Total Unusual Items Excluding Goodwill": NaN,
        "Net Income From Continuing Operation Net Minority Interest": NaN,
        "Reconciled Depreciation": NaN,
        "Reconciled Cost Of Revenue": NaN,
        "EBITDA": NaN,
        "EBIT": NaN,
        "Net Interest Income": NaN,
        "Interest Expense": NaN,
        "Interest Income": NaN,
        "Normalized Income": NaN,
        "Net Income From Continuing And Discontinued Operation": NaN,
        "Total Expenses": NaN,
        "Total Operating Income As Reported": NaN,
        "Diluted Average Shares": NaN,
        "Basic Average Shares": NaN,
        "Diluted EPS": NaN,
        "Basic EPS": NaN,
        "Diluted NI Availto Com Stockholders": NaN,
        "Net Income Common Stockholders": NaN,
        "Net Income": NaN,
        "Net Income Including Noncontrolling Interests": NaN,
        "Net Income Continuous Operations": NaN,
        "Tax Provision": NaN,
        "Pretax Income": NaN,
        "Other Income Expense": NaN,
        "Other Non Operating Income Expenses": NaN,
        "Special Income Charges": NaN,
        "Gain On Sale Of Ppe": 0.0,
        "Other Special Charges": NaN,
        "Impairment Of Capital Assets": 11034000.0,
        "Gain On Sale Of Security": NaN,
        "Net Non Operating Interest Income Expense": NaN,
        "Interest Expense Non Operating": NaN,
        "Interest Income Non Operating": NaN,
        "Operating Income": NaN,
        "Operating Expense": NaN,
        "Research And Development": NaN,
        "Selling General And Administration": NaN,
        "Selling And Marketing Expense": NaN,
        "General And Administrative Expense": NaN,
        "Other Gand A": NaN,
        "Gross Profit": NaN,
        "Cost Of Revenue": NaN,
        "Total Revenue": NaN,
        "Operating Revenue": NaN
    },
    "2024-03-31": {
        "Tax Effect Of Unusual Items": NaN,
        "Tax Rate For Calcs": NaN,
        "Normalized EBITDA": NaN,
        "Total Unusual Items": NaN,
        "Total Unusual Items Excluding Goodwill": NaN,
        "Net Income From Continuing Operation Net Minority Interest": NaN,
        "Reconciled Depreciation": NaN,
        "Reconciled Cost Of Revenue": NaN,
        "EBITDA": NaN,
        "EBIT": NaN,
        "Net Interest Income": NaN,
        "Interest Expense": NaN,
        "Interest Income": NaN,
        "Normalized Income": NaN,
        "Net Income From Continuing And Discontinued Operation": NaN,
        "Total Expenses": NaN,
        "Total Operating Income As Reported": NaN,
        "Diluted Average Shares": NaN,
        "Basic Average Shares": NaN,
        "Diluted EPS": NaN,
        "Basic EPS": NaN,
        "Diluted NI Availto Com Stockholders": NaN,
        "Net Income Common Stockholders": NaN,
        "Net Income": NaN,
        "Net Income Including Noncontrolling Interests": NaN,
        "Net Income Continuous Operations": NaN,
        "Tax Provision": NaN,
        "Pretax Income": NaN,
        "Other Income Expense": NaN,
        "Other Non Operating Income Expenses": NaN,
        "Special Income Charges": NaN,
        "Gain On Sale Of Ppe": -179000.0,
        "Other Special Charges": NaN,
        "Impairment Of Capital Assets": 0.0,
        "Gain On Sale Of Security": NaN,
        "Net Non Operating Interest Income Expense": NaN,
        "Interest Expense Non Operating": NaN,
        "Interest Income Non Operating": NaN,
        "Operating Income": NaN,
        "Operating Expense": NaN,
        "Research And Development": NaN,
        "Selling General And Administration": NaN,
        "Selling And Marketing Expense": NaN,
        "General And Administrative Expense": NaN,
        "Other Gand A": NaN,
        "Gross Profit": NaN,
        "Cost Of Revenue": NaN,
        "Total Revenue": NaN,
        "Operating Revenue": NaN
    },
    "2024-06-30": {
        "Tax Effect Of Unusual Items": 366870.0,
        "Tax Rate For Calcs": 0.21,
        "Normalized EBITDA": 9360000.0,
        "Total Unusual Items": 1747000.0,
        "Total Unusual Items Excluding Goodwill": 1747000.0,
        "Net Income From Continuing Operation Net Minority Interest": -10290000.0,
        "Reconciled Depreciation": 10765000.0,
        "Reconciled Cost Of Revenue": 57187000.0,
        "EBITDA": 11107000.0,
        "EBIT": 342000.0,
        "Net Interest Income": -8915000.0,
        "Interest Expense": 9956000.0,
        "Interest Income": 1041000.0,
        "Normalized Income": -11670130.0,
        "Net Income From Continuing And Discontinued Operation": -10290000.0,
        "Total Expenses": 179521000.0,
        "Total Operating Income As Reported": -1374000.0,
        "Diluted Average Shares": 125999000.0,
        "Basic Average Shares": 125999000.0,
        "Diluted EPS": -0.08,
        "Basic EPS": -0.08,
        "Diluted NI Availto Com Stockholders": -10290000.0,
        "Net Income Common Stockholders": -10290000.0,
        "Net Income": -10290000.0,
        "Net Income Including Noncontrolling Interests": -10290000.0,
        "Net Income Continuous Operations": -10290000.0,
        "Tax Provision": 676000.0,
        "Pretax Income": -9614000.0,
        "Other Income Expense": 675000.0,
        "Other Non Operating Income Expenses": -1072000.0,
        "Special Income Charges": 0.0,
        "Gain On Sale Of Ppe": NaN,
        "Other Special Charges": NaN,
        "Impairment Of Capital Assets": NaN,
        "Gain On Sale Of Security": 1747000.0,
        "Net Non Operating Interest Income Expense": -8915000.0,
        "Interest Expense Non Operating": 9956000.0,
        "Interest Income Non Operating": 1041000.0,
        "Operating Income": -1374000.0,
        "Operating Expense": 122334000.0,
        "Research And Development": 32137000.0,
        "Selling General And Administration": 90197000.0,
        "Selling And Marketing Expense": 67106000.0,
        "General And Administrative Expense": 23091000.0,
        "Other Gand A": 23091000.0,
        "Gross Profit": 120960000.0,
        "Cost Of Revenue": 57187000.0,
        "Total Revenue": 178147000.0,
        "Operating Revenue": 172801000.0
    },
    "2024-09-30": {
        "Tax Effect Of Unusual Items": -2463930.0,
        "Tax Rate For Calcs": 0.21,
        "Normalized EBITDA": 16404000.0,
        "Total Unusual Items": -11733000.0,
        "Total Unusual Items Excluding Goodwill": -11733000.0,
        "Net Income From Continuing Operation Net Minority Interest": -14543000.0,
        "Reconciled Depreciation": 10211000.0,
        "Reconciled Cost Of Revenue": 57823000.0,
        "EBITDA": 4671000.0,
        "EBIT": -5540000.0,
        "Net Interest Income": -6969000.0,
        "Interest Expense": 7905000.0,
        "Interest Income": 936000.0,
        "Normalized Income": -5273930.0,
        "Net Income From Continuing And Discontinued Operation": -14543000.0,
        "Total Expenses": 173829000.0,
        "Total Operating Income As Reported": 7169000.0,
        "Diluted Average Shares": 129250000.0,
        "Basic Average Shares": 129250000.0,
        "Diluted EPS": -0.11,
        "Basic EPS": -0.11,
        "Diluted NI Availto Com Stockholders": -14543000.0,
        "Net Income Common Stockholders": -14543000.0,
        "Net Income": -14543000.0,
        "Net Income Including Noncontrolling Interests": -14543000.0,
        "Net Income Continuous Operations": -14543000.0,
        "Tax Provision": 1098000.0,
        "Pretax Income": -13445000.0,
        "Other Income Expense": -13645000.0,
        "Other Non Operating Income Expenses": -1912000.0,
        "Special Income Charges": -11996000.0,
        "Other Special Charges": 11996000.0,
        "Impairment Of Capital Assets": NaN,
        "Gain On Sale Of Security": 263000.0,
        "Net Non Operating Interest Income Expense": -6969000.0,
        "Interest Expense Non Operating": 7905000.0,
        "Interest Income Non Operating": 936000.0,
        "Operating Income": 7169000.0,
        "Operating Expense": 116006000.0,
        "Research And Development": 31291000.0,
        "Selling General And Administration": 84715000.0,
        "Selling And Marketing Expense": 64867000.0,
        "General And Administrative Expense": 19848000.0,
        "Other Gand A": 19848000.0,
        "Gross Profit": 123175000.0,
        "Cost Of Revenue": 57823000.0,
        "Total Revenue": 180998000.0,
        "Operating Revenue": 175075000.0
    },
    "2024-12-31": {
        "Tax Effect Of Unusual Items": -237699.0,
        "Tax Rate For Calcs": 0.231,
        "Normalized EBITDA": 20724000.0,
        "Total Unusual Items": -1029000.0,
        "Total Unusual Items Excluding Goodwill": -1029000.0,
        "Net Income From Continuing Operation Net Minority Interest": 3022000.0,
        "Reconciled Depreciation": 9923000.0,
        "Reconciled Cost Of Revenue": 57797000.0,
        "EBITDA": 19695000.0,
        "EBIT": 9772000.0,
        "Net Interest Income": -5074000.0,
        "Interest Expense": 5842000.0,
        "Interest Income": 768000.0,
        "Normalized Income": 3813301.0,
        "Net Income From Continuing And Discontinued Operation": 3022000.0,
        "Total Expenses": 169903000.0,
        "Total Operating Income As Reported": 8979000.0,
        "Diluted Average Shares": 135742000.0,
        "Basic Average Shares": 130970000.0,
        "Diluted EPS": 0.02,
        "Basic EPS": 0.02,
        "Diluted NI Availto Com Stockholders": 3022000.0,
        "Net Income Common Stockholders": 3022000.0,
        "Net Income": 3022000.0,
        "Net Income Including Noncontrolling Interests": 3022000.0,
        "Net Income Continuous Operations": 3022000.0,
        "Tax Provision": 908000.0,
        "Pretax Income": 3930000.0,
        "Other Income Expense": 25000.0,
        "Other Non Operating Income Expenses": 1054000.0,
        "Special Income Charges": -216000.0,
        "Other Special Charges": 216000.0,
        "Impairment Of Capital Assets": 0.0,
        "Gain On Sale Of Security": -813000.0,
        "Net Non Operating Interest Income Expense": -5074000.0,
        "Interest Expense Non Operating": 5842000.0,
        "Interest Income Non Operating": 768000.0,
        "Operating Income": 8979000.0,
        "Operating Expense": 112106000.0,
        "Research And Development": 29833000.0,
        "Selling General And Administration": 82273000.0,
        "Selling And Marketing Expense": 65644000.0,
        "General And Administrative Expense": 16629000.0,
        "Other Gand A": 16629000.0,
        "Gross Profit": 121085000.0,
        "Cost Of Revenue": 57797000.0,
        "Total Revenue": 178882000.0,
        "Operating Revenue": 173459000.0
    },
    "2025-03-31": {
        "Tax Effect Of Unusual Items": 192150.0,
        "Tax Rate For Calcs": 0.21,
        "Normalized EBITDA": 7625000.0,
        "Total Unusual Items": 915000.0,
        "Total Unusual Items Excluding Goodwill": 915000.0,
        "Net Income From Continuing Operation Net Minority Interest": -5401000.0,
        "Reconciled Depreciation": 8321000.0,
        "Reconciled Cost Of Revenue": 56991000.0,
        "EBITDA": 8540000.0,
        "EBIT": 219000.0,
        "Net Interest Income": -4583000.0,
        "Interest Expense": 5153000.0,
        "Interest Income": 570000.0,
        "Normalized Income": -6123850.0,
        "Net Income From Continuing And Discontinued Operation": -5401000.0,
        "Total Expenses": 176624000.0,
        "Total Operating Income As Reported": 419000.0,
        "Diluted Average Shares": 132877000.0,
        "Basic Average Shares": 132877000.0,
        "Diluted EPS": -0.04,
        "Basic EPS": -0.04,
        "Diluted NI Availto Com Stockholders": -5401000.0,
        "Net Income Common Stockholders": -5401000.0,
        "Net Income": -5401000.0,
        "Net Income Including Noncontrolling Interests": -5401000.0,
        "Net Income Continuous Operations": -5401000.0,
        "Tax Provision": 467000.0,
        "Pretax Income": -4934000.0,
        "Other Income Expense": -770000.0,
        "Other Non Operating Income Expenses": -1685000.0,
        "Special Income Charges": -113000.0,
        "Other Special Charges": 113000.0,
        "Impairment Of Capital Assets": 0.0,
        "Gain On Sale Of Security": 1028000.0,
        "Net Non Operating Interest Income Expense": -4583000.0,
        "Interest Expense Non Operating": 5153000.0,
        "Interest Income Non Operating": 570000.0,
        "Operating Income": 419000.0,
        "Operating Expense": 119633000.0,
        "Research And Development": 29950000.0,
        "Selling General And Administration": 89683000.0,
        "Selling And Marketing Expense": 66844000.0,
        "General And Administrative Expense": 22839000.0,
        "Other Gand A": 22839000.0,
        "Gross Profit": 120052000.0,
        "Cost Of Revenue": 56991000.0,
        "Total Revenue": 177043000.0,
        "Operating Revenue": 171588000.0
    },
    "2025-06-30": {
        "Tax Effect Of Unusual Items": 26880.0,
        "Tax Rate For Calcs": 0.21,
        "Normalized EBITDA": 8665000.0,
        "Total Unusual Items": 128000.0,
        "Total Unusual Items Excluding Goodwill": 128000.0,
        "Net Income From Continuing Operation Net Minority Interest": -4315000.0,
        "Reconciled Depreciation": 7864000.0,
        "Reconciled Cost Of Revenue": 60921000.0,
        "EBITDA": 8793000.0,
        "EBIT": 929000.0,
        "Net Interest Income": -3492000.0,
        "Interest Expense": 3968000.0,
        "Interest Income": 476000.0,
        "Normalized Income": -4416120.0,
        "Net Income From Continuing And Discontinued Operation": -4315000.0,
        "Total Expenses": 180796000.0,
        "Total Operating Income As Reported": 565000.0,
        "Diluted Average Shares": 134809000.0,
        "Basic Average Shares": 134809000.0,
        "Diluted EPS": -0.03,
        "Basic EPS": -0.03,
        "Diluted NI Availto Com Stockholders": -4315000.0,
        "Net Income Common Stockholders": -4315000.0,
        "Net Income": -4315000.0,
        "Net Income Including Noncontrolling Interests": -4315000.0,
        "Net Income Continuous Operations": -4315000.0,
        "Tax Provision": 1276000.0,
        "Pretax Income": -3039000.0,
        "Other Income Expense": -112000.0,
        "Other Non Operating Income Expenses": -240000.0,
        "Special Income Charges": -81000.0,
        "Other Special Charges": 81000.0,
        "Impairment Of Capital Assets": NaN,
        "Gain On Sale Of Security": 209000.0,
        "Net Non Operating Interest Income Expense": -3492000.0,
        "Interest Expense Non Operating": 3968000.0,
        "Interest Income Non Operating": 476000.0,
        "Operating Income": 565000.0,
        "Operating Expense": 119875000.0,
        "Research And Development": 28364000.0,
        "Selling General And Administration": 91511000.0,
        "Selling And Marketing Expense": 68184000.0,
        "General And Administrative Expense": 23327000.0,
        "Other Gand A": 23327000.0,
        "Gross Profit": 120440000.0,
        "Cost Of Revenue": 60921000.0,
        "Total Revenue": 181361000.0,
        "Operating Revenue": 176308000.0
    },
    "2025-09-30": {
        "Tax Effect Of Unusual Items": -1917.0,
        "Tax Rate For Calcs": 0.213,
        "Normalized EBITDA": 14041000.0,
        "Total Unusual Items": -9000.0,
        "Total Unusual Items Excluding Goodwill": -9000.0,
        "Net Income From Continuing Operation Net Minority Interest": 767000.0,
        "Reconciled Depreciation": 8215000.0,
        "Reconciled Cost Of Revenue": 64755000.0,
        "EBITDA": 14032000.0,
        "EBIT": 5817000.0,
        "Net Interest Income": -4389000.0,
        "Interest Expense": 4842000.0,
        "Interest Income": 453000.0,
        "Normalized Income": 774083.0,
        "Net Income From Continuing And Discontinued Operation": 767000.0,
        "Total Expenses": 178746000.0,
        "Total Operating Income As Reported": 5349000.0,
        "Diluted Average Shares": 141561000.0,
        "Basic Average Shares": 136970000.0,
        "Diluted EPS": 0.01,
        "Basic EPS": 0.01,
        "Diluted NI Availto Com Stockholders": 767000.0,
        "Net Income Common Stockholders": 767000.0,
        "Net Income": 767000.0,
        "Net Income Including Noncontrolling Interests": 767000.0,
        "Net Income Continuous Operations": 767000.0,
        "Tax Provision": 208000.0,
        "Pretax Income": 975000.0,
        "Other Income Expense": 15000.0,
        "Other Non Operating Income Expenses": 24000.0,
        "Special Income Charges": -46000.0,
        "Other Special Charges": 46000.0,
        "Impairment Of Capital Assets": NaN,
        "Gain On Sale Of Security": 37000.0,
        "Net Non Operating Interest Income Expense": -4389000.0,
        "Interest Expense Non Operating": 4842000.0,
        "Interest Income Non Operating": 453000.0,
        "Operating Income": 5349000.0,
        "Operating Expense": 113991000.0,
        "Research And Development": 27918000.0,
        "Selling General And Administration": 86073000.0,
        "Selling And Marketing Expense": 63835000.0,
        "General And Administrative Expense": 22238000.0,
        "Other Gand A": 22238000.0,
        "Gross Profit": 119340000.0,
        "Cost Of Revenue": 64755000.0,
        "Total Revenue": 184095000.0,
        "Operating Revenue": 179094000.0
    }
}