{
    "2022-12-31": {
        "Tax Effect Of Unusual Items": -462694.319893,
        "Tax Rate For Calcs": 0.035358,
        "Normalized EBITDA": -31608000.0,
        "Total Unusual Items": -13086000.0,
        "Total Unusual Items Excluding Goodwill": -13086000.0,
        "Net Income From Continuing Operation Net Minority Interest": -58302000.0,
        "Reconciled Depreciation": 13596000.0,
        "Reconciled Cost Of Revenue": 47309000.0,
        "EBITDA": -44694000.0,
        "EBIT": -58290000.0,
        "Net Interest Income": -1839000.0,
        "Interest Expense": 2149000.0,
        "Interest Income": 310000.0,
        "Normalized Income": -45678694.319893,
        "Net Income From Continuing And Discontinued Operation": -58302000.0,
        "Total Expenses": 129448000.0,
        "Total Operating Income As Reported": -57362000.0,
        "Diluted Average Shares": 5550650.0,
        "Basic Average Shares": 5550650.0,
        "Diluted EPS": -8.4,
        "Basic EPS": -8.4,
        "Diluted NI Availto Com Stockholders": -58302000.0,
        "Net Income Common Stockholders": -58302000.0,
        "Net Income": -58302000.0,
        "Net Income Including Noncontrolling Interests": -58302000.0,
        "Net Income Continuous Operations": -58302000.0,
        "Tax Provision": -2137000.0,
        "Pretax Income": -60439000.0,
        "Other Income Expense": -14324000.0,
        "Other Non Operating Income Expenses": -1238000.0,
        "Special Income Charges": -13086000.0,
        "Restructuring And Mergern Acquisition": 13086000.0,
        "Net Non Operating Interest Income Expense": -1839000.0,
        "Interest Expense Non Operating": 2149000.0,
        "Interest Income Non Operating": 310000.0,
        "Operating Income": -44276000.0,
        "Operating Expense": 74801000.0,
        "Depreciation Amortization Depletion Income Statement": 6258000.0,
        "Depreciation And Amortization In Income Statement": 6258000.0,
        "Research And Development": 31741000.0,
        "Selling General And Administration": 36802000.0,
        "Selling And Marketing Expense": 15802000.0,
        "General And Administrative Expense": 21000000.0,
        "Other Gand A": 12107000.0,
        "Salaries And Wages": 8893000.0,
        "Gross Profit": 30525000.0,
        "Cost Of Revenue": 54647000.0,
        "Total Revenue": 85172000.0,
        "Operating Revenue": 85172000.0
    },
    "2022-09-30": {
        "Tax Effect Of Unusual Items": -1807890.0,
        "Tax Rate For Calcs": 0.21,
        "Normalized EBITDA": -21682000.0,
        "Total Unusual Items": -8609000.0,
        "Total Unusual Items Excluding Goodwill": -8609000.0,
        "Net Income From Continuing Operation Net Minority Interest": -49123000.0,
        "Reconciled Depreciation": 16846000.0,
        "Reconciled Cost Of Revenue": 67140000.0,
        "EBITDA": -30291000.0,
        "EBIT": -47137000.0,
        "Net Interest Income": -1406000.0,
        "Interest Expense": 1546000.0,
        "Interest Income": 140000.0,
        "Normalized Income": -42321890.0,
        "Net Income From Continuing And Discontinued Operation": -49123000.0,
        "Total Expenses": 148495000.0,
        "Total Operating Income As Reported": -46272000.0,
        "Diluted Average Shares": 5504850.0,
        "Basic Average Shares": 5504850.0,
        "Diluted EPS": -8.8,
        "Basic EPS": -8.8,
        "Diluted NI Availto Com Stockholders": -49123000.0,
        "Net Income Common Stockholders": -49123000.0,
        "Net Income": -49123000.0,
        "Net Income Including Noncontrolling Interests": -49123000.0,
        "Net Income Continuous Operations": -49123000.0,
        "Tax Provision": 440000.0,
        "Pretax Income": -48683000.0,
        "Other Income Expense": -9614000.0,
        "Other Non Operating Income Expenses": -1005000.0,
        "Special Income Charges": -8609000.0,
        "Restructuring And Mergern Acquisition": 8609000.0,
        "Net Non Operating Interest Income Expense": -1406000.0,
        "Interest Expense Non Operating": 1546000.0,
        "Interest Income Non Operating": 140000.0,
        "Operating Income": -37663000.0,
        "Operating Expense": 66286000.0,
        "Depreciation Amortization Depletion Income Statement": 1777000.0,
        "Depreciation And Amortization In Income Statement": 1777000.0,
        "Research And Development": 32462000.0,
        "Selling General And Administration": 32047000.0,
        "Selling And Marketing Expense": 3247000.0,
        "General And Administrative Expense": 28800000.0,
        "Other Gand A": 8588000.0,
        "Salaries And Wages": 20212000.0,
        "Gross Profit": 28623000.0,
        "Cost Of Revenue": 82209000.0,
        "Total Revenue": 110832000.0,
        "Operating Revenue": 110832000.0
    },
    "2022-06-30": {
        "Tax Effect Of Unusual Items": -1747200.0,
        "Tax Rate For Calcs": 0.4,
        "Normalized EBITDA": -22923000.0,
        "Total Unusual Items": -4368000.0,
        "Total Unusual Items Excluding Goodwill": -4368000.0,
        "Net Income From Continuing Operation Net Minority Interest": -16428000.0,
        "Reconciled Depreciation": 7411000.0,
        "Reconciled Cost Of Revenue": 46088000.0,
        "EBITDA": -27291000.0,
        "EBIT": -34702000.0,
        "Net Interest Income": -1282000.0,
        "Interest Expense": 1315000.0,
        "Interest Income": 33000.0,
        "Normalized Income": -13807200.0,
        "Net Income From Continuing And Discontinued Operation": -16428000.0,
        "Total Expenses": 103533000.0,
        "Total Operating Income As Reported": -33589000.0,
        "Diluted Average Shares": 151776000.0,
        "Basic Average Shares": 151776000.0,
        "Diluted EPS": -0.14,
        "Basic EPS": -0.14,
        "Diluted NI Availto Com Stockholders": -16428000.0,
        "Net Income Common Stockholders": -16428000.0,
        "Net Income": -16428000.0,
        "Net Income Including Noncontrolling Interests": -16428000.0,
        "Net Income Continuous Operations": -16428000.0,
        "Tax Provision": -19589000.0,
        "Pretax Income": -36017000.0,
        "Other Income Expense": -5514000.0,
        "Other Non Operating Income Expenses": -1146000.0,
        "Special Income Charges": -4368000.0,
        "Restructuring And Mergern Acquisition": 4368000.0,
        "Net Non Operating Interest Income Expense": -1282000.0,
        "Interest Expense Non Operating": 1315000.0,
        "Interest Income Non Operating": 33000.0,
        "Operating Income": -29221000.0,
        "Operating Expense": 51542000.0,
        "Depreciation Amortization Depletion Income Statement": 1508000.0,
        "Depreciation And Amortization In Income Statement": 1508000.0,
        "Research And Development": 12161000.0,
        "Selling General And Administration": 37873000.0,
        "Selling And Marketing Expense": 10946000.0,
        "General And Administrative Expense": 26927000.0,
        "Other Gand A": 26927000.0,
        "Salaries And Wages": 7441000.0,
        "Gross Profit": 22321000.0,
        "Cost Of Revenue": 51991000.0,
        "Total Revenue": 74312000.0,
        "Operating Revenue": 74312000.0
    },
    "2022-03-31": {
        "Diluted EPS": -0.14,
        "Total Revenue": 58,
        "Gross Profit": 18,
        "Operating Income": -17,
        "EBIT": -11,
        "Net Income": -19
    },
    "2021-12-31": {
        "Diluted EPS": -0.08,
        "Total Revenue": 46,
        "Gross Profit": 17,
        "Operating Income": -10,
        "EBIT": -2,
        "Net Income": -12
    },
    "2021-09-30": {
        "Diluted EPS": -0.08,
        "Total Revenue": 55,
        "Gross Profit": 16,
        "Operating Income": -8,
        "EBIT": -2,
        "Net Income": -10
    },
    "2021-06-30": {
        "Diluted EPS": -0.11,
        "Total Revenue": 48,
        "Gross Profit": 9,
        "Operating Income": -12,
        "EBIT": -5,
        "Net Income": -14
    },
    "2021-03-31": {
        "Diluted EPS": -0.21,
        "Total Revenue": 51,
        "Gross Profit": 12,
        "Operating Income": -24,
        "EBIT": -17,
        "Net Income": -26
    },
    "2020-12-31": {
        "Diluted EPS": -0.1,
        "Total Revenue": 49,
        "Gross Profit": 14,
        "Operating Income": -9,
        "EBIT": -2,
        "Net Income": -11
    },
    "2020-09-30": {
        "Diluted EPS": -0.03,
        "Total Revenue": 59,
        "Gross Profit": 22,
        "Operating Income": -2,
        "EBIT": 4,
        "Net Income": -4
    },
    "2020-06-30": {
        "Diluted EPS": -0.01,
        "Total Revenue": 59,
        "Gross Profit": 24,
        "Operating Income": -1,
        "EBIT": 4,
        "Net Income": -2
    },
    "2020-03-31": {
        "Diluted EPS": -0.04,
        "Total Revenue": 57,
        "Gross Profit": 21,
        "Operating Income": -5,
        "EBIT": 1,
        "Net Income": -5
    },
    "2019-12-31": {
        "Diluted EPS": 0.01,
        "Total Revenue": 60,
        "Gross Profit": 26,
        "Operating Income": 3,
        "EBIT": 8,
        "Net Income": 2
    },
    "2019-09-30": {
        "Diluted EPS": -0.02,
        "Total Revenue": 51,
        "Gross Profit": 21,
        "Operating Income": -3,
        "EBIT": 3,
        "Net Income": -3
    },
    "2019-06-30": {
        "Diluted EPS": -0.06,
        "Total Revenue": 46,
        "Gross Profit": 19,
        "Operating Income": -7,
        "EBIT": -2,
        "Net Income": -7
    },
    "2019-03-31": {
        "Diluted EPS": -0.07,
        "Total Revenue": 43,
        "Gross Profit": 16,
        "Operating Income": -9,
        "EBIT": -4,
        "Net Income": -9
    },
    "2018-12-31": {
        "Diluted EPS": -0.05,
        "Total Revenue": 44,
        "Gross Profit": 18,
        "Operating Income": -5,
        "EBIT": -1,
        "Net Income": -5
    },
    "2018-09-30": {
        "Diluted EPS": -0.0,
        "Total Revenue": 49,
        "Gross Profit": 24,
        "Operating Income": 0,
        "EBIT": 4,
        "Net Income": 0
    },
    "2018-06-30": {
        "Diluted EPS": 0.13,
        "Total Revenue": 50,
        "Gross Profit": 25,
        "Operating Income": 1,
        "EBIT": 5,
        "Net Income": 15
    },
    "2018-03-31": {
        "Diluted EPS": 0.0,
        "Total Revenue": 52,
        "Gross Profit": 27,
        "Operating Income": 0,
        "EBIT": 5,
        "Net Income": 0
    },
    "2017-12-31": {
        "Diluted EPS": -0.01,
        "Total Revenue": 48,
        "Gross Profit": 23,
        "Operating Income": -1,
        "EBIT": 4,
        "Net Income": -1
    },
    "2017-09-30": {
        "Diluted EPS": -0.02,
        "Total Revenue": 46,
        "Gross Profit": 22,
        "Operating Income": -2,
        "EBIT": 3,
        "Net Income": -2
    },
    "2017-06-30": {
        "Diluted EPS": -0.01,
        "Total Revenue": 45,
        "Gross Profit": 21,
        "Operating Income": -2,
        "EBIT": 3,
        "Net Income": -2
    },
    "2017-03-31": {
        "Diluted EPS": -0.03,
        "Total Revenue": 45,
        "Gross Profit": 21,
        "Operating Income": -3,
        "EBIT": 2,
        "Net Income": -3
    },
    "2016-12-31": {
        "Diluted EPS": -0.03,
        "Total Revenue": 44,
        "Gross Profit": 20,
        "Operating Income": -3,
        "EBIT": 2,
        "Net Income": -4
    },
    "2016-09-30": {
        "Diluted EPS": -0.06,
        "Total Revenue": 39,
        "Gross Profit": 16,
        "Operating Income": -6,
        "EBIT": -1,
        "Net Income": -6
    },
    "2016-06-30": {
        "Diluted EPS": -0.56,
        "Total Revenue": 44,
        "Gross Profit": 19,
        "Operating Income": -57,
        "EBIT": -52,
        "Net Income": -58
    },
    "2016-03-31": {
        "Diluted EPS": -0.06,
        "Total Revenue": 41,
        "Gross Profit": 17,
        "Operating Income": -6,
        "EBIT": -1,
        "Net Income": -6
    },
    "2015-12-31": {
        "Diluted EPS": -0.04,
        "Total Revenue": 43,
        "Gross Profit": 18,
        "Operating Income": -4,
        "EBIT": 2,
        "Net Income": -4
    },
    "2015-09-30": {
        "Diluted EPS": -0.08,
        "Total Revenue": 42,
        "Gross Profit": 16,
        "Operating Income": -8,
        "EBIT": -3,
        "Net Income": -8
    },
    "2015-06-30": {
        "Diluted EPS": -0.06,
        "Total Revenue": 44,
        "Gross Profit": 18,
        "Operating Income": -6,
        "EBIT": -1,
        "Net Income": -6
    },
    "2015-03-31": {
        "Diluted EPS": -0.06,
        "Total Revenue": 42,
        "Gross Profit": 17,
        "Operating Income": -8,
        "EBIT": -3,
        "Net Income": -6
    },
    "2014-12-31": {
        "Diluted EPS": -0.05,
        "Total Revenue": 41,
        "Gross Profit": 16,
        "Operating Income": -6,
        "EBIT": -1,
        "Net Income": -5
    },
    "2014-09-30": {
        "Diluted EPS": -0.05,
        "Total Revenue": 39,
        "Gross Profit": 16,
        "Operating Income": -6,
        "EBIT": -1,
        "Net Income": -5
    },
    "2014-06-30": {
        "Diluted EPS": -0.07,
        "Total Revenue": 41,
        "Gross Profit": 16,
        "Operating Income": -7,
        "EBIT": -2,
        "Net Income": -7
    },
    "2014-03-31": {
        "Diluted EPS": -0.08,
        "Total Revenue": 41,
        "Gross Profit": 15,
        "Operating Income": -8,
        "EBIT": -2,
        "Net Income": -8
    },
    "2013-12-31": {
        "Diluted EPS": -0.06,
        "Total Revenue": 42,
        "Gross Profit": 15,
        "Operating Income": -9,
        "EBIT": -3,
        "Net Income": -5
    },
    "2013-09-30": {
        "Diluted EPS": -0.11,
        "Total Revenue": 43,
        "Gross Profit": 15,
        "Operating Income": -10,
        "EBIT": -3,
        "Net Income": -11
    },
    "2013-06-30": {
        "Diluted EPS": -0.12,
        "Total Revenue": 43,
        "Gross Profit": 14,
        "Operating Income": -11,
        "EBIT": -4,
        "Net Income": -11
    },
    "2013-03-31": {
        "Diluted EPS": -0.08,
        "Total Revenue": 46,
        "Gross Profit": 17,
        "Operating Income": -9,
        "EBIT": 0,
        "Net Income": -8
    },
    "2012-12-31": {
        "Diluted EPS": -0.11,
        "Total Revenue": 46,
        "Gross Profit": 16,
        "Operating Income": -10,
        "EBIT": -2,
        "Net Income": -12
    },
    "2012-09-30": {
        "Diluted EPS": -0.01,
        "Total Revenue": 45,
        "Gross Profit": 17,
        "Operating Income": -10,
        "EBIT": -1,
        "Net Income": -1
    },
    "2012-06-30": {
        "Diluted EPS": -0.1,
        "Total Revenue": 44,
        "Gross Profit": 17,
        "Operating Income": -9,
        "EBIT": -1,
        "Net Income": -10
    },
    "2012-03-31": {
        "Diluted EPS": -0.1,
        "Total Revenue": 44,
        "Gross Profit": 17,
        "Operating Income": -10,
        "EBIT": -1,
        "Net Income": -10
    },
    "2011-12-31": {
        "Diluted EPS": -0.06,
        "Total Revenue": 46,
        "Gross Profit": 17,
        "Operating Income": -7,
        "EBIT": 2,
        "Net Income": -7
    },
    "2011-09-30": {
        "Diluted EPS": 0.04,
        "Total Revenue": 42,
        "Gross Profit": 15,
        "Operating Income": -8,
        "EBIT": 0,
        "Net Income": 5
    },
    "2011-06-30": {
        "Diluted EPS": -0.12,
        "Total Revenue": 42,
        "Gross Profit": 13,
        "Operating Income": -11,
        "EBIT": -2,
        "Net Income": -14
    },
    "2011-03-31": {
        "Diluted EPS": -0.09,
        "Total Revenue": 41,
        "Gross Profit": 15,
        "Operating Income": -7,
        "EBIT": 1,
        "Net Income": -10
    },
    "2010-12-31": {
        "Diluted EPS": -0.07,
        "Total Revenue": 36,
        "Gross Profit": 11,
        "Operating Income": -4,
        "EBIT": 3,
        "Net Income": -6
    },
    "2010-09-30": {
        "Diluted EPS": -0.06,
        "Total Revenue": 40,
        "Gross Profit": 15,
        "Operating Income": -5,
        "EBIT": 0,
        "Net Income": -6
    },
    "2010-06-30": {
        "Diluted EPS": -0.02,
        "Total Revenue": 42,
        "Gross Profit": 18,
        "Operating Income": -8,
        "EBIT": 0,
        "Net Income": -2
    },
    "2010-03-31": {
        "Diluted EPS": -0.07,
        "Total Revenue": 36,
        "Gross Profit": 15,
        "Operating Income": -6,
        "EBIT": 0,
        "Net Income": -6
    },
    "2009-12-31": {
        "Diluted EPS": -0.12,
        "Total Revenue": 34,
        "Gross Profit": 11,
        "Operating Income": -9,
        "EBIT": -3,
        "Net Income": -10
    },
    "2009-09-30": {
        "Diluted EPS": -0.06,
        "Total Revenue": 33,
        "Gross Profit": 12,
        "Operating Income": -5,
        "EBIT": 1,
        "Net Income": -5
    },
    "2009-06-30": {
        "Diluted EPS": -0.06,
        "Total Revenue": 32,
        "Gross Profit": 11,
        "Operating Income": -5,
        "EBIT": 1,
        "Net Income": -5
    },
    "2009-03-31": {
        "Diluted EPS": 0.64,
        "Total Revenue": 33,
        "Gross Profit": 12,
        "Operating Income": 55,
        "EBIT": 62,
        "Net Income": 55
    },
    "2023-03-31": {
        "Tax Effect Of Unusual Items": -228690.0,
        "Tax Rate For Calcs": 0.21,
        "Normalized EBITDA": -22702000.0,
        "Total Unusual Items": -1089000.0,
        "Total Unusual Items Excluding Goodwill": -1089000.0,
        "Net Income From Continuing Operation Net Minority Interest": -34983000.0,
        "Reconciled Depreciation": 9217000.0,
        "Reconciled Cost Of Revenue": 67353000.0,
        "EBITDA": -23791000.0,
        "EBIT": -33008000.0,
        "Net Interest Income": -1180000.0,
        "Interest Expense": 1577000.0,
        "Interest Income": 397000.0,
        "Normalized Income": -34122690.0,
        "Net Income From Continuing And Discontinued Operation": -34983000.0,
        "Total Expenses": 133455000.0,
        "Total Operating Income As Reported": -32596000.0,
        "Diluted Average Shares": 5561550.0,
        "Basic Average Shares": 5561550.0,
        "Diluted EPS": -6.4,
        "Basic EPS": -6.4,
        "Diluted NI Availto Com Stockholders": -34983000.0,
        "Net Income Common Stockholders": -34983000.0,
        "Net Income": -34983000.0,
        "Net Income Including Noncontrolling Interests": -34983000.0,
        "Net Income Continuous Operations": -34983000.0,
        "Tax Provision": 398000.0,
        "Pretax Income": -34585000.0,
        "Other Income Expense": -1898000.0,
        "Other Non Operating Income Expenses": -809000.0,
        "Special Income Charges": -1089000.0,
        "Restructuring And Mergern Acquisition": 1089000.0,
        "Net Non Operating Interest Income Expense": -1180000.0,
        "Interest Expense Non Operating": 1577000.0,
        "Interest Income Non Operating": 397000.0,
        "Operating Income": -31507000.0,
        "Operating Expense": 62492000.0,
        "Depreciation Amortization Depletion Income Statement": 5607000.0,
        "Depreciation And Amortization In Income Statement": 5607000.0,
        "Research And Development": 21016000.0,
        "Selling General And Administration": 35869000.0,
        "Selling And Marketing Expense": 3571000.0,
        "General And Administrative Expense": 32298000.0,
        "Other Gand A": 10438000.0,
        "Salaries And Wages": 21860000.0,
        "Gross Profit": 30985000.0,
        "Cost Of Revenue": 70963000.0,
        "Total Revenue": 101948000.0,
        "Operating Revenue": 101948000.0
    },
    "2023-06-30": {
        "Tax Effect Of Unusual Items": -755370.0,
        "Tax Rate For Calcs": 0.21,
        "Normalized EBITDA": -20495000.0,
        "Total Unusual Items": -3597000.0,
        "Total Unusual Items Excluding Goodwill": -3597000.0,
        "Net Income From Continuing Operation Net Minority Interest": -35652000.0,
        "Reconciled Depreciation": 9480000.0,
        "Reconciled Cost Of Revenue": 66742000.0,
        "EBITDA": -24092000.0,
        "EBIT": -33572000.0,
        "Net Interest Income": -1549000.0,
        "Interest Expense": 1701000.0,
        "Interest Income": 152000.0,
        "Normalized Income": -32810370.0,
        "Net Income From Continuing And Discontinued Operation": -35652000.0,
        "Total Expenses": 125347000.0,
        "Total Operating Income As Reported": -33179000.0,
        "Diluted Average Shares": 5572850.0,
        "Basic Average Shares": 5572850.0,
        "Diluted EPS": -6.4,
        "Basic EPS": -6.4,
        "Diluted NI Availto Com Stockholders": -35652000.0,
        "Net Income Common Stockholders": -35652000.0,
        "Net Income": -35652000.0,
        "Net Income Including Noncontrolling Interests": -35652000.0,
        "Net Income Continuous Operations": -35652000.0,
        "Tax Provision": 379000.0,
        "Pretax Income": -35273000.0,
        "Other Income Expense": -4142000.0,
        "Other Non Operating Income Expenses": -545000.0,
        "Special Income Charges": -3597000.0,
        "Restructuring And Mergern Acquisition": 3597000.0,
        "Net Non Operating Interest Income Expense": -1549000.0,
        "Interest Expense Non Operating": 1701000.0,
        "Interest Income Non Operating": 152000.0,
        "Operating Income": -29582000.0,
        "Operating Expense": 54817000.0,
        "Depreciation Amortization Depletion Income Statement": 5692000.0,
        "Depreciation And Amortization In Income Statement": 5692000.0,
        "Research And Development": 18739000.0,
        "Selling General And Administration": 30386000.0,
        "Selling And Marketing Expense": 2727000.0,
        "General And Administrative Expense": 27659000.0,
        "Other Gand A": 7734000.0,
        "Salaries And Wages": 19925000.0,
        "Gross Profit": 25235000.0,
        "Cost Of Revenue": 70530000.0,
        "Total Revenue": 95765000.0,
        "Operating Revenue": 95765000.0
    },
    "2023-09-30": {
        "Tax Effect Of Unusual Items": -36750.0,
        "Tax Rate For Calcs": 0.21,
        "Normalized EBITDA": -12618000.0,
        "Total Unusual Items": -175000.0,
        "Total Unusual Items Excluding Goodwill": -175000.0,
        "Net Income From Continuing Operation Net Minority Interest": -24491000.0,
        "Reconciled Depreciation": 9607000.0,
        "Reconciled Cost Of Revenue": 66359000.0,
        "EBITDA": -12793000.0,
        "EBIT": -22400000.0,
        "Net Interest Income": -1300000.0,
        "Interest Expense": 1604000.0,
        "Interest Income": 304000.0,
        "Normalized Income": -24352750.0,
        "Net Income From Continuing And Discontinued Operation": -24491000.0,
        "Total Expenses": 120269000.0,
        "Total Operating Income As Reported": -23409000.0,
        "Diluted Average Shares": 5591425.0,
        "Basic Average Shares": 5591425.0,
        "Diluted EPS": -4.4,
        "Basic EPS": -4.4,
        "Diluted NI Availto Com Stockholders": -24491000.0,
        "Net Income Common Stockholders": -24491000.0,
        "Net Income": -24491000.0,
        "Net Income Including Noncontrolling Interests": -24491000.0,
        "Net Income Continuous Operations": -24491000.0,
        "Tax Provision": 487000.0,
        "Pretax Income": -24004000.0,
        "Other Income Expense": 530000.0,
        "Other Non Operating Income Expenses": 705000.0,
        "Special Income Charges": -175000.0,
        "Restructuring And Mergern Acquisition": 175000.0,
        "Net Non Operating Interest Income Expense": -1300000.0,
        "Interest Expense Non Operating": 1604000.0,
        "Interest Income Non Operating": 304000.0,
        "Operating Income": -23234000.0,
        "Operating Expense": 46429000.0,
        "Depreciation Amortization Depletion Income Statement": 2126000.0,
        "Depreciation And Amortization In Income Statement": 2126000.0,
        "Research And Development": 15958000.0,
        "Selling General And Administration": 28345000.0,
        "Selling And Marketing Expense": 2661000.0,
        "General And Administrative Expense": 25684000.0,
        "Other Gand A": 7647000.0,
        "Salaries And Wages": 18037000.0,
        "Gross Profit": 23195000.0,
        "Cost Of Revenue": 73840000.0,
        "Total Revenue": 97035000.0,
        "Operating Revenue": 97035000.0
    }
}