{
    "2023-06-30": {
        "Tax Effect Of Unusual Items": NaN,
        "Tax Rate For Calcs": NaN,
        "Normalized EBITDA": NaN,
        "Total Unusual Items": NaN,
        "Total Unusual Items Excluding Goodwill": NaN,
        "Net Income From Continuing Operation Net Minority Interest": NaN,
        "Reconciled Depreciation": NaN,
        "Reconciled Cost Of Revenue": NaN,
        "EBITDA": NaN,
        "EBIT": NaN,
        "Net Interest Income": NaN,
        "Interest Expense": NaN,
        "Interest Income": NaN,
        "Normalized Income": NaN,
        "Net Income From Continuing And Discontinued Operation": NaN,
        "Total Expenses": NaN,
        "Total Operating Income As Reported": NaN,
        "Diluted Average Shares": 189680430.0,
        "Basic Average Shares": 188803605.0,
        "Diluted EPS": 0.01,
        "Basic EPS": 0.01,
        "Diluted NI Availto Com Stockholders": NaN,
        "Net Income Common Stockholders": NaN,
        "Net Income": NaN,
        "Minority Interests": NaN,
        "Net Income Including Noncontrolling Interests": NaN,
        "Net Income Discontinuous Operations": NaN,
        "Net Income Continuous Operations": NaN,
        "Tax Provision": NaN,
        "Pretax Income": NaN,
        "Other Income Expense": NaN,
        "Other Non Operating Income Expenses": -531000.0,
        "Special Income Charges": NaN,
        "Gain On Sale Of Ppe": -682000.0,
        "Write Off": NaN,
        "Impairment Of Capital Assets": 1886000.0,
        "Gain On Sale Of Security": NaN,
        "Net Non Operating Interest Income Expense": NaN,
        "Interest Expense Non Operating": NaN,
        "Interest Income Non Operating": NaN,
        "Operating Income": NaN,
        "Operating Expense": NaN,
        "Other Operating Expenses": NaN,
        "Selling General And Administration": NaN,
        "General And Administrative Expense": NaN,
        "Other Gand A": NaN,
        "Salaries And Wages": NaN,
        "Gross Profit": NaN,
        "Cost Of Revenue": NaN,
        "Total Revenue": NaN,
        "Operating Revenue": NaN
    },
    "2023-03-31": {
        "Tax Effect Of Unusual Items": NaN,
        "Tax Rate For Calcs": NaN,
        "Normalized EBITDA": NaN,
        "Total Unusual Items": NaN,
        "Total Unusual Items Excluding Goodwill": NaN,
        "Net Income From Continuing Operation Net Minority Interest": NaN,
        "Reconciled Depreciation": NaN,
        "Reconciled Cost Of Revenue": NaN,
        "EBITDA": NaN,
        "EBIT": NaN,
        "Net Interest Income": NaN,
        "Interest Expense": NaN,
        "Interest Income": NaN,
        "Normalized Income": NaN,
        "Net Income From Continuing And Discontinued Operation": NaN,
        "Total Expenses": NaN,
        "Total Operating Income As Reported": NaN,
        "Diluted Average Shares": NaN,
        "Basic Average Shares": NaN,
        "Diluted EPS": NaN,
        "Basic EPS": NaN,
        "Diluted NI Availto Com Stockholders": NaN,
        "Net Income Common Stockholders": NaN,
        "Net Income": NaN,
        "Minority Interests": NaN,
        "Net Income Including Noncontrolling Interests": NaN,
        "Net Income Discontinuous Operations": NaN,
        "Net Income Continuous Operations": NaN,
        "Tax Provision": NaN,
        "Pretax Income": NaN,
        "Other Income Expense": NaN,
        "Other Non Operating Income Expenses": NaN,
        "Special Income Charges": NaN,
        "Gain On Sale Of Ppe": -85000.0,
        "Write Off": NaN,
        "Impairment Of Capital Assets": NaN,
        "Gain On Sale Of Security": NaN,
        "Net Non Operating Interest Income Expense": NaN,
        "Interest Expense Non Operating": NaN,
        "Interest Income Non Operating": NaN,
        "Operating Income": NaN,
        "Operating Expense": NaN,
        "Other Operating Expenses": NaN,
        "Selling General And Administration": NaN,
        "General And Administrative Expense": NaN,
        "Other Gand A": NaN,
        "Salaries And Wages": NaN,
        "Gross Profit": NaN,
        "Cost Of Revenue": NaN,
        "Total Revenue": NaN,
        "Operating Revenue": NaN
    },
    "2022-12-31": {
        "Tax Effect Of Unusual Items": NaN,
        "Tax Rate For Calcs": NaN,
        "Normalized EBITDA": NaN,
        "Total Unusual Items": NaN,
        "Total Unusual Items Excluding Goodwill": NaN,
        "Net Income From Continuing Operation Net Minority Interest": NaN,
        "Reconciled Depreciation": NaN,
        "Reconciled Cost Of Revenue": NaN,
        "EBITDA": NaN,
        "EBIT": NaN,
        "Net Interest Income": NaN,
        "Interest Expense": NaN,
        "Interest Income": NaN,
        "Normalized Income": NaN,
        "Net Income From Continuing And Discontinued Operation": NaN,
        "Total Expenses": NaN,
        "Total Operating Income As Reported": NaN,
        "Diluted Average Shares": NaN,
        "Basic Average Shares": NaN,
        "Diluted EPS": NaN,
        "Basic EPS": NaN,
        "Diluted NI Availto Com Stockholders": NaN,
        "Net Income Common Stockholders": NaN,
        "Net Income": NaN,
        "Minority Interests": NaN,
        "Net Income Including Noncontrolling Interests": NaN,
        "Net Income Discontinuous Operations": NaN,
        "Net Income Continuous Operations": NaN,
        "Tax Provision": NaN,
        "Pretax Income": NaN,
        "Other Income Expense": NaN,
        "Other Non Operating Income Expenses": NaN,
        "Special Income Charges": NaN,
        "Gain On Sale Of Ppe": 652000.0,
        "Impairment Of Capital Assets": NaN,
        "Gain On Sale Of Security": NaN,
        "Net Non Operating Interest Income Expense": NaN,
        "Interest Expense Non Operating": NaN,
        "Interest Income Non Operating": NaN,
        "Operating Income": NaN,
        "Operating Expense": NaN,
        "Other Operating Expenses": NaN,
        "Selling General And Administration": NaN,
        "General And Administrative Expense": NaN,
        "Other Gand A": NaN,
        "Salaries And Wages": NaN,
        "Gross Profit": NaN,
        "Cost Of Revenue": NaN,
        "Total Revenue": NaN,
        "Operating Revenue": NaN
    },
    "2022-09-30": {
        "Tax Effect Of Unusual Items": NaN,
        "Tax Rate For Calcs": NaN,
        "Normalized EBITDA": NaN,
        "Total Unusual Items": NaN,
        "Total Unusual Items Excluding Goodwill": NaN,
        "Net Income From Continuing Operation Net Minority Interest": NaN,
        "Reconciled Depreciation": NaN,
        "Reconciled Cost Of Revenue": NaN,
        "EBITDA": NaN,
        "EBIT": NaN,
        "Net Interest Income": NaN,
        "Interest Expense": NaN,
        "Interest Income": NaN,
        "Normalized Income": NaN,
        "Net Income From Continuing And Discontinued Operation": NaN,
        "Total Expenses": NaN,
        "Total Operating Income As Reported": NaN,
        "Diluted Average Shares": 183783000.0,
        "Basic Average Shares": 183783000.0,
        "Diluted EPS": -0.3,
        "Basic EPS": -0.3,
        "Diluted NI Availto Com Stockholders": NaN,
        "Net Income Common Stockholders": NaN,
        "Net Income": NaN,
        "Minority Interests": NaN,
        "Net Income Including Noncontrolling Interests": NaN,
        "Net Income Discontinuous Operations": NaN,
        "Net Income Continuous Operations": NaN,
        "Tax Provision": NaN,
        "Pretax Income": NaN,
        "Other Income Expense": NaN,
        "Other Non Operating Income Expenses": 3600000.0,
        "Special Income Charges": NaN,
        "Gain On Sale Of Ppe": NaN,
        "Impairment Of Capital Assets": NaN,
        "Gain On Sale Of Security": NaN,
        "Net Non Operating Interest Income Expense": NaN,
        "Interest Expense Non Operating": NaN,
        "Interest Income Non Operating": NaN,
        "Operating Income": NaN,
        "Operating Expense": NaN,
        "Other Operating Expenses": NaN,
        "Selling General And Administration": NaN,
        "General And Administrative Expense": NaN,
        "Other Gand A": NaN,
        "Salaries And Wages": NaN,
        "Gross Profit": NaN,
        "Cost Of Revenue": NaN,
        "Total Revenue": NaN,
        "Operating Revenue": NaN
    },
    "2022-06-30": {
        "Tax Effect Of Unusual Items": -3656800.0,
        "Tax Rate For Calcs": 0.4,
        "Normalized EBITDA": 84052000.0,
        "Total Unusual Items": -9142000.0,
        "Total Unusual Items Excluding Goodwill": -9142000.0,
        "Net Income From Continuing Operation Net Minority Interest": -22718000.0,
        "Reconciled Depreciation": 53699000.0,
        "Reconciled Cost Of Revenue": 162237000.0,
        "EBITDA": 74910000.0,
        "EBIT": 21211000.0,
        "Net Interest Income": -7313000.0,
        "Interest Expense": 8758000.0,
        "Interest Income": 1445000.0,
        "Normalized Income": -17232800.0,
        "Net Income From Continuing And Discontinued Operation": -22718000.0,
        "Total Expenses": 187593000.0,
        "Total Operating Income As Reported": 34518000.0,
        "Diluted Average Shares": 183777000.0,
        "Basic Average Shares": 183777000.0,
        "Diluted EPS": -0.14,
        "Basic EPS": -0.14,
        "Diluted NI Availto Com Stockholders": -22718000.0,
        "Net Income Common Stockholders": -22718000.0,
        "Net Income": -22718000.0,
        "Minority Interests": -1191000.0,
        "Net Income Including Noncontrolling Interests": -21527000.0,
        "Net Income Discontinuous Operations": 0.0,
        "Net Income Continuous Operations": -21527000.0,
        "Tax Provision": 33980000.0,
        "Pretax Income": 12453000.0,
        "Other Income Expense": -9142000.0,
        "Other Non Operating Income Expenses": NaN,
        "Special Income Charges": 1921000.0,
        "Gain On Sale Of Ppe": 233000.0,
        "Impairment Of Capital Assets": -1688000.0,
        "Gain On Sale Of Security": -11063000.0,
        "Net Non Operating Interest Income Expense": -7313000.0,
        "Interest Expense Non Operating": 8758000.0,
        "Interest Income Non Operating": 1445000.0,
        "Operating Income": 28908000.0,
        "Operating Expense": 25356000.0,
        "Other Operating Expenses": 15465000.0,
        "Selling General And Administration": 9891000.0,
        "General And Administrative Expense": 9891000.0,
        "Other Gand A": 8734000.0,
        "Salaries And Wages": 1157000.0,
        "Gross Profit": 54264000.0,
        "Cost Of Revenue": 162237000.0,
        "Total Revenue": 216501000.0,
        "Operating Revenue": 216501000.0
    },
    "2022-03-31": {
        "Diluted EPS": -1.74,
        "Total Revenue": 195,
        "Gross Profit": 90,
        "Operating Income": 10,
        "EBIT": 62,
        "Net Income": -318
    },
    "2021-12-31": {
        "Diluted EPS": -0.22,
        "Total Revenue": 245,
        "Gross Profit": 127,
        "Operating Income": 59,
        "EBIT": 105,
        "Net Income": -40
    },
    "2021-09-30": {
        "Diluted EPS": -0.29,
        "Total Revenue": 238,
        "Gross Profit": 128,
        "Operating Income": 54,
        "EBIT": 105,
        "Net Income": -52
    },
    "2021-06-30": {
        "Diluted EPS": -0.31,
        "Total Revenue": 233,
        "Gross Profit": 120,
        "Operating Income": 57,
        "EBIT": 108,
        "Net Income": -56
    },
    "2021-03-31": {
        "Diluted EPS": 0.07,
        "Total Revenue": 225,
        "Gross Profit": 116,
        "Operating Income": 45,
        "EBIT": 98,
        "Net Income": 12
    },
    "2020-12-31": {
        "Diluted EPS": 0.2,
        "Total Revenue": 279,
        "Gross Profit": 162,
        "Operating Income": 88,
        "EBIT": 147,
        "Net Income": 33
    },
    "2020-09-30": {
        "Diluted EPS": 0.26,
        "Total Revenue": 288,
        "Gross Profit": 170,
        "Operating Income": 101,
        "EBIT": 159,
        "Net Income": 47
    },
    "2020-06-30": {
        "Diluted EPS": 0.28,
        "Total Revenue": 256,
        "Gross Profit": 146,
        "Operating Income": 76,
        "EBIT": 127,
        "Net Income": 49
    },
    "2020-03-31": {
        "Diluted EPS": -0.03,
        "Total Revenue": 205,
        "Gross Profit": 103,
        "Operating Income": 33,
        "EBIT": 86,
        "Net Income": -5
    },
    "2019-12-31": {
        "Diluted EPS": 0.56,
        "Total Revenue": 192,
        "Gross Profit": 95,
        "Operating Income": 26,
        "EBIT": 79,
        "Net Income": 91
    },
    "2019-09-30": {
        "Diluted EPS": 0.03,
        "Total Revenue": 172,
        "Gross Profit": 87,
        "Operating Income": 31,
        "EBIT": 73,
        "Net Income": 4
    },
    "2019-06-30": {
        "Diluted EPS": 0.08,
        "Total Revenue": 174,
        "Gross Profit": 73,
        "Operating Income": 15,
        "EBIT": 56,
        "Net Income": 12
    },
    "2019-03-31": {
        "Diluted EPS": -0.17,
        "Total Revenue": 80,
        "Gross Profit": 28,
        "Operating Income": -16,
        "EBIT": 4,
        "Net Income": -27
    },
    "2018-12-31": {
        "Diluted EPS": -1.37,
        "Total Revenue": 93,
        "Gross Profit": 33,
        "Operating Income": -25,
        "EBIT": -3,
        "Net Income": -218
    },
    "2018-09-30": {
        "Diluted EPS": -0.81,
        "Total Revenue": 81,
        "Gross Profit": 25,
        "Operating Income": -17,
        "EBIT": 2,
        "Net Income": -128
    },
    "2018-06-30": {
        "Diluted EPS": -0.15,
        "Total Revenue": 153,
        "Gross Profit": 67,
        "Operating Income": 2,
        "EBIT": 36,
        "Net Income": -24
    },
    "2018-03-31": {
        "Diluted EPS": 0.05,
        "Total Revenue": 132,
        "Gross Profit": 65,
        "Operating Income": 17,
        "EBIT": 46,
        "Net Income": 9
    },
    "2017-12-31": {
        "Diluted EPS": -0.17,
        "Total Revenue": 101,
        "Gross Profit": 45,
        "Operating Income": -10,
        "EBIT": 10,
        "Net Income": -21
    },
    "2017-09-30": {
        "Diluted EPS": -0.05,
        "Total Revenue": 95,
        "Gross Profit": 49,
        "Operating Income": -3,
        "EBIT": 16,
        "Net Income": -4
    },
    "2017-06-30": {
        "Diluted EPS": 0.1,
        "Total Revenue": 83,
        "Gross Profit": 43,
        "Operating Income": 4,
        "EBIT": 19,
        "Net Income": 11
    },
    "2017-03-31": {
        "Diluted EPS": 0.05,
        "Total Revenue": 112,
        "Gross Profit": 61,
        "Operating Income": 17,
        "EBIT": 35,
        "Net Income": 4
    },
    "2016-12-31": {
        "Diluted EPS": -0.25,
        "Total Revenue": 115,
        "Gross Profit": 65,
        "Operating Income": 17,
        "EBIT": 39,
        "Net Income": -33
    },
    "2016-09-30": {
        "Diluted EPS": 0.15,
        "Total Revenue": 116,
        "Gross Profit": 66,
        "Operating Income": 31,
        "EBIT": 48,
        "Net Income": 21
    },
    "2016-06-30": {
        "Diluted EPS": -2.3,
        "Total Revenue": 107,
        "Gross Profit": 59,
        "Operating Income": 19,
        "EBIT": 36,
        "Net Income": -330
    },
    "2016-03-31": {
        "Diluted EPS": 0.0,
        "Total Revenue": 95,
        "Gross Profit": 48,
        "Operating Income": 4,
        "EBIT": 23,
        "Net Income": -2
    },
    "2015-12-31": {
        "Diluted EPS": -8.65,
        "Total Revenue": 199,
        "Gross Profit": 192,
        "Operating Income": 171,
        "EBIT": 285,
        "Net Income": NaN
    },
    "2015-09-30": {
        "Diluted EPS": -0.65,
        "Total Revenue": 112,
        "Gross Profit": 53,
        "Operating Income": 2,
        "EBIT": 24,
        "Net Income": -96
    },
    "2015-06-30": {
        "Diluted EPS": -1.4,
        "Total Revenue": 125,
        "Gross Profit": 59,
        "Operating Income": 19,
        "EBIT": 16,
        "Net Income": -199
    },
    "2015-03-31": {
        "Diluted EPS": -0.05,
        "Total Revenue": 238,
        "Gross Profit": 119,
        "Operating Income": 37,
        "EBIT": 82,
        "Net Income": -8
    },
    "2014-12-31": {
        "Diluted EPS": 0.1,
        "Total Revenue": 259,
        "Gross Profit": 268,
        "Operating Income": 59,
        "EBIT": 107,
        "Net Income": 14
    },
    "2014-09-30": {
        "Diluted EPS": 0.15,
        "Total Revenue": 264,
        "Gross Profit": 93,
        "Operating Income": 69,
        "EBIT": 108,
        "Net Income": 20
    },
    "2014-06-30": {
        "Diluted EPS": 0.25,
        "Total Revenue": 265,
        "Gross Profit": 99,
        "Operating Income": 70,
        "EBIT": 114,
        "Net Income": 38
    },
    "2014-03-31": {
        "Diluted EPS": 0.2,
        "Total Revenue": 280,
        "Gross Profit": 100,
        "Operating Income": 72,
        "EBIT": 118,
        "Net Income": 31
    },
    "2013-12-31": {
        "Diluted EPS": -4.8,
        "Total Revenue": 232,
        "Gross Profit": 44,
        "Operating Income": 47,
        "EBIT": 83,
        "Net Income": -688
    },
    "2013-09-30": {
        "Diluted EPS": 0.25,
        "Total Revenue": 287,
        "Gross Profit": 126,
        "Operating Income": 97,
        "EBIT": 138,
        "Net Income": 36
    },
    "2013-06-30": {
        "Diluted EPS": 0.3,
        "Total Revenue": 267,
        "Gross Profit": 116,
        "Operating Income": 87,
        "EBIT": 122,
        "Net Income": 43
    },
    "2013-03-31": {
        "Diluted EPS": -0.3,
        "Total Revenue": 338,
        "Gross Profit": 208,
        "Operating Income": 137,
        "EBIT": 174,
        "Net Income": -45
    },
    "2012-12-31": {
        "Diluted EPS": 0.8,
        "Total Revenue": 350,
        "Gross Profit": 153,
        "Operating Income": 152,
        "EBIT": 187,
        "Net Income": 115
    },
    "2012-09-30": {
        "Diluted EPS": 0.55,
        "Total Revenue": 282,
        "Gross Profit": 148,
        "Operating Income": 114,
        "EBIT": 140,
        "Net Income": 76
    },
    "2012-06-30": {
        "Diluted EPS": 0.35,
        "Total Revenue": 244,
        "Gross Profit": 125,
        "Operating Income": 90,
        "EBIT": 116,
        "Net Income": 47
    },
    "2012-03-31": {
        "Diluted EPS": 0.55,
        "Total Revenue": 272,
        "Gross Profit": 180,
        "Operating Income": 118,
        "EBIT": 146,
        "Net Income": 68
    },
    "2011-12-31": {
        "Diluted EPS": 0.8,
        "Total Revenue": 303,
        "Gross Profit": 85,
        "Operating Income": 142,
        "EBIT": 174,
        "Net Income": 89
    },
    "2011-09-30": {
        "Diluted EPS": 0.95,
        "Total Revenue": 326,
        "Gross Profit": 231,
        "Operating Income": 179,
        "EBIT": 209,
        "Net Income": 102
    },
    "2011-06-30": {
        "Diluted EPS": 0.7,
        "Total Revenue": 251,
        "Gross Profit": 170,
        "Operating Income": 117,
        "EBIT": 147,
        "Net Income": 75
    },
    "2011-03-31": {
        "Diluted EPS": 0.5,
        "Total Revenue": 218,
        "Gross Profit": 144,
        "Operating Income": 80,
        "EBIT": 111,
        "Net Income": 52
    },
    "2010-12-31": {
        "Diluted EPS": 0.4,
        "Total Revenue": 213,
        "Gross Profit": 139,
        "Operating Income": 78,
        "EBIT": 105,
        "Net Income": 44
    },
    "2010-09-30": {
        "Diluted EPS": 0.45,
        "Total Revenue": 190,
        "Gross Profit": 121,
        "Operating Income": 78,
        "EBIT": 105,
        "Net Income": 49
    },
    "2010-06-30": {
        "Diluted EPS": 0.55,
        "Total Revenue": 208,
        "Gross Profit": 135,
        "Operating Income": 89,
        "EBIT": 118,
        "Net Income": 61
    },
    "2010-03-31": {
        "Diluted EPS": 0.5,
        "Total Revenue": 182,
        "Gross Profit": 115,
        "Operating Income": 72,
        "EBIT": 95,
        "Net Income": 53
    },
    "2009-12-31": {
        "Diluted EPS": 0.4,
        "Total Revenue": 145,
        "Gross Profit": 87,
        "Operating Income": 56,
        "EBIT": 75,
        "Net Income": 33
    },
    "2009-09-30": {
        "Diluted EPS": 0.4,
        "Total Revenue": 83,
        "Gross Profit": 55,
        "Operating Income": 34,
        "EBIT": 43,
        "Net Income": 30
    },
    "2009-06-30": {
        "Diluted EPS": 0.35,
        "Total Revenue": 81,
        "Gross Profit": 52,
        "Operating Income": 33,
        "EBIT": 40,
        "Net Income": 26
    },
    "2009-03-31": {
        "Diluted EPS": 0.2,
        "Total Revenue": 52,
        "Gross Profit": 34,
        "Operating Income": 19,
        "EBIT": 23,
        "Net Income": 13
    },
    "2023-09-30": {
        "Tax Effect Of Unusual Items": NaN,
        "Tax Rate For Calcs": NaN,
        "Normalized EBITDA": NaN,
        "Total Unusual Items": NaN,
        "Total Unusual Items Excluding Goodwill": NaN,
        "Net Income From Continuing Operation Net Minority Interest": NaN,
        "Reconciled Depreciation": NaN,
        "Reconciled Cost Of Revenue": NaN,
        "EBITDA": NaN,
        "EBIT": NaN,
        "Net Interest Income": NaN,
        "Interest Expense": NaN,
        "Interest Income": NaN,
        "Normalized Income": NaN,
        "Net Income From Continuing And Discontinued Operation": NaN,
        "Total Expenses": NaN,
        "Total Operating Income As Reported": NaN,
        "Diluted Average Shares": 202471872.0,
        "Basic Average Shares": 202471872.0,
        "Diluted EPS": -0.04,
        "Basic EPS": -0.04,
        "Diluted NI Availto Com Stockholders": NaN,
        "Net Income Common Stockholders": NaN,
        "Net Income": NaN,
        "Minority Interests": NaN,
        "Net Income Including Noncontrolling Interests": NaN,
        "Net Income Discontinuous Operations": NaN,
        "Net Income Continuous Operations": NaN,
        "Tax Provision": NaN,
        "Pretax Income": NaN,
        "Other Income Expense": NaN,
        "Other Non Operating Income Expenses": NaN,
        "Special Income Charges": NaN,
        "Gain On Sale Of Ppe": 60000.0,
        "Gain On Sale Of Business": 0.0,
        "Write Off": 2924000.0,
        "Impairment Of Capital Assets": 2924000.0,
        "Gain On Sale Of Security": NaN,
        "Net Non Operating Interest Income Expense": NaN,
        "Interest Expense Non Operating": NaN,
        "Interest Income Non Operating": NaN,
        "Operating Income": NaN,
        "Operating Expense": NaN,
        "Other Operating Expenses": NaN,
        "Selling General And Administration": NaN,
        "General And Administrative Expense": NaN,
        "Other Gand A": NaN,
        "Salaries And Wages": NaN,
        "Gross Profit": NaN,
        "Cost Of Revenue": NaN,
        "Total Revenue": NaN,
        "Operating Revenue": NaN
    },
    "2023-12-31": {
        "Tax Effect Of Unusual Items": NaN,
        "Tax Rate For Calcs": NaN,
        "Normalized EBITDA": NaN,
        "Total Unusual Items": NaN,
        "Total Unusual Items Excluding Goodwill": NaN,
        "Net Income From Continuing Operation Net Minority Interest": NaN,
        "Reconciled Depreciation": NaN,
        "Reconciled Cost Of Revenue": NaN,
        "EBITDA": NaN,
        "EBIT": NaN,
        "Net Interest Income": NaN,
        "Interest Expense": NaN,
        "Interest Income": 7773000.0,
        "Normalized Income": NaN,
        "Net Income From Continuing And Discontinued Operation": NaN,
        "Total Expenses": NaN,
        "Total Operating Income As Reported": NaN,
        "Diluted Average Shares": NaN,
        "Basic Average Shares": NaN,
        "Diluted EPS": NaN,
        "Basic EPS": NaN,
        "Diluted NI Availto Com Stockholders": NaN,
        "Net Income Common Stockholders": NaN,
        "Net Income": NaN,
        "Minority Interests": NaN,
        "Net Income Including Noncontrolling Interests": NaN,
        "Net Income Discontinuous Operations": NaN,
        "Net Income Continuous Operations": NaN,
        "Tax Provision": NaN,
        "Pretax Income": NaN,
        "Other Income Expense": NaN,
        "Other Non Operating Income Expenses": NaN,
        "Special Income Charges": NaN,
        "Gain On Sale Of Ppe": 102000.0,
        "Gain On Sale Of Business": NaN,
        "Write Off": NaN,
        "Impairment Of Capital Assets": 4747000.0,
        "Gain On Sale Of Security": NaN,
        "Net Non Operating Interest Income Expense": NaN,
        "Interest Expense Non Operating": NaN,
        "Interest Income Non Operating": 7773000.0,
        "Operating Income": NaN,
        "Operating Expense": NaN,
        "Other Operating Expenses": NaN,
        "Selling General And Administration": NaN,
        "General And Administrative Expense": NaN,
        "Other Gand A": NaN,
        "Salaries And Wages": NaN,
        "Gross Profit": NaN,
        "Cost Of Revenue": NaN,
        "Total Revenue": NaN,
        "Operating Revenue": NaN
    },
    "2024-03-31": {
        "Tax Effect Of Unusual Items": NaN,
        "Tax Rate For Calcs": NaN,
        "Normalized EBITDA": NaN,
        "Total Unusual Items": NaN,
        "Total Unusual Items Excluding Goodwill": NaN,
        "Net Income From Continuing Operation Net Minority Interest": NaN,
        "Reconciled Depreciation": NaN,
        "Reconciled Cost Of Revenue": NaN,
        "EBITDA": NaN,
        "EBIT": NaN,
        "Net Interest Income": NaN,
        "Interest Expense": NaN,
        "Interest Income": 32000.0,
        "Normalized Income": NaN,
        "Net Income From Continuing And Discontinued Operation": NaN,
        "Total Expenses": NaN,
        "Total Operating Income As Reported": NaN,
        "Diluted Average Shares": 203929570.0,
        "Basic Average Shares": 202706218.0,
        "Diluted EPS": 0.16,
        "Basic EPS": 0.17,
        "Diluted NI Availto Com Stockholders": NaN,
        "Net Income Common Stockholders": NaN,
        "Net Income": NaN,
        "Minority Interests": NaN,
        "Net Income Including Noncontrolling Interests": NaN,
        "Net Income Discontinuous Operations": NaN,
        "Net Income Continuous Operations": NaN,
        "Tax Provision": NaN,
        "Pretax Income": NaN,
        "Other Income Expense": NaN,
        "Other Non Operating Income Expenses": NaN,
        "Special Income Charges": NaN,
        "Gain On Sale Of Ppe": NaN,
        "Gain On Sale Of Business": NaN,
        "Write Off": NaN,
        "Impairment Of Capital Assets": 722000.0,
        "Gain On Sale Of Security": NaN,
        "Net Non Operating Interest Income Expense": NaN,
        "Interest Expense Non Operating": NaN,
        "Interest Income Non Operating": 32000.0,
        "Operating Income": NaN,
        "Operating Expense": NaN,
        "Other Operating Expenses": NaN,
        "Selling General And Administration": NaN,
        "General And Administrative Expense": NaN,
        "Other Gand A": NaN,
        "Salaries And Wages": NaN,
        "Gross Profit": NaN,
        "Cost Of Revenue": NaN,
        "Total Revenue": NaN,
        "Operating Revenue": NaN
    },
    "2024-06-30": {
        "Tax Effect Of Unusual Items": 191298.592523,
        "Tax Rate For Calcs": 0.27805,
        "Normalized EBITDA": 144800000.0,
        "Total Unusual Items": 688000.0,
        "Total Unusual Items Excluding Goodwill": 688000.0,
        "Net Income From Continuing Operation Net Minority Interest": 56597000.0,
        "Reconciled Depreciation": 60320000.0,
        "Reconciled Cost Of Revenue": 187247000.0,
        "EBITDA": 145488000.0,
        "EBIT": 85168000.0,
        "Net Interest Income": -7085000.0,
        "Interest Expense": 7085000.0,
        "Interest Income": 6235000.0,
        "Normalized Income": 56100298.592523,
        "Net Income From Continuing And Discontinued Operation": 55480000.0,
        "Total Expenses": 207375000.0,
        "Total Operating Income As Reported": 90454000.0,
        "Diluted Average Shares": 205490897.0,
        "Basic Average Shares": 204075131.0,
        "Diluted EPS": 0.27,
        "Basic EPS": 0.27,
        "Diluted NI Availto Com Stockholders": 55480000.0,
        "Net Income Common Stockholders": 55480000.0,
        "Net Income": 55480000.0,
        "Minority Interests": 225000.0,
        "Net Income Including Noncontrolling Interests": 55255000.0,
        "Net Income Discontinuous Operations": -1117000.0,
        "Net Income Continuous Operations": 56372000.0,
        "Tax Provision": 21711000.0,
        "Pretax Income": 78083000.0,
        "Other Income Expense": -4598000.0,
        "Other Non Operating Income Expenses": -5286000.0,
        "Special Income Charges": -688000.0,
        "Gain On Sale Of Ppe": NaN,
        "Gain On Sale Of Business": NaN,
        "Write Off": NaN,
        "Impairment Of Capital Assets": 688000.0,
        "Gain On Sale Of Security": 1376000.0,
        "Net Non Operating Interest Income Expense": -7085000.0,
        "Interest Expense Non Operating": 7085000.0,
        "Interest Income Non Operating": 6235000.0,
        "Operating Income": 89766000.0,
        "Operating Expense": 20128000.0,
        "Other Operating Expenses": 5323000.0,
        "Selling General And Administration": 14805000.0,
        "General And Administrative Expense": 14805000.0,
        "Other Gand A": 10265000.0,
        "Salaries And Wages": 4540000.0,
        "Gross Profit": 109894000.0,
        "Cost Of Revenue": 187247000.0,
        "Total Revenue": 297141000.0,
        "Operating Revenue": 297141000.0
    },
    "2024-09-30": {
        "Tax Effect Of Unusual Items": 6491434.108527,
        "Tax Rate For Calcs": 0.218346,
        "Normalized EBITDA": 171751000.0,
        "Total Unusual Items": 29730000.0,
        "Total Unusual Items Excluding Goodwill": 29730000.0,
        "Net Income From Continuing Operation Net Minority Interest": 104741000.0,
        "Reconciled Depreciation": 64944000.0,
        "Reconciled Cost Of Revenue": 205281000.0,
        "EBITDA": 201481000.0,
        "EBIT": 136537000.0,
        "Net Interest Income": -1219000.0,
        "Interest Expense": 7279000.0,
        "Interest Income": 6060000.0,
        "Normalized Income": 81502434.108527,
        "Net Income From Continuing And Discontinued Operation": 94971000.0,
        "Total Expenses": 230485000.0,
        "Total Operating Income As Reported": 99961000.0,
        "Diluted Average Shares": 206146570.0,
        "Basic Average Shares": 204520670.0,
        "Diluted EPS": 0.46,
        "Basic EPS": 0.46,
        "Diluted NI Availto Com Stockholders": 94971000.0,
        "Net Income Common Stockholders": 94971000.0,
        "Net Income": 94971000.0,
        "Minority Interests": 3706000.0,
        "Net Income Including Noncontrolling Interests": 91265000.0,
        "Net Income Discontinuous Operations": -9770000.0,
        "Net Income Continuous Operations": 101035000.0,
        "Tax Provision": 28223000.0,
        "Pretax Income": 129258000.0,
        "Other Income Expense": 29537000.0,
        "Other Non Operating Income Expenses": -193000.0,
        "Special Income Charges": 59998000.0,
        "Gain On Sale Of Ppe": 60000000.0,
        "Gain On Sale Of Business": 60000000.0,
        "Write Off": 2000.0,
        "Impairment Of Capital Assets": NaN,
        "Gain On Sale Of Security": -30268000.0,
        "Net Non Operating Interest Income Expense": -1219000.0,
        "Interest Expense Non Operating": 7279000.0,
        "Interest Income Non Operating": 6060000.0,
        "Operating Income": 100940000.0,
        "Operating Expense": 25204000.0,
        "Other Operating Expenses": 12725000.0,
        "Selling General And Administration": 12479000.0,
        "General And Administrative Expense": 12479000.0,
        "Other Gand A": 7281000.0,
        "Salaries And Wages": 5198000.0,
        "Gross Profit": 126144000.0,
        "Cost Of Revenue": 205281000.0,
        "Total Revenue": 331425000.0,
        "Operating Revenue": 331425000.0
    },
    "2024-12-31": {
        "Tax Effect Of Unusual Items": 900192.695876,
        "Tax Rate For Calcs": 0.388852,
        "Normalized EBITDA": 255120000.0,
        "Total Unusual Items": 2315000.0,
        "Total Unusual Items Excluding Goodwill": 2315000.0,
        "Net Income From Continuing Operation Net Minority Interest": 106473000.0,
        "Reconciled Depreciation": 74383000.0,
        "Reconciled Cost Of Revenue": 245595000.0,
        "EBITDA": 257435000.0,
        "EBIT": 183052000.0,
        "Net Interest Income": 410000.0,
        "Interest Expense": 6193000.0,
        "Interest Income": 6603000.0,
        "Normalized Income": 105058192.695876,
        "Net Income From Continuing And Discontinued Operation": 105065000.0,
        "Total Expenses": 269615000.0,
        "Total Operating Income As Reported": 168882000.0,
        "Diluted Average Shares": NaN,
        "Basic Average Shares": NaN,
        "Diluted EPS": NaN,
        "Basic EPS": NaN,
        "Diluted NI Availto Com Stockholders": 105065000.0,
        "Net Income Common Stockholders": 105065000.0,
        "Net Income": 105065000.0,
        "Minority Interests": -1614000.0,
        "Net Income Including Noncontrolling Interests": 106679000.0,
        "Net Income Discontinuous Operations": -1408000.0,
        "Net Income Continuous Operations": 108087000.0,
        "Tax Provision": 68772000.0,
        "Pretax Income": 176859000.0,
        "Other Income Expense": 6325000.0,
        "Other Non Operating Income Expenses": 4010000.0,
        "Special Income Charges": -4723000.0,
        "Gain On Sale Of Ppe": NaN,
        "Gain On Sale Of Business": 0.0,
        "Write Off": NaN,
        "Impairment Of Capital Assets": NaN,
        "Gain On Sale Of Security": 7038000.0,
        "Net Non Operating Interest Income Expense": 410000.0,
        "Interest Expense Non Operating": 6193000.0,
        "Interest Income Non Operating": 6603000.0,
        "Operating Income": 170124000.0,
        "Operating Expense": 24020000.0,
        "Other Operating Expenses": 12325000.0,
        "Selling General And Administration": 11695000.0,
        "General And Administrative Expense": 11695000.0,
        "Other Gand A": 9200000.0,
        "Salaries And Wages": 2495000.0,
        "Gross Profit": 194144000.0,
        "Cost Of Revenue": 245595000.0,
        "Total Revenue": 439739000.0,
        "Operating Revenue": 439739000.0
    },
    "2025-03-31": {
        "Tax Effect Of Unusual Items": -1345950.0,
        "Tax Rate For Calcs": 0.15,
        "Normalized EBITDA": 124092000.0,
        "Total Unusual Items": -8973000.0,
        "Total Unusual Items Excluding Goodwill": -8973000.0,
        "Net Income From Continuing Operation Net Minority Interest": 73735000.0,
        "Reconciled Depreciation": 60617000.0,
        "Reconciled Cost Of Revenue": 208480000.0,
        "EBITDA": 115119000.0,
        "EBIT": 54502000.0,
        "Net Interest Income": -12244000.0,
        "Interest Expense": 12244000.0,
        "Interest Income": NaN,
        "Normalized Income": 81362050.0,
        "Net Income From Continuing And Discontinued Operation": 72402000.0,
        "Total Expenses": 232043000.0,
        "Total Operating Income As Reported": 114229000.0,
        "Diluted Average Shares": 206501722.0,
        "Basic Average Shares": 204762059.0,
        "Diluted EPS": 0.35,
        "Basic EPS": 0.35,
        "Diluted NI Availto Com Stockholders": 72402000.0,
        "Net Income Common Stockholders": 72402000.0,
        "Net Income": 72402000.0,
        "Minority Interests": -1131000.0,
        "Net Income Including Noncontrolling Interests": 73533000.0,
        "Net Income Discontinuous Operations": -1333000.0,
        "Net Income Continuous Operations": 74866000.0,
        "Tax Provision": -32608000.0,
        "Pretax Income": 42258000.0,
        "Other Income Expense": -68700000.0,
        "Other Non Operating Income Expenses": -59727000.0,
        "Special Income Charges": -2689000.0,
        "Gain On Sale Of Ppe": NaN,
        "Gain On Sale Of Business": NaN,
        "Write Off": NaN,
        "Impairment Of Capital Assets": 2689000.0,
        "Gain On Sale Of Security": -6284000.0,
        "Net Non Operating Interest Income Expense": -12244000.0,
        "Interest Expense Non Operating": 12244000.0,
        "Interest Income Non Operating": NaN,
        "Operating Income": 123202000.0,
        "Operating Expense": 23563000.0,
        "Other Operating Expenses": 11121000.0,
        "Selling General And Administration": 12442000.0,
        "General And Administrative Expense": 12442000.0,
        "Other Gand A": 7066000.0,
        "Salaries And Wages": 5376000.0,
        "Gross Profit": 146765000.0,
        "Cost Of Revenue": 208480000.0,
        "Total Revenue": 355245000.0,
        "Operating Revenue": 355245000.0
    },
    "2025-06-30": {
        "Tax Effect Of Unusual Items": -4059847.173996,
        "Tax Rate For Calcs": 0.193326,
        "Normalized EBITDA": 260306000.0,
        "Total Unusual Items": -21000000.0,
        "Total Unusual Items Excluding Goodwill": -21000000.0,
        "Net Income From Continuing Operation Net Minority Interest": 142132000.0,
        "Reconciled Depreciation": 66415000.0,
        "Reconciled Cost Of Revenue": 228121000.0,
        "EBITDA": 239306000.0,
        "EBIT": 172891000.0,
        "Net Interest Income": -669000.0,
        "Interest Expense": 669000.0,
        "Interest Income": NaN,
        "Normalized Income": 159072152.826004,
        "Net Income From Continuing And Discontinued Operation": 138009000.0,
        "Total Expenses": 254821000.0,
        "Total Operating Income As Reported": 175903000.0,
        "Diluted Average Shares": 206960823.0,
        "Basic Average Shares": 204906884.0,
        "Diluted EPS": 0.67,
        "Basic EPS": 0.67,
        "Diluted NI Availto Com Stockholders": 138009000.0,
        "Net Income Common Stockholders": 138009000.0,
        "Net Income": 138009000.0,
        "Minority Interests": 3205000.0,
        "Net Income Including Noncontrolling Interests": 134804000.0,
        "Net Income Discontinuous Operations": -4123000.0,
        "Net Income Continuous Operations": 138927000.0,
        "Tax Provision": 33295000.0,
        "Pretax Income": 172222000.0,
        "Other Income Expense": -24012000.0,
        "Other Non Operating Income Expenses": -3012000.0,
        "Special Income Charges": -2476000.0,
        "Gain On Sale Of Ppe": NaN,
        "Gain On Sale Of Business": NaN,
        "Write Off": NaN,
        "Impairment Of Capital Assets": 2476000.0,
        "Gain On Sale Of Security": -18524000.0,
        "Net Non Operating Interest Income Expense": -669000.0,
        "Interest Expense Non Operating": 669000.0,
        "Interest Income Non Operating": NaN,
        "Operating Income": 196903000.0,
        "Operating Expense": 26700000.0,
        "Other Operating Expenses": 11909000.0,
        "Selling General And Administration": 14791000.0,
        "General And Administrative Expense": 14791000.0,
        "Other Gand A": 9521000.0,
        "Salaries And Wages": 5270000.0,
        "Gross Profit": 223603000.0,
        "Cost Of Revenue": 228121000.0,
        "Total Revenue": 451724000.0,
        "Operating Revenue": 451724000.0
    }
}