{
    "2023-03-31": {
        "Tax Effect Of Unusual Items": 0.0,
        "Tax Rate For Calcs": 0.21,
        "Normalized EBITDA": 17307000.0,
        "Net Income From Continuing Operation Net Minority Interest": 5750000.0,
        "Reconciled Depreciation": 5560000.0,
        "Reconciled Cost Of Revenue": 17300000.0,
        "EBITDA": 17307000.0,
        "EBIT": 11747000.0,
        "Net Interest Income": -1304000.0,
        "Interest Expense": 1516000.0,
        "Interest Income": 212000.0,
        "Normalized Income": 5750000.0,
        "Net Income From Continuing And Discontinued Operation": 5750000.0,
        "Total Expenses": 54532000.0,
        "Total Operating Income As Reported": 11773000.0,
        "Diluted Average Shares": 13153271.0,
        "Basic Average Shares": 13059153.0,
        "Diluted EPS": 0.44,
        "Basic EPS": 0.44,
        "Diluted NI Availto Com Stockholders": 5750000.0,
        "Net Income Common Stockholders": 5750000.0,
        "Net Income": 5750000.0,
        "Net Income Including Noncontrolling Interests": 5750000.0,
        "Net Income Continuous Operations": 5750000.0,
        "Tax Provision": 4481000.0,
        "Pretax Income": 10231000.0,
        "Other Income Expense": -238000.0,
        "Other Non Operating Income Expenses": -238000.0,
        "Net Non Operating Interest Income Expense": -1304000.0,
        "Interest Expense Non Operating": 1516000.0,
        "Interest Income Non Operating": 212000.0,
        "Operating Income": 11773000.0,
        "Operating Expense": 37232000.0,
        "Research And Development": 9272000.0,
        "Selling General And Administration": 27960000.0,
        "Gross Profit": 49005000.0,
        "Cost Of Revenue": 17300000.0,
        "Total Revenue": 66305000.0,
        "Operating Revenue": 66305000.0
    },
    "2022-12-31": {
        "Tax Effect Of Unusual Items": 0.0,
        "Tax Rate For Calcs": 0.386275,
        "Normalized EBITDA": 20868000.0,
        "Net Income From Continuing Operation Net Minority Interest": 8165000.0,
        "Reconciled Depreciation": 5630000.0,
        "Reconciled Cost Of Revenue": 19866000.0,
        "EBITDA": 20868000.0,
        "EBIT": 15238000.0,
        "Net Interest Income": -1663000.0,
        "Interest Expense": 1934000.0,
        "Interest Income": NaN,
        "Normalized Income": 8165000.0,
        "Net Income From Continuing And Discontinued Operation": 8165000.0,
        "Total Expenses": 51233000.0,
        "Total Operating Income As Reported": 9466000.0,
        "Diluted Average Shares": 13124218.0,
        "Basic Average Shares": 13015976.0,
        "Diluted EPS": 0.62,
        "Basic EPS": 0.63,
        "Diluted NI Availto Com Stockholders": 8165000.0,
        "Net Income Common Stockholders": 8165000.0,
        "Net Income": 8165000.0,
        "Net Income Including Noncontrolling Interests": 8165000.0,
        "Net Income Continuous Operations": 8165000.0,
        "Tax Provision": 5139000.0,
        "Pretax Income": 13304000.0,
        "Other Income Expense": 5501000.0,
        "Other Non Operating Income Expenses": 5501000.0,
        "Net Non Operating Interest Income Expense": -1663000.0,
        "Interest Expense Non Operating": 1934000.0,
        "Interest Income Non Operating": NaN,
        "Operating Income": 9466000.0,
        "Operating Expense": 31367000.0,
        "Research And Development": 7217000.0,
        "Selling General And Administration": 24150000.0,
        "Gross Profit": 40833000.0,
        "Cost Of Revenue": 19866000.0,
        "Total Revenue": 60699000.0,
        "Operating Revenue": 60699000.0
    },
    "2022-09-30": {
        "Tax Effect Of Unusual Items": 0.0,
        "Tax Rate For Calcs": 0.21,
        "Normalized EBITDA": 1780000.0,
        "Net Income From Continuing Operation Net Minority Interest": -7131000.0,
        "Reconciled Depreciation": 3852000.0,
        "Reconciled Cost Of Revenue": 23651000.0,
        "EBITDA": 1780000.0,
        "EBIT": -2072000.0,
        "Net Interest Income": -1591000.0,
        "Interest Expense": 1591000.0,
        "Interest Income": NaN,
        "Normalized Income": -7131000.0,
        "Net Income From Continuing And Discontinued Operation": -7131000.0,
        "Total Expenses": 56439000.0,
        "Total Operating Income As Reported": 9462000.0,
        "Diluted Average Shares": 13166931.0,
        "Basic Average Shares": 13166931.0,
        "Diluted EPS": -0.54,
        "Basic EPS": -0.54,
        "Diluted NI Availto Com Stockholders": -7131000.0,
        "Net Income Common Stockholders": -7131000.0,
        "Net Income": -7131000.0,
        "Net Income Including Noncontrolling Interests": -7131000.0,
        "Net Income Continuous Operations": -7131000.0,
        "Tax Provision": 3468000.0,
        "Pretax Income": -3663000.0,
        "Other Income Expense": -11534000.0,
        "Other Non Operating Income Expenses": -11534000.0,
        "Net Non Operating Interest Income Expense": -1591000.0,
        "Interest Expense Non Operating": 1591000.0,
        "Interest Income Non Operating": NaN,
        "Operating Income": 9462000.0,
        "Operating Expense": 32788000.0,
        "Research And Development": 9326000.0,
        "Selling General And Administration": 23462000.0,
        "Gross Profit": 42250000.0,
        "Cost Of Revenue": 23651000.0,
        "Total Revenue": 65901000.0,
        "Operating Revenue": 65901000.0
    },
    "2022-06-30": {
        "Tax Effect Of Unusual Items": 0.0,
        "Tax Rate For Calcs": 0.4,
        "Normalized EBITDA": -3682000.0,
        "Net Income From Continuing Operation Net Minority Interest": -9450000.0,
        "Reconciled Depreciation": 1634000.0,
        "Reconciled Cost Of Revenue": 23664000.0,
        "EBITDA": -3682000.0,
        "EBIT": -5316000.0,
        "Net Interest Income": -308000.0,
        "Interest Expense": 552000.0,
        "Interest Income": 244000.0,
        "Normalized Income": -9450000.0,
        "Net Income From Continuing And Discontinued Operation": -9450000.0,
        "Total Expenses": 71933000.0,
        "Total Operating Income As Reported": 2203000.0,
        "Diluted Average Shares": 12836116.0,
        "Basic Average Shares": 12836116.0,
        "Diluted EPS": -0.74,
        "Basic EPS": -0.74,
        "Diluted NI Availto Com Stockholders": -9450000.0,
        "Net Income Common Stockholders": -9450000.0,
        "Net Income": -9450000.0,
        "Net Income Including Noncontrolling Interests": -9450000.0,
        "Net Income Continuous Operations": -9450000.0,
        "Tax Provision": 3582000.0,
        "Pretax Income": -5868000.0,
        "Other Income Expense": -7763000.0,
        "Other Non Operating Income Expenses": -7763000.0,
        "Net Non Operating Interest Income Expense": -308000.0,
        "Interest Expense Non Operating": 552000.0,
        "Interest Income Non Operating": 244000.0,
        "Operating Income": 2203000.0,
        "Operating Expense": 48269000.0,
        "Research And Development": 11437000.0,
        "Selling General And Administration": 36832000.0,
        "Gross Profit": 50472000.0,
        "Cost Of Revenue": 23664000.0,
        "Total Revenue": 74136000.0,
        "Operating Revenue": 74136000.0
    },
    "2022-03-31": {
        "Diluted EPS": 3.41,
        "Total Revenue": 116,
        "Gross Profit": 88,
        "Operating Income": 60,
        "EBIT": 61,
        "Net Income": 44
    },
    "2021-12-31": {
        "Diluted EPS": -0.47,
        "Total Revenue": 42,
        "Gross Profit": 30,
        "Operating Income": 6,
        "EBIT": 8,
        "Net Income": -6
    },
    "2021-09-30": {
        "Diluted EPS": -0.43,
        "Total Revenue": 40,
        "Gross Profit": 32,
        "Operating Income": -10,
        "EBIT": -9,
        "Net Income": -6
    },
    "2021-06-30": {
        "Diluted EPS": 0.27,
        "Total Revenue": 48,
        "Gross Profit": 37,
        "Operating Income": 11,
        "EBIT": 12,
        "Net Income": 4
    },
    "2021-03-31": {
        "Diluted EPS": -0.03,
        "Total Revenue": 41,
        "Gross Profit": 30,
        "Operating Income": -4,
        "EBIT": -3,
        "Net Income": 0
    },
    "2020-12-31": {
        "Diluted EPS": 0.59,
        "Total Revenue": 50,
        "Gross Profit": 37,
        "Operating Income": 10,
        "EBIT": 12,
        "Net Income": 8
    },
    "2020-09-30": {
        "Diluted EPS": 0.51,
        "Total Revenue": 50,
        "Gross Profit": 38,
        "Operating Income": 15,
        "EBIT": 16,
        "Net Income": 7
    },
    "2020-06-30": {
        "Diluted EPS": -0.02,
        "Total Revenue": 42,
        "Gross Profit": 29,
        "Operating Income": 4,
        "EBIT": 5,
        "Net Income": 0
    },
    "2020-03-31": {
        "Diluted EPS": -0.21,
        "Total Revenue": 46,
        "Gross Profit": 38,
        "Operating Income": 4,
        "EBIT": 5,
        "Net Income": -3
    },
    "2019-12-31": {
        "Diluted EPS": 0.08,
        "Total Revenue": 48,
        "Gross Profit": 37,
        "Operating Income": 3,
        "EBIT": 4,
        "Net Income": 1
    },
    "2019-09-30": {
        "Diluted EPS": -0.17,
        "Total Revenue": 41,
        "Gross Profit": 26,
        "Operating Income": -2,
        "EBIT": -1,
        "Net Income": -2
    },
    "2019-06-30": {
        "Diluted EPS": 0.48,
        "Total Revenue": 57,
        "Gross Profit": 35,
        "Operating Income": 9,
        "EBIT": 10,
        "Net Income": 7
    },
    "2019-03-31": {
        "Diluted EPS": 0.62,
        "Total Revenue": 50,
        "Gross Profit": 37,
        "Operating Income": 12,
        "EBIT": 13,
        "Net Income": 9
    },
    "2018-12-31": {
        "Diluted EPS": 0.84,
        "Total Revenue": 56,
        "Gross Profit": 37,
        "Operating Income": 16,
        "EBIT": 17,
        "Net Income": 13
    },
    "2018-09-30": {
        "Diluted EPS": 0.91,
        "Total Revenue": 51,
        "Gross Profit": 38,
        "Operating Income": 18,
        "EBIT": 19,
        "Net Income": 14
    },
    "2018-06-30": {
        "Diluted EPS": 0.17,
        "Total Revenue": 59,
        "Gross Profit": 41,
        "Operating Income": 0,
        "EBIT": 1,
        "Net Income": 3
    },
    "2018-03-31": {
        "Diluted EPS": 0.17,
        "Total Revenue": 47,
        "Gross Profit": 35,
        "Operating Income": 2,
        "EBIT": 3,
        "Net Income": 3
    },
    "2017-12-31": {
        "Diluted EPS": 0.59,
        "Total Revenue": 47,
        "Gross Profit": 33,
        "Operating Income": 10,
        "EBIT": 11,
        "Net Income": 9
    },
    "2017-09-30": {
        "Diluted EPS": 0.98,
        "Total Revenue": 63,
        "Gross Profit": 51,
        "Operating Income": 25,
        "EBIT": 26,
        "Net Income": 15
    },
    "2017-06-30": {
        "Diluted EPS": 0.28,
        "Total Revenue": 50,
        "Gross Profit": 36,
        "Operating Income": 6,
        "EBIT": 7,
        "Net Income": 5
    },
    "2017-03-31": {
        "Diluted EPS": 1.42,
        "Total Revenue": 77,
        "Gross Profit": 59,
        "Operating Income": 33,
        "EBIT": 34,
        "Net Income": 23
    },
    "2016-12-31": {
        "Diluted EPS": 3.49,
        "Total Revenue": 81,
        "Gross Profit": 62,
        "Operating Income": 28,
        "EBIT": 29,
        "Net Income": 57
    },
    "2016-09-30": {
        "Diluted EPS": 0.73,
        "Total Revenue": 38,
        "Gross Profit": 27,
        "Operating Income": 12,
        "EBIT": 13,
        "Net Income": 12
    },
    "2016-06-30": {
        "Diluted EPS": 0.8,
        "Total Revenue": 41,
        "Gross Profit": 29,
        "Operating Income": 14,
        "EBIT": 14,
        "Net Income": 13
    },
    "2016-03-31": {
        "Diluted EPS": -0.06,
        "Total Revenue": 30,
        "Gross Profit": 15,
        "Operating Income": -1,
        "EBIT": -1,
        "Net Income": -1
    },
    "2015-12-31": {
        "Diluted EPS": 0.03,
        "Total Revenue": 18,
        "Gross Profit": 16,
        "Operating Income": 1,
        "EBIT": 1,
        "Net Income": 1
    },
    "2015-09-30": {
        "Diluted EPS": -0.65,
        "Total Revenue": 6,
        "Gross Profit": 2,
        "Operating Income": -10,
        "EBIT": -10,
        "Net Income": -10
    },
    "2015-06-30": {
        "Diluted EPS": -0.53,
        "Total Revenue": 6,
        "Gross Profit": 3,
        "Operating Income": -8,
        "EBIT": -8,
        "Net Income": -8
    },
    "2015-03-31": {
        "Diluted EPS": 1.31,
        "Total Revenue": 36,
        "Gross Profit": 30,
        "Operating Income": 20,
        "EBIT": 20,
        "Net Income": 20
    },
    "2014-12-31": {
        "Diluted EPS": -0.39,
        "Total Revenue": 6,
        "Gross Profit": 1,
        "Operating Income": -7,
        "EBIT": -7,
        "Net Income": -6
    },
    "2014-09-30": {
        "Diluted EPS": -0.65,
        "Total Revenue": 3,
        "Gross Profit": 1,
        "Operating Income": -9,
        "EBIT": -9,
        "Net Income": -9
    },
    "2014-06-30": {
        "Diluted EPS": -0.21,
        "Total Revenue": 6,
        "Gross Profit": 4,
        "Operating Income": -3,
        "EBIT": -3,
        "Net Income": -3
    },
    "2014-03-31": {
        "Diluted EPS": -0.36,
        "Total Revenue": 5,
        "Gross Profit": 2,
        "Operating Income": -4,
        "EBIT": -4,
        "Net Income": -3
    },
    "2013-12-31": {
        "Diluted EPS": -1.44,
        "Total Revenue": 5,
        "Gross Profit": 1,
        "Operating Income": -3,
        "EBIT": -4,
        "Net Income": -4
    },
    "2013-09-30": {
        "Diluted EPS": -0.21,
        "Total Revenue": 5,
        "Gross Profit": 5,
        "Operating Income": 5,
        "EBIT": 5,
        "Net Income": 0
    },
    "2013-06-30": {
        "Diluted EPS": -0.11,
        "Total Revenue": 5,
        "Gross Profit": 2,
        "Operating Income": 1,
        "EBIT": 2,
        "Net Income": 0
    },
    "2013-03-31": {
        "Diluted EPS": -1.84,
        "Total Revenue": 2,
        "Gross Profit": 1,
        "Operating Income": -4,
        "EBIT": -4,
        "Net Income": -6
    },
    "2012-09-30": {
        "Diluted EPS": 0.0,
        "Total Revenue": NaN,
        "Gross Profit": NaN,
        "Operating Income": NaN,
        "EBIT": NaN,
        "Net Income": NaN
    },
    "2023-06-30": {
        "Tax Effect Of Unusual Items": 0.0,
        "Tax Rate For Calcs": 0.21,
        "Normalized EBITDA": 16326000.0,
        "Net Income From Continuing Operation Net Minority Interest": 5164000.0,
        "Reconciled Depreciation": 5580000.0,
        "Reconciled Cost Of Revenue": 16858000.0,
        "EBITDA": 16326000.0,
        "EBIT": 10746000.0,
        "Net Interest Income": -1253000.0,
        "Interest Expense": 1448000.0,
        "Interest Income": 195000.0,
        "Normalized Income": 5164000.0,
        "Net Income From Continuing And Discontinued Operation": 5164000.0,
        "Total Expenses": 54342000.0,
        "Total Operating Income As Reported": 10304000.0,
        "Diluted Average Shares": 13154599.0,
        "Basic Average Shares": 13090852.0,
        "Diluted EPS": 0.39,
        "Basic EPS": 0.39,
        "Diluted NI Availto Com Stockholders": 5164000.0,
        "Net Income Common Stockholders": 5164000.0,
        "Net Income": 5164000.0,
        "Net Income Including Noncontrolling Interests": 5164000.0,
        "Net Income Continuous Operations": 5164000.0,
        "Tax Provision": 4134000.0,
        "Pretax Income": 9298000.0,
        "Other Income Expense": 247000.0,
        "Other Non Operating Income Expenses": 247000.0,
        "Net Non Operating Interest Income Expense": -1253000.0,
        "Interest Expense Non Operating": 1448000.0,
        "Interest Income Non Operating": 195000.0,
        "Operating Income": 10304000.0,
        "Operating Expense": 37484000.0,
        "Research And Development": 9833000.0,
        "Selling General And Administration": 27651000.0,
        "Gross Profit": 47788000.0,
        "Cost Of Revenue": 16858000.0,
        "Total Revenue": 64646000.0,
        "Operating Revenue": 64646000.0
    }
}