{
    "2023-03-31": {
        "Tax Effect Of Unusual Items": NaN,
        "Tax Rate For Calcs": NaN,
        "Normalized EBITDA": NaN,
        "Total Unusual Items": NaN,
        "Total Unusual Items Excluding Goodwill": NaN,
        "Net Income From Continuing Operation Net Minority Interest": NaN,
        "Reconciled Depreciation": NaN,
        "Reconciled Cost Of Revenue": NaN,
        "EBITDA": NaN,
        "EBIT": NaN,
        "Net Interest Income": NaN,
        "Interest Expense": NaN,
        "Normalized Income": NaN,
        "Net Income From Continuing And Discontinued Operation": NaN,
        "Total Expenses": NaN,
        "Total Operating Income As Reported": NaN,
        "Diluted Average Shares": NaN,
        "Basic Average Shares": NaN,
        "Diluted EPS": NaN,
        "Basic EPS": NaN,
        "Diluted NI Availto Com Stockholders": NaN,
        "Average Dilution Earnings": NaN,
        "Net Income Common Stockholders": NaN,
        "Otherunder Preferred Stock Dividend": NaN,
        "Net Income": NaN,
        "Net Income Including Noncontrolling Interests": NaN,
        "Net Income Discontinuous Operations": -13000.0,
        "Net Income Continuous Operations": NaN,
        "Tax Provision": NaN,
        "Pretax Income": NaN,
        "Other Income Expense": NaN,
        "Other Non Operating Income Expenses": NaN,
        "Special Income Charges": NaN,
        "Gain On Sale Of Ppe": NaN,
        "Write Off": NaN,
        "Restructuring And Mergern Acquisition": NaN,
        "Gain On Sale Of Security": NaN,
        "Net Non Operating Interest Income Expense": NaN,
        "Interest Expense Non Operating": NaN,
        "Operating Income": NaN,
        "Operating Expense": NaN,
        "Other Operating Expenses": NaN,
        "Provision For Doubtful Accounts": 935000.0,
        "Selling General And Administration": NaN,
        "Selling And Marketing Expense": 497000.0,
        "General And Administrative Expense": NaN,
        "Other Gand A": NaN,
        "Gross Profit": NaN,
        "Cost Of Revenue": NaN,
        "Total Revenue": NaN,
        "Operating Revenue": NaN
    },
    "2022-12-31": {
        "Tax Effect Of Unusual Items": NaN,
        "Tax Rate For Calcs": NaN,
        "Normalized EBITDA": NaN,
        "Total Unusual Items": NaN,
        "Total Unusual Items Excluding Goodwill": NaN,
        "Net Income From Continuing Operation Net Minority Interest": NaN,
        "Reconciled Depreciation": NaN,
        "Reconciled Cost Of Revenue": NaN,
        "EBITDA": NaN,
        "EBIT": NaN,
        "Net Interest Income": NaN,
        "Interest Expense": NaN,
        "Normalized Income": NaN,
        "Net Income From Continuing And Discontinued Operation": NaN,
        "Total Expenses": NaN,
        "Total Operating Income As Reported": NaN,
        "Diluted Average Shares": NaN,
        "Basic Average Shares": NaN,
        "Diluted EPS": NaN,
        "Basic EPS": NaN,
        "Diluted NI Availto Com Stockholders": NaN,
        "Average Dilution Earnings": NaN,
        "Net Income Common Stockholders": NaN,
        "Otherunder Preferred Stock Dividend": NaN,
        "Net Income": NaN,
        "Net Income Including Noncontrolling Interests": NaN,
        "Net Income Discontinuous Operations": -14000.0,
        "Net Income Continuous Operations": NaN,
        "Tax Provision": NaN,
        "Pretax Income": NaN,
        "Other Income Expense": NaN,
        "Other Non Operating Income Expenses": NaN,
        "Special Income Charges": NaN,
        "Gain On Sale Of Ppe": 0.0,
        "Write Off": 999000.0,
        "Restructuring And Mergern Acquisition": NaN,
        "Gain On Sale Of Security": NaN,
        "Net Non Operating Interest Income Expense": NaN,
        "Interest Expense Non Operating": NaN,
        "Operating Income": NaN,
        "Operating Expense": NaN,
        "Other Operating Expenses": NaN,
        "Provision For Doubtful Accounts": NaN,
        "Selling General And Administration": NaN,
        "Selling And Marketing Expense": NaN,
        "General And Administrative Expense": NaN,
        "Other Gand A": NaN,
        "Gross Profit": NaN,
        "Cost Of Revenue": NaN,
        "Total Revenue": NaN,
        "Operating Revenue": NaN
    },
    "2022-09-30": {
        "Tax Effect Of Unusual Items": NaN,
        "Tax Rate For Calcs": NaN,
        "Normalized EBITDA": NaN,
        "Total Unusual Items": NaN,
        "Total Unusual Items Excluding Goodwill": NaN,
        "Net Income From Continuing Operation Net Minority Interest": NaN,
        "Reconciled Depreciation": NaN,
        "Reconciled Cost Of Revenue": NaN,
        "EBITDA": NaN,
        "EBIT": NaN,
        "Net Interest Income": NaN,
        "Interest Expense": NaN,
        "Normalized Income": NaN,
        "Net Income From Continuing And Discontinued Operation": NaN,
        "Total Expenses": NaN,
        "Total Operating Income As Reported": NaN,
        "Diluted Average Shares": NaN,
        "Basic Average Shares": NaN,
        "Diluted EPS": NaN,
        "Basic EPS": NaN,
        "Diluted NI Availto Com Stockholders": NaN,
        "Average Dilution Earnings": NaN,
        "Net Income Common Stockholders": NaN,
        "Otherunder Preferred Stock Dividend": NaN,
        "Net Income": NaN,
        "Net Income Including Noncontrolling Interests": NaN,
        "Net Income Discontinuous Operations": NaN,
        "Net Income Continuous Operations": NaN,
        "Tax Provision": NaN,
        "Pretax Income": NaN,
        "Other Income Expense": NaN,
        "Other Non Operating Income Expenses": NaN,
        "Special Income Charges": NaN,
        "Gain On Sale Of Ppe": -8867000.0,
        "Write Off": 1020000.0,
        "Restructuring And Mergern Acquisition": NaN,
        "Gain On Sale Of Security": NaN,
        "Net Non Operating Interest Income Expense": NaN,
        "Interest Expense Non Operating": NaN,
        "Operating Income": NaN,
        "Operating Expense": NaN,
        "Other Operating Expenses": NaN,
        "Provision For Doubtful Accounts": 1020000.0,
        "Selling General And Administration": NaN,
        "Selling And Marketing Expense": NaN,
        "General And Administrative Expense": NaN,
        "Other Gand A": NaN,
        "Gross Profit": NaN,
        "Cost Of Revenue": NaN,
        "Total Revenue": NaN,
        "Operating Revenue": NaN
    },
    "2022-06-30": {
        "Tax Effect Of Unusual Items": -4045200.0,
        "Tax Rate For Calcs": 0.4,
        "Normalized EBITDA": 92022000.0,
        "Total Unusual Items": -10113000.0,
        "Total Unusual Items Excluding Goodwill": -10113000.0,
        "Net Income From Continuing Operation Net Minority Interest": 15124000.0,
        "Reconciled Depreciation": 8191000.0,
        "Reconciled Cost Of Revenue": 50195000.0,
        "EBITDA": 81909000.0,
        "EBIT": 73718000.0,
        "Net Interest Income": -118000.0,
        "Interest Expense": NaN,
        "Normalized Income": 21191800.0,
        "Net Income From Continuing And Discontinued Operation": 15104000.0,
        "Total Expenses": 53796000.0,
        "Total Operating Income As Reported": 73147000.0,
        "Diluted Average Shares": 59361000.0,
        "Basic Average Shares": 58925000.0,
        "Diluted EPS": 0.25,
        "Basic EPS": 0.25,
        "Diluted NI Availto Com Stockholders": 14876000.0,
        "Average Dilution Earnings": 1000.0,
        "Net Income Common Stockholders": 14875000.0,
        "Otherunder Preferred Stock Dividend": 229000.0,
        "Net Income": 15104000.0,
        "Net Income Including Noncontrolling Interests": 15104000.0,
        "Net Income Discontinuous Operations": -20000.0,
        "Net Income Continuous Operations": 15124000.0,
        "Tax Provision": 46252000.0,
        "Pretax Income": 61376000.0,
        "Other Income Expense": -12224000.0,
        "Other Non Operating Income Expenses": -2111000.0,
        "Special Income Charges": -571000.0,
        "Write Off": 571000.0,
        "Gain On Sale Of Security": -9542000.0,
        "Net Non Operating Interest Income Expense": -118000.0,
        "Total Other Finance Cost": 118000.0,
        "Interest Expense Non Operating": NaN,
        "Operating Income": 73718000.0,
        "Operating Expense": 3601000.0,
        "Other Operating Expenses": 67000.0,
        "Provision For Doubtful Accounts": NaN,
        "Selling General And Administration": 3534000.0,
        "Selling And Marketing Expense": NaN,
        "General And Administrative Expense": 3534000.0,
        "Other Gand A": 3534000.0,
        "Gross Profit": 77319000.0,
        "Cost Of Revenue": 50195000.0,
        "Total Revenue": 127514000.0,
        "Operating Revenue": 127514000.0
    },
    "2022-03-31": {
        "Diluted EPS": 0.2,
        "Total Revenue": 69,
        "Gross Profit": 69,
        "Operating Income": 40,
        "EBIT": 45,
        "Net Income": 12
    },
    "2021-12-31": {
        "Diluted EPS": 0.57,
        "Total Revenue": 56,
        "Gross Profit": 56,
        "Operating Income": 26,
        "EBIT": 30,
        "Net Income": 34
    },
    "2021-09-30": {
        "Diluted EPS": 0.53,
        "Total Revenue": 56,
        "Gross Profit": 56,
        "Operating Income": 20,
        "EBIT": 27,
        "Net Income": 32
    },
    "2021-06-30": {
        "Diluted EPS": 0.1,
        "Total Revenue": 47,
        "Gross Profit": 47,
        "Operating Income": 19,
        "EBIT": 25,
        "Net Income": 6
    },
    "2021-03-31": {
        "Diluted EPS": 0.17,
        "Total Revenue": 40,
        "Gross Profit": 40,
        "Operating Income": 14,
        "EBIT": 18,
        "Net Income": 10
    },
    "2020-12-31": {
        "Diluted EPS": -0.06,
        "Total Revenue": 13,
        "Gross Profit": 13,
        "Operating Income": -4,
        "EBIT": -3,
        "Net Income": -4
    },
    "2020-09-30": {
        "Diluted EPS": 0.13,
        "Total Revenue": 18,
        "Gross Profit": 18,
        "Operating Income": 5,
        "EBIT": 7,
        "Net Income": 8
    },
    "2020-06-30": {
        "Diluted EPS": 0.01,
        "Total Revenue": 18,
        "Gross Profit": 18,
        "Operating Income": -1,
        "EBIT": 2,
        "Net Income": 1
    },
    "2020-03-31": {
        "Diluted EPS": -0.91,
        "Total Revenue": 18,
        "Gross Profit": 18,
        "Operating Income": -27,
        "EBIT": -24,
        "Net Income": -53
    },
    "2019-12-31": {
        "Diluted EPS": 0.02,
        "Total Revenue": 22,
        "Gross Profit": 22,
        "Operating Income": 8,
        "EBIT": 10,
        "Net Income": 1
    },
    "2019-09-30": {
        "Diluted EPS": -0.07,
        "Total Revenue": 18,
        "Gross Profit": 18,
        "Operating Income": 2,
        "EBIT": 3,
        "Net Income": -4
    },
    "2019-06-30": {
        "Diluted EPS": -0.01,
        "Total Revenue": 25,
        "Gross Profit": 25,
        "Operating Income": 6,
        "EBIT": 8,
        "Net Income": -1
    },
    "2019-03-31": {
        "Diluted EPS": 0.1,
        "Total Revenue": 20,
        "Gross Profit": 20,
        "Operating Income": 6,
        "EBIT": 7,
        "Net Income": 7
    },
    "2018-12-31": {
        "Diluted EPS": 0.18,
        "Total Revenue": 28,
        "Gross Profit": 28,
        "Operating Income": 15,
        "EBIT": 18,
        "Net Income": 10
    },
    "2018-09-30": {
        "Diluted EPS": 1.28,
        "Total Revenue": 25,
        "Gross Profit": 25,
        "Operating Income": 17,
        "EBIT": 19,
        "Net Income": 79
    },
    "2018-06-30": {
        "Diluted EPS": 0.01,
        "Total Revenue": 24,
        "Gross Profit": 24,
        "Operating Income": 6,
        "EBIT": 7,
        "Net Income": 1
    },
    "2018-03-31": {
        "Diluted EPS": 0.15,
        "Total Revenue": 28,
        "Gross Profit": 28,
        "Operating Income": 13,
        "EBIT": 14,
        "Net Income": 9
    },
    "2017-12-31": {
        "Diluted EPS": 0.06,
        "Total Revenue": 17,
        "Gross Profit": 17,
        "Operating Income": 2,
        "EBIT": 3,
        "Net Income": 3
    },
    "2017-09-30": {
        "Diluted EPS": -0.01,
        "Total Revenue": 18,
        "Gross Profit": 18,
        "Operating Income": 4,
        "EBIT": 6,
        "Net Income": 0
    },
    "2017-06-30": {
        "Diluted EPS": 0.04,
        "Total Revenue": 20,
        "Gross Profit": 20,
        "Operating Income": 6,
        "EBIT": 8,
        "Net Income": 2
    },
    "2017-03-31": {
        "Diluted EPS": 0.07,
        "Total Revenue": 21,
        "Gross Profit": 21,
        "Operating Income": 8,
        "EBIT": 10,
        "Net Income": 4
    },
    "2016-12-31": {
        "Diluted EPS": -0.06,
        "Total Revenue": 15,
        "Gross Profit": 15,
        "Operating Income": 1,
        "EBIT": 2,
        "Net Income": -4
    },
    "2016-09-30": {
        "Diluted EPS": -0.25,
        "Total Revenue": 15,
        "Gross Profit": 15,
        "Operating Income": 4,
        "EBIT": 5,
        "Net Income": -15
    },
    "2016-06-30": {
        "Diluted EPS": -0.01,
        "Total Revenue": 19,
        "Gross Profit": 19,
        "Operating Income": 5,
        "EBIT": 8,
        "Net Income": -1
    },
    "2016-03-31": {
        "Diluted EPS": -0.13,
        "Total Revenue": 11,
        "Gross Profit": 11,
        "Operating Income": -14,
        "EBIT": -11,
        "Net Income": -8
    },
    "2015-12-31": {
        "Diluted EPS": -1.38,
        "Total Revenue": 18,
        "Gross Profit": 18,
        "Operating Income": -36,
        "EBIT": -27,
        "Net Income": -81
    },
    "2015-09-30": {
        "Diluted EPS": -0.58,
        "Total Revenue": 18,
        "Gross Profit": 18,
        "Operating Income": -31,
        "EBIT": -23,
        "Net Income": -34
    },
    "2015-06-30": {
        "Diluted EPS": -0.09,
        "Total Revenue": 27,
        "Gross Profit": 27,
        "Operating Income": -1,
        "EBIT": 8,
        "Net Income": -5
    },
    "2015-03-31": {
        "Diluted EPS": -0.67,
        "Total Revenue": 18,
        "Gross Profit": 18,
        "Operating Income": -35,
        "EBIT": -29,
        "Net Income": -39
    },
    "2014-12-31": {
        "Diluted EPS": -1.72,
        "Total Revenue": 23,
        "Gross Profit": 23,
        "Operating Income": -90,
        "EBIT": -86,
        "Net Income": -98
    },
    "2014-09-30": {
        "Diluted EPS": 0.05,
        "Total Revenue": 24,
        "Gross Profit": 24,
        "Operating Income": 7,
        "EBIT": 11,
        "Net Income": 3
    },
    "2014-06-30": {
        "Diluted EPS": 0.43,
        "Total Revenue": 52,
        "Gross Profit": 52,
        "Operating Income": 34,
        "EBIT": 41,
        "Net Income": 25
    },
    "2014-03-31": {
        "Diluted EPS": -0.12,
        "Total Revenue": 28,
        "Gross Profit": 28,
        "Operating Income": -1,
        "EBIT": 4,
        "Net Income": -7
    },
    "2013-12-31": {
        "Diluted EPS": 0.46,
        "Total Revenue": 58,
        "Gross Profit": 58,
        "Operating Income": 36,
        "EBIT": 42,
        "Net Income": 26
    },
    "2013-09-30": {
        "Diluted EPS": 0.04,
        "Total Revenue": 38,
        "Gross Profit": 38,
        "Operating Income": 8,
        "EBIT": 12,
        "Net Income": 2
    },
    "2013-06-30": {
        "Diluted EPS": 0.12,
        "Total Revenue": 29,
        "Gross Profit": 29,
        "Operating Income": 12,
        "EBIT": 15,
        "Net Income": 7
    },
    "2013-03-31": {
        "Diluted EPS": 0.12,
        "Total Revenue": 44,
        "Gross Profit": 44,
        "Operating Income": 22,
        "EBIT": 25,
        "Net Income": 7
    },
    "2012-12-31": {
        "Diluted EPS": -0.32,
        "Total Revenue": 54,
        "Gross Profit": 54,
        "Operating Income": 2,
        "EBIT": 5,
        "Net Income": -19
    },
    "2012-09-30": {
        "Diluted EPS": 0.0,
        "Total Revenue": 38,
        "Gross Profit": 38,
        "Operating Income": 16,
        "EBIT": 20,
        "Net Income": 0
    },
    "2012-06-30": {
        "Diluted EPS": 0.18,
        "Total Revenue": 59,
        "Gross Profit": 59,
        "Operating Income": 39,
        "EBIT": 45,
        "Net Income": 10
    },
    "2012-03-31": {
        "Diluted EPS": 0.15,
        "Total Revenue": 45,
        "Gross Profit": 45,
        "Operating Income": 30,
        "EBIT": 35,
        "Net Income": 9
    },
    "2011-12-31": {
        "Diluted EPS": 0.16,
        "Total Revenue": 68,
        "Gross Profit": 68,
        "Operating Income": 39,
        "EBIT": 47,
        "Net Income": 9
    },
    "2011-09-30": {
        "Diluted EPS": 0.04,
        "Total Revenue": 37,
        "Gross Profit": 37,
        "Operating Income": 20,
        "EBIT": 25,
        "Net Income": 2
    },
    "2011-06-30": {
        "Diluted EPS": 0.2,
        "Total Revenue": 59,
        "Gross Profit": 59,
        "Operating Income": 43,
        "EBIT": 49,
        "Net Income": 12
    },
    "2011-03-31": {
        "Diluted EPS": 0.19,
        "Total Revenue": 47,
        "Gross Profit": 47,
        "Operating Income": 31,
        "EBIT": 37,
        "Net Income": 11
    },
    "2010-12-31": {
        "Diluted EPS": 0.14,
        "Total Revenue": 38,
        "Gross Profit": 38,
        "Operating Income": 19,
        "EBIT": 26,
        "Net Income": 9
    },
    "2010-09-30": {
        "Diluted EPS": 0.22,
        "Total Revenue": 33,
        "Gross Profit": 33,
        "Operating Income": 22,
        "EBIT": 26,
        "Net Income": 12
    },
    "2010-06-30": {
        "Diluted EPS": 0.18,
        "Total Revenue": 34,
        "Gross Profit": 34,
        "Operating Income": 20,
        "EBIT": 25,
        "Net Income": 10
    },
    "2010-03-31": {
        "Diluted EPS": 0.11,
        "Total Revenue": 30,
        "Gross Profit": 30,
        "Operating Income": 18,
        "EBIT": 22,
        "Net Income": 6
    },
    "2009-12-31": {
        "Diluted EPS": 0.04,
        "Total Revenue": 33,
        "Gross Profit": 33,
        "Operating Income": 17,
        "EBIT": 22,
        "Net Income": 2
    },
    "2009-09-30": {
        "Diluted EPS": 0.07,
        "Total Revenue": 29,
        "Gross Profit": 29,
        "Operating Income": 20,
        "EBIT": 24,
        "Net Income": 4
    },
    "2009-06-30": {
        "Diluted EPS": -0.03,
        "Total Revenue": 32,
        "Gross Profit": 32,
        "Operating Income": 7,
        "EBIT": 12,
        "Net Income": -2
    },
    "2009-03-31": {
        "Diluted EPS": -0.22,
        "Total Revenue": 21,
        "Gross Profit": 21,
        "Operating Income": -10,
        "EBIT": -5,
        "Net Income": -13
    },
    "2023-06-30": {
        "Tax Effect Of Unusual Items": NaN,
        "Tax Rate For Calcs": NaN,
        "Normalized EBITDA": NaN,
        "Total Unusual Items": NaN,
        "Total Unusual Items Excluding Goodwill": NaN,
        "Net Income From Continuing Operation Net Minority Interest": NaN,
        "Reconciled Depreciation": NaN,
        "Reconciled Cost Of Revenue": NaN,
        "EBITDA": NaN,
        "EBIT": NaN,
        "Net Interest Income": NaN,
        "Interest Expense": NaN,
        "Normalized Income": NaN,
        "Net Income From Continuing And Discontinued Operation": NaN,
        "Total Expenses": NaN,
        "Total Operating Income As Reported": NaN,
        "Diluted Average Shares": NaN,
        "Basic Average Shares": NaN,
        "Diluted EPS": NaN,
        "Basic EPS": NaN,
        "Diluted NI Availto Com Stockholders": NaN,
        "Average Dilution Earnings": NaN,
        "Net Income Common Stockholders": NaN,
        "Otherunder Preferred Stock Dividend": NaN,
        "Net Income": NaN,
        "Net Income Including Noncontrolling Interests": NaN,
        "Net Income Discontinuous Operations": -2000.0,
        "Net Income Continuous Operations": NaN,
        "Tax Provision": NaN,
        "Pretax Income": NaN,
        "Other Income Expense": NaN,
        "Other Non Operating Income Expenses": NaN,
        "Special Income Charges": NaN,
        "Gain On Sale Of Ppe": NaN,
        "Write Off": 680000.0,
        "Restructuring And Mergern Acquisition": NaN,
        "Gain On Sale Of Security": NaN,
        "Net Non Operating Interest Income Expense": NaN,
        "Interest Expense Non Operating": NaN,
        "Operating Income": NaN,
        "Operating Expense": NaN,
        "Other Operating Expenses": NaN,
        "Provision For Doubtful Accounts": NaN,
        "Selling General And Administration": NaN,
        "General And Administrative Expense": NaN,
        "Other Gand A": NaN,
        "Gross Profit": NaN,
        "Cost Of Revenue": NaN,
        "Total Revenue": NaN,
        "Operating Revenue": NaN
    },
    "2023-09-30": {
        "Tax Effect Of Unusual Items": NaN,
        "Tax Rate For Calcs": NaN,
        "Normalized EBITDA": NaN,
        "Total Unusual Items": NaN,
        "Total Unusual Items Excluding Goodwill": NaN,
        "Net Income From Continuing Operation Net Minority Interest": NaN,
        "Reconciled Depreciation": NaN,
        "Reconciled Cost Of Revenue": NaN,
        "EBITDA": NaN,
        "EBIT": NaN,
        "Net Interest Income": NaN,
        "Interest Expense": NaN,
        "Normalized Income": NaN,
        "Net Income From Continuing And Discontinued Operation": NaN,
        "Total Expenses": NaN,
        "Total Operating Income As Reported": NaN,
        "Diluted Average Shares": NaN,
        "Basic Average Shares": NaN,
        "Diluted EPS": NaN,
        "Basic EPS": NaN,
        "Diluted NI Availto Com Stockholders": NaN,
        "Average Dilution Earnings": NaN,
        "Net Income Common Stockholders": NaN,
        "Otherunder Preferred Stock Dividend": NaN,
        "Net Income": NaN,
        "Net Income Including Noncontrolling Interests": NaN,
        "Net Income Discontinuous Operations": 0.0,
        "Net Income Continuous Operations": NaN,
        "Tax Provision": NaN,
        "Pretax Income": NaN,
        "Other Income Expense": NaN,
        "Other Non Operating Income Expenses": NaN,
        "Special Income Charges": NaN,
        "Gain On Sale Of Ppe": 0.0,
        "Write Off": NaN,
        "Restructuring And Mergern Acquisition": 0.0,
        "Gain On Sale Of Security": NaN,
        "Net Non Operating Interest Income Expense": NaN,
        "Interest Expense Non Operating": NaN,
        "Operating Income": NaN,
        "Operating Expense": NaN,
        "Other Operating Expenses": NaN,
        "Provision For Doubtful Accounts": 822000.0,
        "Selling General And Administration": NaN,
        "General And Administrative Expense": NaN,
        "Other Gand A": NaN,
        "Gross Profit": NaN,
        "Cost Of Revenue": NaN,
        "Total Revenue": NaN,
        "Operating Revenue": NaN
    },
    "2023-12-31": {
        "Tax Effect Of Unusual Items": NaN,
        "Tax Rate For Calcs": NaN,
        "Normalized EBITDA": NaN,
        "Total Unusual Items": NaN,
        "Total Unusual Items Excluding Goodwill": NaN,
        "Net Income From Continuing Operation Net Minority Interest": NaN,
        "Reconciled Depreciation": NaN,
        "Reconciled Cost Of Revenue": NaN,
        "EBITDA": NaN,
        "EBIT": NaN,
        "Net Interest Income": NaN,
        "Interest Expense": NaN,
        "Normalized Income": NaN,
        "Net Income From Continuing And Discontinued Operation": NaN,
        "Total Expenses": NaN,
        "Total Operating Income As Reported": NaN,
        "Diluted Average Shares": NaN,
        "Basic Average Shares": NaN,
        "Diluted EPS": NaN,
        "Basic EPS": NaN,
        "Diluted NI Availto Com Stockholders": NaN,
        "Average Dilution Earnings": NaN,
        "Net Income Common Stockholders": NaN,
        "Otherunder Preferred Stock Dividend": NaN,
        "Net Income": NaN,
        "Net Income Including Noncontrolling Interests": NaN,
        "Net Income Discontinuous Operations": 0.0,
        "Net Income Continuous Operations": NaN,
        "Tax Provision": NaN,
        "Pretax Income": NaN,
        "Other Income Expense": NaN,
        "Other Non Operating Income Expenses": NaN,
        "Special Income Charges": NaN,
        "Gain On Sale Of Ppe": -1837000.0,
        "Write Off": NaN,
        "Restructuring And Mergern Acquisition": NaN,
        "Gain On Sale Of Security": NaN,
        "Net Non Operating Interest Income Expense": NaN,
        "Interest Expense Non Operating": NaN,
        "Operating Income": NaN,
        "Operating Expense": NaN,
        "Other Operating Expenses": NaN,
        "Provision For Doubtful Accounts": NaN,
        "Selling General And Administration": NaN,
        "General And Administrative Expense": NaN,
        "Other Gand A": NaN,
        "Gross Profit": NaN,
        "Cost Of Revenue": NaN,
        "Total Revenue": NaN,
        "Operating Revenue": NaN
    },
    "2024-03-31": {
        "Tax Effect Of Unusual Items": NaN,
        "Tax Rate For Calcs": NaN,
        "Normalized EBITDA": NaN,
        "Total Unusual Items": NaN,
        "Total Unusual Items Excluding Goodwill": NaN,
        "Net Income From Continuing Operation Net Minority Interest": NaN,
        "Reconciled Depreciation": NaN,
        "Reconciled Cost Of Revenue": NaN,
        "EBITDA": NaN,
        "EBIT": NaN,
        "Net Interest Income": NaN,
        "Interest Expense": NaN,
        "Normalized Income": NaN,
        "Net Income From Continuing And Discontinued Operation": NaN,
        "Total Expenses": NaN,
        "Total Operating Income As Reported": NaN,
        "Diluted Average Shares": NaN,
        "Basic Average Shares": NaN,
        "Diluted EPS": NaN,
        "Basic EPS": NaN,
        "Diluted NI Availto Com Stockholders": NaN,
        "Average Dilution Earnings": NaN,
        "Net Income Common Stockholders": NaN,
        "Otherunder Preferred Stock Dividend": NaN,
        "Net Income": NaN,
        "Net Income Including Noncontrolling Interests": NaN,
        "Net Income Discontinuous Operations": NaN,
        "Net Income Continuous Operations": NaN,
        "Tax Provision": NaN,
        "Pretax Income": NaN,
        "Other Income Expense": NaN,
        "Other Non Operating Income Expenses": NaN,
        "Special Income Charges": -1313000.0,
        "Gain On Sale Of Ppe": NaN,
        "Write Off": NaN,
        "Restructuring And Mergern Acquisition": 1313000.0,
        "Gain On Sale Of Security": NaN,
        "Net Non Operating Interest Income Expense": NaN,
        "Interest Expense Non Operating": NaN,
        "Operating Income": NaN,
        "Operating Expense": NaN,
        "Other Operating Expenses": 214000.0,
        "Provision For Doubtful Accounts": 1812000.0,
        "Selling General And Administration": NaN,
        "General And Administrative Expense": NaN,
        "Other Gand A": NaN,
        "Gross Profit": NaN,
        "Cost Of Revenue": NaN,
        "Total Revenue": NaN,
        "Operating Revenue": NaN
    },
    "2024-06-30": {
        "Tax Effect Of Unusual Items": 4176340.097186,
        "Tax Rate For Calcs": 0.248385,
        "Normalized EBITDA": 54889000.0,
        "Total Unusual Items": 16814000.0,
        "Total Unusual Items Excluding Goodwill": 16814000.0,
        "Net Income From Continuing Operation Net Minority Interest": 28151000.0,
        "Reconciled Depreciation": 33132000.0,
        "Reconciled Cost Of Revenue": 125098000.0,
        "EBITDA": 71703000.0,
        "EBIT": 38571000.0,
        "Net Interest Income": -1117000.0,
        "Interest Expense": 1117000.0,
        "Normalized Income": 15513340.097186,
        "Net Income From Continuing And Discontinued Operation": 28151000.0,
        "Total Expenses": 132557000.0,
        "Total Operating Income As Reported": 20400000.0,
        "Diluted Average Shares": 103676000.0,
        "Basic Average Shares": 103528000.0,
        "Diluted EPS": 0.27,
        "Basic EPS": 0.27,
        "Diluted NI Availto Com Stockholders": 27844000.0,
        "Average Dilution Earnings": 0.0,
        "Net Income Common Stockholders": 27844000.0,
        "Otherunder Preferred Stock Dividend": 307000.0,
        "Net Income": 28151000.0,
        "Net Income Including Noncontrolling Interests": 28151000.0,
        "Net Income Discontinuous Operations": NaN,
        "Net Income Continuous Operations": 28151000.0,
        "Tax Provision": 9303000.0,
        "Pretax Income": 37454000.0,
        "Other Income Expense": 14830000.0,
        "Other Non Operating Income Expenses": -1984000.0,
        "Special Income Charges": 16557000.0,
        "Gain On Sale Of Ppe": 0.0,
        "Write Off": 3341000.0,
        "Restructuring And Mergern Acquisition": -19898000.0,
        "Gain On Sale Of Security": 257000.0,
        "Net Non Operating Interest Income Expense": -1117000.0,
        "Interest Expense Non Operating": 1117000.0,
        "Operating Income": 23741000.0,
        "Operating Expense": 7459000.0,
        "Other Operating Expenses": -132000.0,
        "Provision For Doubtful Accounts": NaN,
        "Selling General And Administration": 7591000.0,
        "General And Administrative Expense": 7591000.0,
        "Other Gand A": 7591000.0,
        "Gross Profit": 31200000.0,
        "Cost Of Revenue": 125098000.0,
        "Total Revenue": 156298000.0,
        "Operating Revenue": 156733000.0
    },
    "2024-09-30": {
        "Tax Effect Of Unusual Items": 44100.0,
        "Tax Rate For Calcs": 0.21,
        "Normalized EBITDA": 90973000.0,
        "Total Unusual Items": 210000.0,
        "Total Unusual Items Excluding Goodwill": 210000.0,
        "Net Income From Continuing Operation Net Minority Interest": 10990000.0,
        "Reconciled Depreciation": 47031000.0,
        "Reconciled Cost Of Revenue": 89355000.0,
        "EBITDA": 91183000.0,
        "EBIT": 44152000.0,
        "Net Interest Income": -588000.0,
        "Interest Expense": 588000.0,
        "Normalized Income": 10824100.0,
        "Net Income From Continuing And Discontinued Operation": 10990000.0,
        "Total Expenses": 96251000.0,
        "Total Operating Income As Reported": 44083000.0,
        "Diluted Average Shares": 103842000.0,
        "Basic Average Shares": 103743000.0,
        "Diluted EPS": 0.1,
        "Basic EPS": 0.1,
        "Diluted NI Availto Com Stockholders": 10845000.0,
        "Average Dilution Earnings": 0.0,
        "Net Income Common Stockholders": 10845000.0,
        "Otherunder Preferred Stock Dividend": 145000.0,
        "Net Income": 10990000.0,
        "Net Income Including Noncontrolling Interests": 10990000.0,
        "Net Income Discontinuous Operations": NaN,
        "Net Income Continuous Operations": 10990000.0,
        "Tax Provision": 32574000.0,
        "Pretax Income": 43564000.0,
        "Other Income Expense": 69000.0,
        "Other Non Operating Income Expenses": -141000.0,
        "Special Income Charges": 0.0,
        "Gain On Sale Of Ppe": 0.0,
        "Write Off": NaN,
        "Restructuring And Mergern Acquisition": 0.0,
        "Gain On Sale Of Security": 210000.0,
        "Net Non Operating Interest Income Expense": -588000.0,
        "Interest Expense Non Operating": 588000.0,
        "Operating Income": 44083000.0,
        "Operating Expense": 6896000.0,
        "Other Operating Expenses": -102000.0,
        "Provision For Doubtful Accounts": 69000.0,
        "Selling General And Administration": 6929000.0,
        "General And Administrative Expense": 6929000.0,
        "Other Gand A": 6929000.0,
        "Gross Profit": 50979000.0,
        "Cost Of Revenue": 89355000.0,
        "Total Revenue": 140334000.0,
        "Operating Revenue": 140334000.0
    },
    "2024-12-31": {
        "Tax Effect Of Unusual Items": -1413510.0,
        "Tax Rate For Calcs": 0.21,
        "Normalized EBITDA": 73725000.0,
        "Total Unusual Items": -6731000.0,
        "Total Unusual Items Excluding Goodwill": -6731000.0,
        "Net Income From Continuing Operation Net Minority Interest": 11663000.0,
        "Reconciled Depreciation": 37047000.0,
        "Reconciled Cost Of Revenue": 73688000.0,
        "EBITDA": 66994000.0,
        "EBIT": 29947000.0,
        "Net Interest Income": -1092000.0,
        "Interest Expense": 1092000.0,
        "Normalized Income": 16980490.0,
        "Net Income From Continuing And Discontinued Operation": 11663000.0,
        "Total Expenses": 83214000.0,
        "Total Operating Income As Reported": 38507000.0,
        "Diluted Average Shares": 103812000.0,
        "Basic Average Shares": 103743000.0,
        "Diluted EPS": 0.11,
        "Basic EPS": 0.11,
        "Diluted NI Availto Com Stockholders": 11440000.0,
        "Average Dilution Earnings": 0.0,
        "Net Income Common Stockholders": 11440000.0,
        "Otherunder Preferred Stock Dividend": 223000.0,
        "Net Income": 11663000.0,
        "Net Income Including Noncontrolling Interests": 11663000.0,
        "Net Income Discontinuous Operations": NaN,
        "Net Income Continuous Operations": 11663000.0,
        "Tax Provision": 17192000.0,
        "Pretax Income": 28855000.0,
        "Other Income Expense": -8560000.0,
        "Other Non Operating Income Expenses": -1829000.0,
        "Special Income Charges": -6366000.0,
        "Gain On Sale Of Ppe": 0.0,
        "Write Off": NaN,
        "Restructuring And Mergern Acquisition": 6366000.0,
        "Gain On Sale Of Security": -365000.0,
        "Net Non Operating Interest Income Expense": -1092000.0,
        "Interest Expense Non Operating": 1092000.0,
        "Operating Income": 38507000.0,
        "Operating Expense": 9526000.0,
        "Other Operating Expenses": -10000.0,
        "Provision For Doubtful Accounts": 1082000.0,
        "Selling General And Administration": 8454000.0,
        "General And Administrative Expense": 8454000.0,
        "Other Gand A": 8454000.0,
        "Gross Profit": 48033000.0,
        "Cost Of Revenue": 73688000.0,
        "Total Revenue": 121721000.0,
        "Operating Revenue": 121721000.0
    },
    "2025-03-31": {
        "Tax Effect Of Unusual Items": -15540.0,
        "Tax Rate For Calcs": 0.21,
        "Normalized EBITDA": 55487000.0,
        "Total Unusual Items": -74000.0,
        "Total Unusual Items Excluding Goodwill": -74000.0,
        "Net Income From Continuing Operation Net Minority Interest": 7730000.0,
        "Reconciled Depreciation": 30305000.0,
        "Reconciled Cost Of Revenue": 75111000.0,
        "EBITDA": 55413000.0,
        "EBIT": 25108000.0,
        "Net Interest Income": -1295000.0,
        "Interest Expense": 1295000.0,
        "Normalized Income": 7788460.0,
        "Net Income From Continuing And Discontinued Operation": 7730000.0,
        "Total Expenses": 84135000.0,
        "Total Operating Income As Reported": 26194000.0,
        "Diluted Average Shares": 103785000.0,
        "Basic Average Shares": 103758000.0,
        "Diluted EPS": 0.07,
        "Basic EPS": 0.07,
        "Diluted NI Availto Com Stockholders": 7632000.0,
        "Average Dilution Earnings": 0.0,
        "Net Income Common Stockholders": 7632000.0,
        "Otherunder Preferred Stock Dividend": 98000.0,
        "Net Income": 7730000.0,
        "Net Income Including Noncontrolling Interests": 7730000.0,
        "Net Income Discontinuous Operations": NaN,
        "Net Income Continuous Operations": 7730000.0,
        "Tax Provision": 16083000.0,
        "Pretax Income": 23813000.0,
        "Other Income Expense": -1086000.0,
        "Other Non Operating Income Expenses": -1012000.0,
        "Special Income Charges": NaN,
        "Gain On Sale Of Ppe": NaN,
        "Write Off": NaN,
        "Restructuring And Mergern Acquisition": NaN,
        "Gain On Sale Of Security": -74000.0,
        "Net Non Operating Interest Income Expense": -1295000.0,
        "Interest Expense Non Operating": 1295000.0,
        "Operating Income": 26194000.0,
        "Operating Expense": 9024000.0,
        "Other Operating Expenses": NaN,
        "Provision For Doubtful Accounts": -27000.0,
        "Selling General And Administration": 9051000.0,
        "General And Administrative Expense": 9051000.0,
        "Other Gand A": 9051000.0,
        "Gross Profit": 35218000.0,
        "Cost Of Revenue": 75111000.0,
        "Total Revenue": 110329000.0,
        "Operating Revenue": 110329000.0
    },
    "2025-06-30": {
        "Tax Effect Of Unusual Items": 77910.0,
        "Tax Rate For Calcs": 0.21,
        "Normalized EBITDA": 45837000.0,
        "Total Unusual Items": 371000.0,
        "Total Unusual Items Excluding Goodwill": 371000.0,
        "Net Income From Continuing Operation Net Minority Interest": 8380000.0,
        "Reconciled Depreciation": 28273000.0,
        "Reconciled Cost Of Revenue": 100546000.0,
        "EBITDA": 46208000.0,
        "EBIT": 17935000.0,
        "Net Interest Income": -2572000.0,
        "Interest Expense": 2572000.0,
        "Normalized Income": 8086910.0,
        "Net Income From Continuing And Discontinued Operation": 8380000.0,
        "Total Expenses": 111562000.0,
        "Total Operating Income As Reported": 17182000.0,
        "Diluted Average Shares": 103958000.0,
        "Basic Average Shares": 103936000.0,
        "Diluted EPS": 0.08,
        "Basic EPS": 0.08,
        "Diluted NI Availto Com Stockholders": 8280000.0,
        "Average Dilution Earnings": 0.0,
        "Net Income Common Stockholders": 8280000.0,
        "Otherunder Preferred Stock Dividend": 100000.0,
        "Net Income": 8380000.0,
        "Net Income Including Noncontrolling Interests": 8380000.0,
        "Net Income Discontinuous Operations": NaN,
        "Net Income Continuous Operations": 8380000.0,
        "Tax Provision": 6983000.0,
        "Pretax Income": 15363000.0,
        "Other Income Expense": 724000.0,
        "Other Non Operating Income Expenses": 353000.0,
        "Special Income Charges": -29000.0,
        "Gain On Sale Of Ppe": NaN,
        "Write Off": 29000.0,
        "Restructuring And Mergern Acquisition": 0.0,
        "Gain On Sale Of Security": 400000.0,
        "Net Non Operating Interest Income Expense": -2572000.0,
        "Interest Expense Non Operating": 2572000.0,
        "Operating Income": 17211000.0,
        "Operating Expense": 11016000.0,
        "Other Operating Expenses": 2520000.0,
        "Provision For Doubtful Accounts": NaN,
        "Selling General And Administration": 8496000.0,
        "General And Administrative Expense": 8496000.0,
        "Other Gand A": 8496000.0,
        "Gross Profit": 28227000.0,
        "Cost Of Revenue": 100546000.0,
        "Total Revenue": 128773000.0,
        "Operating Revenue": 129192000.0
    }
}