{
    "2023-03-31": {
        "Tax Effect Of Unusual Items": 0.0,
        "Tax Rate For Calcs": 0.319,
        "Normalized EBITDA": 22000000.0,
        "Total Unusual Items": NaN,
        "Total Unusual Items Excluding Goodwill": NaN,
        "Net Income From Continuing Operation Net Minority Interest": 2700000.0,
        "Reconciled Depreciation": 7800000.0,
        "Reconciled Cost Of Revenue": 132600000.0,
        "EBITDA": 22000000.0,
        "EBIT": 14200000.0,
        "Net Interest Income": -9500000.0,
        "Interest Expense": 9500000.0,
        "Normalized Income": 2700000.0,
        "Net Income From Continuing And Discontinued Operation": 2700000.0,
        "Total Expenses": 250900000.0,
        "Total Operating Income As Reported": 14200000.0,
        "Diluted Average Shares": 50100000.0,
        "Basic Average Shares": 49800000.0,
        "Diluted EPS": 0.05,
        "Basic EPS": 0.05,
        "Diluted NI Availto Com Stockholders": 2700000.0,
        "Net Income Common Stockholders": 2700000.0,
        "Net Income": 2700000.0,
        "Minority Interests": -500000.0,
        "Net Income Including Noncontrolling Interests": 3200000.0,
        "Net Income Continuous Operations": 3200000.0,
        "Tax Provision": 1500000.0,
        "Pretax Income": 4700000.0,
        "Other Income Expense": NaN,
        "Other Non Operating Income Expenses": NaN,
        "Special Income Charges": NaN,
        "Impairment Of Capital Assets": NaN,
        "Earnings From Equity Interest": NaN,
        "Net Non Operating Interest Income Expense": -9500000.0,
        "Interest Expense Non Operating": 9500000.0,
        "Operating Income": 14200000.0,
        "Operating Expense": 118300000.0,
        "Depreciation Amortization Depletion Income Statement": 7800000.0,
        "Depreciation And Amortization In Income Statement": 7800000.0,
        "Selling General And Administration": 110500000.0,
        "General And Administrative Expense": 110500000.0,
        "Other Gand A": 110500000.0,
        "Gross Profit": 132500000.0,
        "Cost Of Revenue": 132600000.0,
        "Total Revenue": 265100000.0,
        "Operating Revenue": 265100000.0
    },
    "2022-12-31": {
        "Tax Effect Of Unusual Items": NaN,
        "Tax Rate For Calcs": NaN,
        "Normalized EBITDA": NaN,
        "Total Unusual Items": NaN,
        "Total Unusual Items Excluding Goodwill": NaN,
        "Net Income From Continuing Operation Net Minority Interest": NaN,
        "Reconciled Depreciation": NaN,
        "Reconciled Cost Of Revenue": NaN,
        "EBITDA": NaN,
        "EBIT": NaN,
        "Net Interest Income": NaN,
        "Interest Expense": NaN,
        "Normalized Income": NaN,
        "Net Income From Continuing And Discontinued Operation": NaN,
        "Total Expenses": NaN,
        "Total Operating Income As Reported": NaN,
        "Diluted Average Shares": NaN,
        "Basic Average Shares": NaN,
        "Diluted EPS": NaN,
        "Basic EPS": NaN,
        "Diluted NI Availto Com Stockholders": NaN,
        "Net Income Common Stockholders": NaN,
        "Net Income": NaN,
        "Minority Interests": NaN,
        "Net Income Including Noncontrolling Interests": NaN,
        "Net Income Continuous Operations": NaN,
        "Tax Provision": NaN,
        "Pretax Income": NaN,
        "Other Income Expense": NaN,
        "Other Non Operating Income Expenses": NaN,
        "Special Income Charges": NaN,
        "Impairment Of Capital Assets": NaN,
        "Earnings From Equity Interest": 0.0,
        "Net Non Operating Interest Income Expense": NaN,
        "Interest Expense Non Operating": NaN,
        "Operating Income": NaN,
        "Operating Expense": NaN,
        "Depreciation Amortization Depletion Income Statement": NaN,
        "Depreciation And Amortization In Income Statement": NaN,
        "Selling General And Administration": NaN,
        "General And Administrative Expense": NaN,
        "Other Gand A": NaN,
        "Gross Profit": NaN,
        "Cost Of Revenue": NaN,
        "Total Revenue": NaN,
        "Operating Revenue": NaN
    },
    "2022-09-30": {
        "Tax Effect Of Unusual Items": NaN,
        "Tax Rate For Calcs": NaN,
        "Normalized EBITDA": NaN,
        "Total Unusual Items": 0.0,
        "Total Unusual Items Excluding Goodwill": 0.0,
        "Net Income From Continuing Operation Net Minority Interest": NaN,
        "Reconciled Depreciation": NaN,
        "Reconciled Cost Of Revenue": NaN,
        "EBITDA": NaN,
        "EBIT": NaN,
        "Net Interest Income": NaN,
        "Interest Expense": NaN,
        "Normalized Income": NaN,
        "Net Income From Continuing And Discontinued Operation": NaN,
        "Total Expenses": NaN,
        "Total Operating Income As Reported": NaN,
        "Diluted Average Shares": NaN,
        "Basic Average Shares": NaN,
        "Diluted EPS": NaN,
        "Basic EPS": NaN,
        "Diluted NI Availto Com Stockholders": NaN,
        "Net Income Common Stockholders": NaN,
        "Net Income": NaN,
        "Minority Interests": NaN,
        "Net Income Including Noncontrolling Interests": NaN,
        "Net Income Continuous Operations": NaN,
        "Tax Provision": NaN,
        "Pretax Income": NaN,
        "Other Income Expense": NaN,
        "Other Non Operating Income Expenses": NaN,
        "Special Income Charges": 0.0,
        "Impairment Of Capital Assets": 0.0,
        "Earnings From Equity Interest": 0.0,
        "Net Non Operating Interest Income Expense": NaN,
        "Interest Expense Non Operating": NaN,
        "Operating Income": NaN,
        "Operating Expense": NaN,
        "Depreciation Amortization Depletion Income Statement": NaN,
        "Depreciation And Amortization In Income Statement": NaN,
        "Selling General And Administration": NaN,
        "General And Administrative Expense": NaN,
        "Other Gand A": NaN,
        "Gross Profit": NaN,
        "Cost Of Revenue": NaN,
        "Total Revenue": NaN,
        "Operating Revenue": NaN
    },
    "2022-06-30": {
        "Tax Effect Of Unusual Items": 0.0,
        "Tax Rate For Calcs": 0.235294,
        "Normalized EBITDA": 35500000.0,
        "Total Unusual Items": NaN,
        "Total Unusual Items Excluding Goodwill": NaN,
        "Net Income From Continuing Operation Net Minority Interest": 20100000.0,
        "Reconciled Depreciation": 8200000.0,
        "Reconciled Cost Of Revenue": 130300000.0,
        "EBITDA": 35500000.0,
        "EBIT": 27300000.0,
        "Net Interest Income": -100000.0,
        "Interest Expense": 100000.0,
        "Normalized Income": 20100000.0,
        "Net Income From Continuing And Discontinued Operation": 20100000.0,
        "Total Expenses": 240700000.0,
        "Total Operating Income As Reported": 27300000.0,
        "Diluted Average Shares": 49600000.0,
        "Basic Average Shares": 49600000.0,
        "Diluted EPS": 0.41,
        "Basic EPS": 0.41,
        "Diluted NI Availto Com Stockholders": 20100000.0,
        "Net Income Common Stockholders": 20100000.0,
        "Net Income": 20100000.0,
        "Minority Interests": -700000.0,
        "Net Income Including Noncontrolling Interests": 20800000.0,
        "Net Income Continuous Operations": 20800000.0,
        "Tax Provision": 6400000.0,
        "Pretax Income": 27200000.0,
        "Other Income Expense": NaN,
        "Other Non Operating Income Expenses": NaN,
        "Special Income Charges": NaN,
        "Impairment Of Capital Assets": NaN,
        "Earnings From Equity Interest": 0.0,
        "Net Non Operating Interest Income Expense": -100000.0,
        "Interest Expense Non Operating": 100000.0,
        "Operating Income": 27300000.0,
        "Operating Expense": 110400000.0,
        "Depreciation Amortization Depletion Income Statement": 8200000.0,
        "Depreciation And Amortization In Income Statement": 8200000.0,
        "Selling General And Administration": 102200000.0,
        "General And Administrative Expense": 102200000.0,
        "Other Gand A": 102200000.0,
        "Gross Profit": 137700000.0,
        "Cost Of Revenue": 130300000.0,
        "Total Revenue": 268000000.0,
        "Operating Revenue": 268000000.0
    },
    "2022-03-31": {
        "Diluted EPS": 0.53,
        "Total Revenue": 274,
        "Gross Profit": 145,
        "Operating Income": 35,
        "EBIT": 44,
        "Net Income": 26
    },
    "2021-12-31": {
        "Diluted EPS": -2.75,
        "Total Revenue": 276,
        "Gross Profit": 148,
        "Operating Income": 36,
        "EBIT": 45,
        "Net Income": 29
    },
    "2021-09-30": {
        "Diluted EPS": 0.44,
        "Total Revenue": 274,
        "Gross Profit": 143,
        "Operating Income": 29,
        "EBIT": 39,
        "Net Income": 22
    },
    "2021-06-30": {
        "Diluted EPS": 0.65,
        "Total Revenue": 286,
        "Gross Profit": 157,
        "Operating Income": 41,
        "EBIT": 51,
        "Net Income": 32
    },
    "2021-03-31": {
        "Diluted EPS": 3.9,
        "Total Revenue": 271,
        "Gross Profit": 146,
        "Operating Income": 37,
        "EBIT": 46,
        "Net Income": 28
    },
    "2020-12-31": {
        "Diluted EPS": 0.0,
        "Total Revenue": NaN,
        "Gross Profit": NaN,
        "Operating Income": NaN,
        "EBIT": NaN,
        "Net Income": NaN
    },
    "2019-12-31": {
        "Diluted EPS": 0.0,
        "Total Revenue": NaN,
        "Gross Profit": NaN,
        "Operating Income": NaN,
        "EBIT": NaN,
        "Net Income": NaN
    },
    "2023-06-30": {
        "Tax Effect Of Unusual Items": NaN,
        "Tax Rate For Calcs": NaN,
        "Normalized EBITDA": NaN,
        "Total Unusual Items": NaN,
        "Total Unusual Items Excluding Goodwill": NaN,
        "Net Income From Continuing Operation Net Minority Interest": NaN,
        "Reconciled Depreciation": NaN,
        "Reconciled Cost Of Revenue": NaN,
        "EBITDA": NaN,
        "EBIT": NaN,
        "Net Interest Income": NaN,
        "Interest Expense": NaN,
        "Normalized Income": NaN,
        "Net Income From Continuing And Discontinued Operation": NaN,
        "Total Expenses": NaN,
        "Total Operating Income As Reported": NaN,
        "Diluted Average Shares": NaN,
        "Basic Average Shares": NaN,
        "Diluted EPS": NaN,
        "Basic EPS": NaN,
        "Diluted NI Availto Com Stockholders": NaN,
        "Net Income Common Stockholders": NaN,
        "Net Income": NaN,
        "Minority Interests": NaN,
        "Net Income Including Noncontrolling Interests": NaN,
        "Net Income Continuous Operations": NaN,
        "Tax Provision": NaN,
        "Pretax Income": NaN,
        "Other Income Expense": -85700000.0,
        "Other Non Operating Income Expenses": 100000.0,
        "Special Income Charges": NaN,
        "Impairment Of Capital Assets": NaN,
        "Net Non Operating Interest Income Expense": NaN,
        "Interest Expense Non Operating": NaN,
        "Operating Income": NaN,
        "Operating Expense": NaN,
        "Depreciation Amortization Depletion Income Statement": NaN,
        "Depreciation And Amortization In Income Statement": NaN,
        "Selling General And Administration": NaN,
        "General And Administrative Expense": NaN,
        "Other Gand A": NaN,
        "Gross Profit": NaN,
        "Cost Of Revenue": NaN,
        "Total Revenue": NaN,
        "Operating Revenue": NaN
    },
    "2023-09-30": {
        "Tax Effect Of Unusual Items": NaN,
        "Tax Rate For Calcs": NaN,
        "Normalized EBITDA": NaN,
        "Total Unusual Items": 0.0,
        "Total Unusual Items Excluding Goodwill": 0.0,
        "Net Income From Continuing Operation Net Minority Interest": NaN,
        "Reconciled Depreciation": NaN,
        "Reconciled Cost Of Revenue": NaN,
        "EBITDA": NaN,
        "EBIT": NaN,
        "Net Interest Income": NaN,
        "Interest Expense": NaN,
        "Normalized Income": NaN,
        "Net Income From Continuing And Discontinued Operation": NaN,
        "Total Expenses": NaN,
        "Total Operating Income As Reported": NaN,
        "Diluted Average Shares": NaN,
        "Basic Average Shares": NaN,
        "Diluted EPS": NaN,
        "Basic EPS": NaN,
        "Diluted NI Availto Com Stockholders": NaN,
        "Net Income Common Stockholders": NaN,
        "Net Income": NaN,
        "Minority Interests": NaN,
        "Net Income Including Noncontrolling Interests": NaN,
        "Net Income Continuous Operations": NaN,
        "Tax Provision": NaN,
        "Pretax Income": NaN,
        "Other Income Expense": 100000.0,
        "Other Non Operating Income Expenses": 100000.0,
        "Special Income Charges": 0.0,
        "Impairment Of Capital Assets": 0.0,
        "Net Non Operating Interest Income Expense": NaN,
        "Interest Expense Non Operating": NaN,
        "Operating Income": NaN,
        "Operating Expense": NaN,
        "Depreciation Amortization Depletion Income Statement": NaN,
        "Depreciation And Amortization In Income Statement": NaN,
        "Selling General And Administration": NaN,
        "General And Administrative Expense": NaN,
        "Other Gand A": NaN,
        "Gross Profit": NaN,
        "Cost Of Revenue": NaN,
        "Total Revenue": NaN,
        "Operating Revenue": NaN
    },
    "2023-12-31": {
        "Tax Effect Of Unusual Items": NaN,
        "Tax Rate For Calcs": NaN,
        "Normalized EBITDA": NaN,
        "Total Unusual Items": 0.0,
        "Total Unusual Items Excluding Goodwill": 0.0,
        "Net Income From Continuing Operation Net Minority Interest": NaN,
        "Reconciled Depreciation": NaN,
        "Reconciled Cost Of Revenue": NaN,
        "EBITDA": NaN,
        "EBIT": NaN,
        "Net Interest Income": NaN,
        "Interest Expense": NaN,
        "Normalized Income": NaN,
        "Net Income From Continuing And Discontinued Operation": NaN,
        "Total Expenses": NaN,
        "Total Operating Income As Reported": NaN,
        "Diluted Average Shares": NaN,
        "Basic Average Shares": NaN,
        "Diluted EPS": NaN,
        "Basic EPS": NaN,
        "Diluted NI Availto Com Stockholders": NaN,
        "Net Income Common Stockholders": NaN,
        "Net Income": NaN,
        "Minority Interests": NaN,
        "Net Income Including Noncontrolling Interests": NaN,
        "Net Income Continuous Operations": NaN,
        "Tax Provision": NaN,
        "Pretax Income": NaN,
        "Other Income Expense": 0.0,
        "Other Non Operating Income Expenses": 0.0,
        "Special Income Charges": 0.0,
        "Impairment Of Capital Assets": 0.0,
        "Net Non Operating Interest Income Expense": NaN,
        "Interest Expense Non Operating": NaN,
        "Operating Income": NaN,
        "Operating Expense": NaN,
        "Depreciation Amortization Depletion Income Statement": NaN,
        "Depreciation And Amortization In Income Statement": NaN,
        "Selling General And Administration": NaN,
        "General And Administrative Expense": NaN,
        "Other Gand A": NaN,
        "Gross Profit": NaN,
        "Cost Of Revenue": NaN,
        "Total Revenue": NaN,
        "Operating Revenue": NaN
    },
    "2024-03-31": {
        "Tax Effect Of Unusual Items": 0.0,
        "Tax Rate For Calcs": 0.21,
        "Normalized EBITDA": 20700000.0,
        "Total Unusual Items": NaN,
        "Total Unusual Items Excluding Goodwill": NaN,
        "Net Income From Continuing Operation Net Minority Interest": 200000.0,
        "Reconciled Depreciation": 7800000.0,
        "Reconciled Cost Of Revenue": 134200000.0,
        "EBITDA": 20700000.0,
        "EBIT": 12900000.0,
        "Net Interest Income": -11100000.0,
        "Interest Expense": 11100000.0,
        "Normalized Income": 200000.0,
        "Net Income From Continuing And Discontinued Operation": 200000.0,
        "Total Expenses": 249500000.0,
        "Total Operating Income As Reported": 12900000.0,
        "Diluted Average Shares": 50400000.0,
        "Basic Average Shares": 50100000.0,
        "Diluted EPS": 0.01,
        "Basic EPS": 0.01,
        "Diluted NI Availto Com Stockholders": 200000.0,
        "Net Income Common Stockholders": 200000.0,
        "Net Income": 200000.0,
        "Minority Interests": -700000.0,
        "Net Income Including Noncontrolling Interests": 900000.0,
        "Net Income Continuous Operations": 900000.0,
        "Tax Provision": 900000.0,
        "Pretax Income": 1800000.0,
        "Other Income Expense": NaN,
        "Other Non Operating Income Expenses": NaN,
        "Special Income Charges": NaN,
        "Impairment Of Capital Assets": NaN,
        "Net Non Operating Interest Income Expense": -11100000.0,
        "Interest Expense Non Operating": 11100000.0,
        "Operating Income": 12900000.0,
        "Operating Expense": 115300000.0,
        "Depreciation Amortization Depletion Income Statement": 7800000.0,
        "Depreciation And Amortization In Income Statement": 7800000.0,
        "Selling General And Administration": 107500000.0,
        "General And Administrative Expense": 107500000.0,
        "Other Gand A": 107500000.0,
        "Gross Profit": 128200000.0,
        "Cost Of Revenue": 134200000.0,
        "Total Revenue": 262400000.0,
        "Operating Revenue": 262400000.0
    },
    "2024-06-30": {
        "Tax Effect Of Unusual Items": 0.0,
        "Tax Rate For Calcs": 0.21,
        "Normalized EBITDA": 18800000.0,
        "Total Unusual Items": 0.0,
        "Total Unusual Items Excluding Goodwill": 0.0,
        "Net Income From Continuing Operation Net Minority Interest": -200000.0,
        "Reconciled Depreciation": 7600000.0,
        "Reconciled Cost Of Revenue": 131800000.0,
        "EBITDA": 18800000.0,
        "EBIT": 11200000.0,
        "Net Interest Income": -10900000.0,
        "Interest Expense": 10900000.0,
        "Normalized Income": -200000.0,
        "Net Income From Continuing And Discontinued Operation": -200000.0,
        "Total Expenses": 249400000.0,
        "Total Operating Income As Reported": 11200000.0,
        "Diluted Average Shares": 50100000.0,
        "Basic Average Shares": 50100000.0,
        "Diluted EPS": 0.0,
        "Basic EPS": 0.0,
        "Diluted NI Availto Com Stockholders": -200000.0,
        "Net Income Common Stockholders": -200000.0,
        "Net Income": -200000.0,
        "Minority Interests": -600000.0,
        "Net Income Including Noncontrolling Interests": 400000.0,
        "Net Income Continuous Operations": 400000.0,
        "Tax Provision": -100000.0,
        "Pretax Income": 300000.0,
        "Other Income Expense": NaN,
        "Other Non Operating Income Expenses": NaN,
        "Special Income Charges": 0.0,
        "Impairment Of Capital Assets": 0.0,
        "Net Non Operating Interest Income Expense": -10900000.0,
        "Interest Expense Non Operating": 10900000.0,
        "Operating Income": 11200000.0,
        "Operating Expense": 117600000.0,
        "Depreciation Amortization Depletion Income Statement": 7600000.0,
        "Depreciation And Amortization In Income Statement": 7600000.0,
        "Selling General And Administration": 110000000.0,
        "General And Administrative Expense": 110000000.0,
        "Other Gand A": 110000000.0,
        "Gross Profit": 128800000.0,
        "Cost Of Revenue": 131800000.0,
        "Total Revenue": 260600000.0,
        "Operating Revenue": 260600000.0
    },
    "2024-09-30": {
        "Tax Effect Of Unusual Items": -22659000.0,
        "Tax Rate For Calcs": 0.21,
        "Normalized EBITDA": 18100000.0,
        "Total Unusual Items": -107900000.0,
        "Total Unusual Items Excluding Goodwill": -107900000.0,
        "Net Income From Continuing Operation Net Minority Interest": -110200000.0,
        "Reconciled Depreciation": 8200000.0,
        "Reconciled Cost Of Revenue": 131700000.0,
        "EBITDA": -89800000.0,
        "EBIT": -98000000.0,
        "Net Interest Income": -10800000.0,
        "Interest Expense": 10800000.0,
        "Normalized Income": -24959000.0,
        "Net Income From Continuing And Discontinued Operation": -110200000.0,
        "Total Expenses": 243700000.0,
        "Total Operating Income As Reported": -98000000.0,
        "Diluted Average Shares": 50200000.0,
        "Basic Average Shares": 50200000.0,
        "Diluted EPS": -2.2,
        "Basic EPS": -2.2,
        "Diluted NI Availto Com Stockholders": -110200000.0,
        "Net Income Common Stockholders": -110200000.0,
        "Net Income": -110200000.0,
        "Minority Interests": -700000.0,
        "Net Income Including Noncontrolling Interests": -109500000.0,
        "Net Income Continuous Operations": -109500000.0,
        "Tax Provision": 700000.0,
        "Pretax Income": -108800000.0,
        "Other Income Expense": -107900000.0,
        "Other Non Operating Income Expenses": NaN,
        "Special Income Charges": -107900000.0,
        "Impairment Of Capital Assets": 107900000.0,
        "Net Non Operating Interest Income Expense": -10800000.0,
        "Interest Expense Non Operating": 10800000.0,
        "Operating Income": 9900000.0,
        "Operating Expense": 112000000.0,
        "Depreciation Amortization Depletion Income Statement": 8200000.0,
        "Depreciation And Amortization In Income Statement": 8200000.0,
        "Selling General And Administration": 103800000.0,
        "General And Administrative Expense": 103800000.0,
        "Other Gand A": 103800000.0,
        "Gross Profit": 121900000.0,
        "Cost Of Revenue": 131700000.0,
        "Total Revenue": 253600000.0,
        "Operating Revenue": 253600000.0
    },
    "2024-12-31": {
        "Tax Effect Of Unusual Items": -5768031.189084,
        "Tax Rate For Calcs": 0.107212,
        "Normalized EBITDA": 20500000.0,
        "Total Unusual Items": -53800000.0,
        "Total Unusual Items Excluding Goodwill": -53800000.0,
        "Net Income From Continuing Operation Net Minority Interest": -46000000.0,
        "Reconciled Depreciation": 7900000.0,
        "Reconciled Cost Of Revenue": 133100000.0,
        "EBITDA": -33300000.0,
        "EBIT": -41200000.0,
        "Net Interest Income": -10100000.0,
        "Interest Expense": 10100000.0,
        "Normalized Income": 2031968.810916,
        "Net Income From Continuing And Discontinued Operation": -46000000.0,
        "Total Expenses": 245600000.0,
        "Total Operating Income As Reported": -41200000.0,
        "Diluted Average Shares": 50200000.0,
        "Basic Average Shares": 50200000.0,
        "Diluted EPS": -0.92,
        "Basic EPS": -0.92,
        "Diluted NI Availto Com Stockholders": -46000000.0,
        "Net Income Common Stockholders": -46000000.0,
        "Net Income": -46000000.0,
        "Minority Interests": -200000.0,
        "Net Income Including Noncontrolling Interests": -45800000.0,
        "Net Income Continuous Operations": -45800000.0,
        "Tax Provision": -5500000.0,
        "Pretax Income": -51300000.0,
        "Other Income Expense": -53800000.0,
        "Other Non Operating Income Expenses": NaN,
        "Special Income Charges": -53800000.0,
        "Impairment Of Capital Assets": 53800000.0,
        "Net Non Operating Interest Income Expense": -10100000.0,
        "Interest Expense Non Operating": 10100000.0,
        "Operating Income": 12600000.0,
        "Operating Expense": 112500000.0,
        "Depreciation Amortization Depletion Income Statement": 7900000.0,
        "Depreciation And Amortization In Income Statement": 7900000.0,
        "Selling General And Administration": 104600000.0,
        "General And Administrative Expense": 104600000.0,
        "Other Gand A": 104600000.0,
        "Gross Profit": 125100000.0,
        "Cost Of Revenue": 133100000.0,
        "Total Revenue": 258200000.0,
        "Operating Revenue": 258200000.0
    },
    "2025-03-31": {
        "Tax Effect Of Unusual Items": 0.0,
        "Tax Rate For Calcs": 0.287,
        "Normalized EBITDA": 41500000.0,
        "Total Unusual Items": NaN,
        "Total Unusual Items Excluding Goodwill": NaN,
        "Net Income From Continuing Operation Net Minority Interest": 17800000.0,
        "Reconciled Depreciation": 6300000.0,
        "Reconciled Cost Of Revenue": 130200000.0,
        "EBITDA": 41500000.0,
        "EBIT": 35200000.0,
        "Net Interest Income": -9400000.0,
        "Interest Expense": 9400000.0,
        "Normalized Income": 17800000.0,
        "Net Income From Continuing And Discontinued Operation": 17800000.0,
        "Total Expenses": 244000000.0,
        "Total Operating Income As Reported": 15900000.0,
        "Diluted Average Shares": 50800000.0,
        "Basic Average Shares": 50500000.0,
        "Diluted EPS": 0.35,
        "Basic EPS": 0.35,
        "Diluted NI Availto Com Stockholders": 17800000.0,
        "Net Income Common Stockholders": 17800000.0,
        "Net Income": 17800000.0,
        "Minority Interests": -600000.0,
        "Net Income Including Noncontrolling Interests": 18400000.0,
        "Net Income Continuous Operations": 18400000.0,
        "Tax Provision": 7400000.0,
        "Pretax Income": 25800000.0,
        "Other Income Expense": 19300000.0,
        "Other Non Operating Income Expenses": 19300000.0,
        "Special Income Charges": NaN,
        "Impairment Of Capital Assets": NaN,
        "Net Non Operating Interest Income Expense": -9400000.0,
        "Interest Expense Non Operating": 9400000.0,
        "Operating Income": 15900000.0,
        "Operating Expense": 113800000.0,
        "Depreciation Amortization Depletion Income Statement": 6300000.0,
        "Depreciation And Amortization In Income Statement": 6300000.0,
        "Selling General And Administration": 107500000.0,
        "General And Administrative Expense": 107500000.0,
        "Other Gand A": 107500000.0,
        "Gross Profit": 129700000.0,
        "Cost Of Revenue": 130200000.0,
        "Total Revenue": 259900000.0,
        "Operating Revenue": 259900000.0
    },
    "2025-06-30": {
        "Tax Effect Of Unusual Items": 0.0,
        "Tax Rate For Calcs": 0.2875,
        "Normalized EBITDA": 22400000.0,
        "Total Unusual Items": NaN,
        "Total Unusual Items Excluding Goodwill": NaN,
        "Net Income From Continuing Operation Net Minority Interest": 5200000.0,
        "Reconciled Depreciation": 5700000.0,
        "Reconciled Cost Of Revenue": 135500000.0,
        "EBITDA": 22400000.0,
        "EBIT": 16700000.0,
        "Net Interest Income": -8700000.0,
        "Interest Expense": 8700000.0,
        "Normalized Income": 5200000.0,
        "Net Income From Continuing And Discontinued Operation": 5200000.0,
        "Total Expenses": 249400000.0,
        "Total Operating Income As Reported": 16700000.0,
        "Diluted Average Shares": 51400000.0,
        "Basic Average Shares": 50600000.0,
        "Diluted EPS": 0.1,
        "Basic EPS": 0.1,
        "Diluted NI Availto Com Stockholders": 5200000.0,
        "Net Income Common Stockholders": 5200000.0,
        "Net Income": 5200000.0,
        "Minority Interests": -500000.0,
        "Net Income Including Noncontrolling Interests": 5700000.0,
        "Net Income Continuous Operations": 5700000.0,
        "Tax Provision": 2300000.0,
        "Pretax Income": 8000000.0,
        "Other Income Expense": NaN,
        "Other Non Operating Income Expenses": NaN,
        "Special Income Charges": NaN,
        "Impairment Of Capital Assets": NaN,
        "Net Non Operating Interest Income Expense": -8700000.0,
        "Interest Expense Non Operating": 8700000.0,
        "Operating Income": 16700000.0,
        "Operating Expense": 113900000.0,
        "Depreciation Amortization Depletion Income Statement": 5700000.0,
        "Depreciation And Amortization In Income Statement": 5700000.0,
        "Selling General And Administration": 108200000.0,
        "General And Administrative Expense": 108200000.0,
        "Other Gand A": 108200000.0,
        "Gross Profit": 130600000.0,
        "Cost Of Revenue": 135500000.0,
        "Total Revenue": 266100000.0,
        "Operating Revenue": 266100000.0
    }
}