{
    "2023-03-31": {
        "Tax Effect Of Unusual Items": NaN,
        "Tax Rate For Calcs": NaN,
        "Normalized EBITDA": NaN,
        "Total Unusual Items": 0.0,
        "Total Unusual Items Excluding Goodwill": 0.0,
        "Net Income From Continuing Operation Net Minority Interest": NaN,
        "Reconciled Depreciation": NaN,
        "Reconciled Cost Of Revenue": NaN,
        "EBITDA": NaN,
        "EBIT": NaN,
        "Net Interest Income": NaN,
        "Interest Expense": NaN,
        "Normalized Income": NaN,
        "Net Income From Continuing And Discontinued Operation": NaN,
        "Total Expenses": NaN,
        "Rent Expense Supplemental": NaN,
        "Diluted Average Shares": NaN,
        "Basic Average Shares": NaN,
        "Diluted EPS": NaN,
        "Basic EPS": NaN,
        "Diluted NI Availto Com Stockholders": NaN,
        "Average Dilution Earnings": NaN,
        "Net Income Common Stockholders": NaN,
        "Otherunder Preferred Stock Dividend": NaN,
        "Net Income": NaN,
        "Minority Interests": NaN,
        "Net Income Including Noncontrolling Interests": NaN,
        "Net Income Discontinuous Operations": NaN,
        "Net Income Continuous Operations": NaN,
        "Tax Provision": NaN,
        "Pretax Income": NaN,
        "Other Income Expense": NaN,
        "Other Non Operating Income Expenses": NaN,
        "Special Income Charges": 0.0,
        "Other Special Charges": NaN,
        "Earnings From Equity Interest": NaN,
        "Net Non Operating Interest Income Expense": NaN,
        "Interest Expense Non Operating": NaN,
        "Operating Income": NaN,
        "Operating Expense": NaN,
        "Other Operating Expenses": NaN,
        "Depreciation Amortization Depletion Income Statement": NaN,
        "Depreciation And Amortization In Income Statement": NaN,
        "Selling General And Administration": NaN,
        "General And Administrative Expense": NaN,
        "Other Gand A": NaN,
        "Rent And Landing Fees": NaN,
        "Salaries And Wages": NaN,
        "Gross Profit": NaN,
        "Cost Of Revenue": NaN,
        "Total Revenue": NaN,
        "Operating Revenue": NaN
    },
    "2022-12-31": {
        "Tax Effect Of Unusual Items": NaN,
        "Tax Rate For Calcs": NaN,
        "Normalized EBITDA": NaN,
        "Total Unusual Items": 0.0,
        "Total Unusual Items Excluding Goodwill": 0.0,
        "Net Income From Continuing Operation Net Minority Interest": NaN,
        "Reconciled Depreciation": NaN,
        "Reconciled Cost Of Revenue": NaN,
        "EBITDA": NaN,
        "EBIT": NaN,
        "Net Interest Income": NaN,
        "Interest Expense": NaN,
        "Normalized Income": NaN,
        "Net Income From Continuing And Discontinued Operation": NaN,
        "Total Expenses": NaN,
        "Rent Expense Supplemental": NaN,
        "Diluted Average Shares": NaN,
        "Basic Average Shares": NaN,
        "Diluted EPS": NaN,
        "Basic EPS": NaN,
        "Diluted NI Availto Com Stockholders": NaN,
        "Average Dilution Earnings": NaN,
        "Net Income Common Stockholders": NaN,
        "Otherunder Preferred Stock Dividend": NaN,
        "Net Income": NaN,
        "Minority Interests": NaN,
        "Net Income Including Noncontrolling Interests": NaN,
        "Net Income Discontinuous Operations": NaN,
        "Net Income Continuous Operations": NaN,
        "Tax Provision": NaN,
        "Pretax Income": NaN,
        "Other Income Expense": NaN,
        "Other Non Operating Income Expenses": NaN,
        "Special Income Charges": 0.0,
        "Other Special Charges": 0.0,
        "Earnings From Equity Interest": NaN,
        "Net Non Operating Interest Income Expense": NaN,
        "Interest Expense Non Operating": NaN,
        "Operating Income": NaN,
        "Operating Expense": NaN,
        "Other Operating Expenses": NaN,
        "Depreciation Amortization Depletion Income Statement": NaN,
        "Depreciation And Amortization In Income Statement": NaN,
        "Selling General And Administration": NaN,
        "General And Administrative Expense": NaN,
        "Other Gand A": NaN,
        "Rent And Landing Fees": NaN,
        "Salaries And Wages": NaN,
        "Gross Profit": NaN,
        "Cost Of Revenue": NaN,
        "Total Revenue": NaN,
        "Operating Revenue": NaN
    },
    "2022-09-30": {
        "Tax Effect Of Unusual Items": 0.0,
        "Tax Rate For Calcs": 0.203169,
        "Normalized EBITDA": 207600000.0,
        "Total Unusual Items": 0.0,
        "Total Unusual Items Excluding Goodwill": 0.0,
        "Net Income From Continuing Operation Net Minority Interest": 63900000.0,
        "Reconciled Depreciation": 45300000.0,
        "Reconciled Cost Of Revenue": 67900000.0,
        "EBITDA": 207600000.0,
        "EBIT": 145500000.0,
        "Net Interest Income": -38200000.0,
        "Interest Expense": 38200000.0,
        "Normalized Income": 63900000.0,
        "Net Income From Continuing And Discontinued Operation": 45400000.0,
        "Total Expenses": 941100000.0,
        "Rent Expense Supplemental": 12400000.0,
        "Diluted Average Shares": 100500000.0,
        "Basic Average Shares": 99200000.0,
        "Diluted EPS": 0.45,
        "Basic EPS": 0.45,
        "Diluted NI Availto Com Stockholders": 45400000.0,
        "Net Income Common Stockholders": 45400000.0,
        "Net Income": 45400000.0,
        "Minority Interests": -21600000.0,
        "Net Income Including Noncontrolling Interests": 67000000.0,
        "Net Income Discontinuous Operations": -18500000.0,
        "Net Income Continuous Operations": 85500000.0,
        "Tax Provision": 21800000.0,
        "Pretax Income": 107300000.0,
        "Other Income Expense": -2900000.0,
        "Other Non Operating Income Expenses": -3600000.0,
        "Special Income Charges": 0.0,
        "Other Special Charges": NaN,
        "Earnings From Equity Interest": 700000.0,
        "Net Non Operating Interest Income Expense": -38200000.0,
        "Interest Expense Non Operating": 38200000.0,
        "Operating Income": 148400000.0,
        "Operating Expense": 890000000.0,
        "Other Operating Expenses": 172000000.0,
        "Depreciation Amortization Depletion Income Statement": 62100000.0,
        "Depreciation And Amortization In Income Statement": 62100000.0,
        "Selling General And Administration": 655900000.0,
        "General And Administrative Expense": 655900000.0,
        "Other Gand A": 37900000.0,
        "Rent And Landing Fees": 12400000.0,
        "Salaries And Wages": 605600000.0,
        "Gross Profit": 1038400000.0,
        "Cost Of Revenue": 51100000.0,
        "Total Revenue": 1089500000.0,
        "Operating Revenue": 1089500000.0
    },
    "2022-06-30": {
        "Tax Effect Of Unusual Items": -275289.169295,
        "Tax Rate For Calcs": 0.250263,
        "Normalized EBITDA": 225600000.0,
        "Total Unusual Items": -1100000.0,
        "Total Unusual Items Excluding Goodwill": -1100000.0,
        "Net Income From Continuing Operation Net Minority Interest": 48700000.0,
        "Reconciled Depreciation": 68800000.0,
        "Reconciled Cost Of Revenue": 52800000.0,
        "EBITDA": 224500000.0,
        "EBIT": 155700000.0,
        "Net Interest Income": -60600000.0,
        "Interest Expense": 60600000.0,
        "Normalized Income": 49524710.830705,
        "Net Income From Continuing And Discontinued Operation": 48700000.0,
        "Total Expenses": 1168400000.0,
        "Rent Expense Supplemental": 19300000.0,
        "Diluted Average Shares": 100300000.0,
        "Basic Average Shares": 99200000.0,
        "Diluted EPS": 0.49,
        "Basic EPS": 0.49,
        "Diluted NI Availto Com Stockholders": 48700000.0,
        "Average Dilution Earnings": 100000.0,
        "Net Income Common Stockholders": 48700000.0,
        "Otherunder Preferred Stock Dividend": 100000.0,
        "Net Income": 48700000.0,
        "Minority Interests": -22600000.0,
        "Net Income Including Noncontrolling Interests": 71300000.0,
        "Net Income Discontinuous Operations": 0.0,
        "Net Income Continuous Operations": 71300000.0,
        "Tax Provision": 23800000.0,
        "Pretax Income": 95100000.0,
        "Other Income Expense": -6400000.0,
        "Other Non Operating Income Expenses": -6300000.0,
        "Special Income Charges": -1100000.0,
        "Other Special Charges": 1100000.0,
        "Earnings From Equity Interest": 1000000.0,
        "Net Non Operating Interest Income Expense": -60600000.0,
        "Interest Expense Non Operating": 60600000.0,
        "Operating Income": 162100000.0,
        "Operating Expense": 1115600000.0,
        "Other Operating Expenses": 193400000.0,
        "Depreciation Amortization Depletion Income Statement": 68800000.0,
        "Depreciation And Amortization In Income Statement": 68800000.0,
        "Selling General And Administration": 853400000.0,
        "General And Administrative Expense": 853400000.0,
        "Other Gand A": 60300000.0,
        "Rent And Landing Fees": 19300000.0,
        "Salaries And Wages": 773800000.0,
        "Gross Profit": 1277700000.0,
        "Cost Of Revenue": 52800000.0,
        "Total Revenue": 1330500000.0,
        "Operating Revenue": 1330500000.0
    },
    "2023-06-30": {
        "Tax Effect Of Unusual Items": NaN,
        "Tax Rate For Calcs": NaN,
        "Normalized EBITDA": NaN,
        "Total Unusual Items": 0.0,
        "Total Unusual Items Excluding Goodwill": 0.0,
        "Net Income From Continuing Operation Net Minority Interest": NaN,
        "Reconciled Depreciation": NaN,
        "Reconciled Cost Of Revenue": NaN,
        "EBITDA": NaN,
        "EBIT": NaN,
        "Net Interest Income": NaN,
        "Interest Expense": NaN,
        "Normalized Income": NaN,
        "Net Income From Continuing And Discontinued Operation": NaN,
        "Total Expenses": NaN,
        "Rent Expense Supplemental": NaN,
        "Diluted Average Shares": NaN,
        "Basic Average Shares": NaN,
        "Diluted EPS": NaN,
        "Basic EPS": NaN,
        "Diluted NI Availto Com Stockholders": NaN,
        "Average Dilution Earnings": 600000.0,
        "Net Income Common Stockholders": NaN,
        "Otherunder Preferred Stock Dividend": 600000.0,
        "Net Income": NaN,
        "Minority Interests": NaN,
        "Net Income Including Noncontrolling Interests": NaN,
        "Net Income Discontinuous Operations": NaN,
        "Net Income Continuous Operations": NaN,
        "Tax Provision": NaN,
        "Pretax Income": NaN,
        "Other Income Expense": NaN,
        "Other Non Operating Income Expenses": NaN,
        "Special Income Charges": 0.0,
        "Other Special Charges": NaN,
        "Earnings From Equity Interest": NaN,
        "Net Non Operating Interest Income Expense": NaN,
        "Interest Expense Non Operating": NaN,
        "Operating Income": NaN,
        "Operating Expense": NaN,
        "Other Operating Expenses": NaN,
        "Depreciation Amortization Depletion Income Statement": NaN,
        "Depreciation And Amortization In Income Statement": NaN,
        "Selling General And Administration": NaN,
        "General And Administrative Expense": NaN,
        "Other Gand A": NaN,
        "Rent And Landing Fees": NaN,
        "Salaries And Wages": NaN,
        "Gross Profit": NaN,
        "Cost Of Revenue": NaN,
        "Total Revenue": NaN,
        "Operating Revenue": NaN
    },
    "2022-03-31": {
        "Diluted EPS": 0.87,
        "Total Revenue": NaN,
        "Gross Profit": 900,
        "Operating Income": 152,
        "EBIT": 210,
        "Net Income": 88
    },
    "2021-12-31": {
        "Diluted EPS": 0.91,
        "Total Revenue": 486,
        "Gross Profit": 486,
        "Operating Income": 66,
        "EBIT": 130,
        "Net Income": 92
    },
    "2021-09-30": {
        "Diluted EPS": 1.0,
        "Total Revenue": NaN,
        "Gross Profit": NaN,
        "Operating Income": 167,
        "EBIT": 204,
        "Net Income": 100
    },
    "2021-06-30": {
        "Diluted EPS": 1.13,
        "Total Revenue": NaN,
        "Gross Profit": NaN,
        "Operating Income": 218,
        "EBIT": 281,
        "Net Income": 113
    },
    "2021-03-31": {
        "Diluted EPS": 1.07,
        "Total Revenue": NaN,
        "Gross Profit": NaN,
        "Operating Income": 208,
        "EBIT": 270,
        "Net Income": 107
    },
    "2020-12-31": {
        "Diluted EPS": 0.86,
        "Total Revenue": 136,
        "Gross Profit": 136,
        "Operating Income": 73,
        "EBIT": 103,
        "Net Income": 86
    },
    "2020-09-30": {
        "Diluted EPS": 0.78,
        "Total Revenue": NaN,
        "Gross Profit": NaN,
        "Operating Income": 173,
        "EBIT": 234,
        "Net Income": 78
    },
    "2020-06-30": {
        "Diluted EPS": 0.34,
        "Total Revenue": NaN,
        "Gross Profit": NaN,
        "Operating Income": 99,
        "EBIT": 160,
        "Net Income": 34
    },
    "2020-03-31": {
        "Diluted EPS": 0.87,
        "Total Revenue": NaN,
        "Gross Profit": NaN,
        "Operating Income": 180,
        "EBIT": 239,
        "Net Income": 87
    },
    "2019-12-31": {
        "Diluted EPS": 0.68,
        "Total Revenue": NaN,
        "Gross Profit": NaN,
        "Operating Income": 155,
        "EBIT": 218,
        "Net Income": 68
    },
    "2019-09-30": {
        "Diluted EPS": 0.98,
        "Total Revenue": NaN,
        "Gross Profit": NaN,
        "Operating Income": 172,
        "EBIT": 227,
        "Net Income": 97
    },
    "2019-06-30": {
        "Diluted EPS": 0.92,
        "Total Revenue": NaN,
        "Gross Profit": NaN,
        "Operating Income": 171,
        "EBIT": 223,
        "Net Income": 91
    },
    "2019-03-31": {
        "Diluted EPS": 1.03,
        "Total Revenue": NaN,
        "Gross Profit": NaN,
        "Operating Income": 188,
        "EBIT": 240,
        "Net Income": 102
    },
    "2018-12-31": {
        "Diluted EPS": 0.28,
        "Total Revenue": NaN,
        "Gross Profit": NaN,
        "Operating Income": 111,
        "EBIT": 168,
        "Net Income": 28
    },
    "2018-09-30": {
        "Diluted EPS": 0.89,
        "Total Revenue": NaN,
        "Gross Profit": NaN,
        "Operating Income": 173,
        "EBIT": 224,
        "Net Income": 89
    },
    "2018-06-30": {
        "Diluted EPS": 0.92,
        "Total Revenue": NaN,
        "Gross Profit": NaN,
        "Operating Income": 177,
        "EBIT": 226,
        "Net Income": 92
    },
    "2018-03-31": {
        "Diluted EPS": 0.84,
        "Total Revenue": NaN,
        "Gross Profit": NaN,
        "Operating Income": 169,
        "EBIT": 215,
        "Net Income": 84
    },
    "2017-12-31": {
        "Diluted EPS": 0.77,
        "Total Revenue": NaN,
        "Gross Profit": NaN,
        "Operating Income": 158,
        "EBIT": 214,
        "Net Income": 75
    },
    "2017-09-30": {
        "Diluted EPS": 0.67,
        "Total Revenue": 982,
        "Gross Profit": 982,
        "Operating Income": 162,
        "EBIT": 208,
        "Net Income": 66
    },
    "2017-06-30": {
        "Diluted EPS": 0.7,
        "Total Revenue": 966,
        "Gross Profit": 966,
        "Operating Income": 156,
        "EBIT": 202,
        "Net Income": 63
    },
    "2017-03-31": {
        "Diluted EPS": 0.7,
        "Total Revenue": 957,
        "Gross Profit": 957,
        "Operating Income": 163,
        "EBIT": 208,
        "Net Income": 67
    },
    "2016-12-31": {
        "Diluted EPS": 0.69,
        "Total Revenue": 932,
        "Gross Profit": 932,
        "Operating Income": 162,
        "EBIT": 220,
        "Net Income": 65
    },
    "2016-09-30": {
        "Diluted EPS": 0.64,
        "Total Revenue": 912,
        "Gross Profit": 912,
        "Operating Income": 162,
        "EBIT": 206,
        "Net Income": 62
    },
    "2016-06-30": {
        "Diluted EPS": 0.65,
        "Total Revenue": 905,
        "Gross Profit": 905,
        "Operating Income": 164,
        "EBIT": 207,
        "Net Income": 63
    },
    "2016-03-31": {
        "Diluted EPS": 0.61,
        "Total Revenue": 893,
        "Gross Profit": 893,
        "Operating Income": 161,
        "EBIT": 203,
        "Net Income": 58
    },
    "2015-12-31": {
        "Diluted EPS": 0.5,
        "Total Revenue": 865,
        "Gross Profit": 865,
        "Operating Income": 130,
        "EBIT": 185,
        "Net Income": 47
    },
    "2015-09-30": {
        "Diluted EPS": 0.52,
        "Total Revenue": 768,
        "Gross Profit": 768,
        "Operating Income": 136,
        "EBIT": 170,
        "Net Income": 51
    },
    "2015-06-30": {
        "Diluted EPS": 0.45,
        "Total Revenue": 754,
        "Gross Profit": 754,
        "Operating Income": 138,
        "EBIT": 171,
        "Net Income": 43
    },
    "2015-03-31": {
        "Diluted EPS": 0.44,
        "Total Revenue": 729,
        "Gross Profit": 729,
        "Operating Income": 121,
        "EBIT": 152,
        "Net Income": 41
    },
    "2014-12-31": {
        "Diluted EPS": 0.44,
        "Total Revenue": 607,
        "Gross Profit": 607,
        "Operating Income": 97,
        "EBIT": 137,
        "Net Income": 41
    },
    "2014-09-30": {
        "Diluted EPS": 0.52,
        "Total Revenue": 589,
        "Gross Profit": 589,
        "Operating Income": 114,
        "EBIT": 141,
        "Net Income": 49
    },
    "2014-06-30": {
        "Diluted EPS": 0.85,
        "Total Revenue": 595,
        "Gross Profit": 595,
        "Operating Income": 128,
        "EBIT": 154,
        "Net Income": 82
    },
    "2014-03-31": {
        "Diluted EPS": 0.48,
        "Total Revenue": 584,
        "Gross Profit": 584,
        "Operating Income": 116,
        "EBIT": 143,
        "Net Income": 45
    },
    "2013-12-31": {
        "Diluted EPS": -0.14,
        "Total Revenue": 569,
        "Gross Profit": 569,
        "Operating Income": 119,
        "EBIT": 149,
        "Net Income": -27
    },
    "2013-09-30": {
        "Diluted EPS": 0.58,
        "Total Revenue": 556,
        "Gross Profit": 556,
        "Operating Income": 131,
        "EBIT": 155,
        "Net Income": 53
    },
    "2013-06-30": {
        "Diluted EPS": 1.66,
        "Total Revenue": 558,
        "Gross Profit": 558,
        "Operating Income": 112,
        "EBIT": 135,
        "Net Income": 159
    },
    "2013-03-31": {
        "Diluted EPS": 0.48,
        "Total Revenue": 565,
        "Gross Profit": 565,
        "Operating Income": 120,
        "EBIT": 143,
        "Net Income": 46
    },
    "2012-12-31": {
        "Diluted EPS": 0.42,
        "Total Revenue": 546,
        "Gross Profit": 546,
        "Operating Income": 105,
        "EBIT": 130,
        "Net Income": 42
    },
    "2012-09-30": {
        "Diluted EPS": 0.43,
        "Total Revenue": 530,
        "Gross Profit": 530,
        "Operating Income": 104,
        "EBIT": 125,
        "Net Income": 41
    },
    "2012-06-30": {
        "Diluted EPS": 0.43,
        "Total Revenue": 527,
        "Gross Profit": 452,
        "Operating Income": 103,
        "EBIT": 123,
        "Net Income": 40
    },
    "2012-03-31": {
        "Diluted EPS": 0.39,
        "Total Revenue": 532,
        "Gross Profit": 532,
        "Operating Income": 105,
        "EBIT": 125,
        "Net Income": 37
    },
    "2011-12-31": {
        "Diluted EPS": 0.47,
        "Total Revenue": 502,
        "Gross Profit": 502,
        "Operating Income": 98,
        "EBIT": 114,
        "Net Income": 44
    },
    "2011-09-30": {
        "Diluted EPS": 0.54,
        "Total Revenue": 498,
        "Gross Profit": 498,
        "Operating Income": 90,
        "EBIT": 113,
        "Net Income": 51
    },
    "2011-06-30": {
        "Diluted EPS": 0.17,
        "Total Revenue": 505,
        "Gross Profit": 505,
        "Operating Income": 100,
        "EBIT": 120,
        "Net Income": 15
    },
    "2011-03-31": {
        "Diluted EPS": 0.73,
        "Total Revenue": 501,
        "Gross Profit": 501,
        "Operating Income": 99,
        "EBIT": 118,
        "Net Income": 73
    },
    "2010-12-31": {
        "Diluted EPS": 7.2,
        "Total Revenue": 442,
        "Gross Profit": 442,
        "Operating Income": 84,
        "EBIT": 99,
        "Net Income": 773
    },
    "2010-09-30": {
        "Diluted EPS": 0.27,
        "Total Revenue": 461,
        "Gross Profit": 461,
        "Operating Income": 75,
        "EBIT": 99,
        "Net Income": 25
    },
    "2010-06-30": {
        "Diluted EPS": 0.44,
        "Total Revenue": 467,
        "Gross Profit": 467,
        "Operating Income": 79,
        "EBIT": 96,
        "Net Income": 41
    },
    "2010-03-31": {
        "Diluted EPS": 0.37,
        "Total Revenue": 491,
        "Gross Profit": 491,
        "Operating Income": 88,
        "EBIT": 106,
        "Net Income": 34
    },
    "2009-12-31": {
        "Diluted EPS": 0.35,
        "Total Revenue": 360,
        "Gross Profit": 360,
        "Operating Income": 62,
        "EBIT": 78,
        "Net Income": 32
    },
    "2009-09-30": {
        "Diluted EPS": 0.12,
        "Total Revenue": 470,
        "Gross Profit": 404,
        "Operating Income": 67,
        "EBIT": 89,
        "Net Income": 10
    },
    "2009-06-30": {
        "Diluted EPS": -0.14,
        "Total Revenue": 482,
        "Gross Profit": 482,
        "Operating Income": 39,
        "EBIT": 56,
        "Net Income": -12
    },
    "2009-03-31": {
        "Diluted EPS": 0.44,
        "Total Revenue": 473,
        "Gross Profit": 473,
        "Operating Income": 94,
        "EBIT": 111,
        "Net Income": 38
    },
    "2023-09-30": {
        "Tax Effect Of Unusual Items": NaN,
        "Tax Rate For Calcs": NaN,
        "Normalized EBITDA": NaN,
        "Total Unusual Items": 0.0,
        "Total Unusual Items Excluding Goodwill": 0.0,
        "Net Income From Continuing Operation Net Minority Interest": NaN,
        "Reconciled Depreciation": NaN,
        "Reconciled Cost Of Revenue": NaN,
        "EBITDA": NaN,
        "EBIT": NaN,
        "Net Interest Income": NaN,
        "Interest Expense": NaN,
        "Normalized Income": NaN,
        "Net Income From Continuing And Discontinued Operation": NaN,
        "Total Expenses": NaN,
        "Rent Expense Supplemental": NaN,
        "Diluted Average Shares": NaN,
        "Basic Average Shares": NaN,
        "Diluted EPS": NaN,
        "Basic EPS": NaN,
        "Diluted NI Availto Com Stockholders": NaN,
        "Average Dilution Earnings": NaN,
        "Net Income Common Stockholders": NaN,
        "Otherunder Preferred Stock Dividend": NaN,
        "Net Income": NaN,
        "Minority Interests": NaN,
        "Net Income Including Noncontrolling Interests": NaN,
        "Net Income Discontinuous Operations": NaN,
        "Net Income Continuous Operations": NaN,
        "Tax Provision": NaN,
        "Pretax Income": NaN,
        "Other Income Expense": NaN,
        "Other Non Operating Income Expenses": NaN,
        "Special Income Charges": 0.0,
        "Other Special Charges": NaN,
        "Earnings From Equity Interest": NaN,
        "Net Non Operating Interest Income Expense": NaN,
        "Interest Expense Non Operating": NaN,
        "Operating Income": NaN,
        "Operating Expense": NaN,
        "Other Operating Expenses": NaN,
        "Depreciation Amortization Depletion Income Statement": NaN,
        "Depreciation And Amortization In Income Statement": NaN,
        "Selling General And Administration": NaN,
        "General And Administrative Expense": NaN,
        "Other Gand A": NaN,
        "Rent And Landing Fees": NaN,
        "Salaries And Wages": 658600000.0,
        "Gross Profit": NaN,
        "Cost Of Revenue": NaN,
        "Total Revenue": NaN,
        "Operating Revenue": NaN
    },
    "2023-12-31": {
        "Tax Effect Of Unusual Items": NaN,
        "Tax Rate For Calcs": NaN,
        "Normalized EBITDA": NaN,
        "Total Unusual Items": 0.0,
        "Total Unusual Items Excluding Goodwill": 0.0,
        "Net Income From Continuing Operation Net Minority Interest": NaN,
        "Reconciled Depreciation": NaN,
        "Reconciled Cost Of Revenue": NaN,
        "EBITDA": NaN,
        "EBIT": NaN,
        "Net Interest Income": NaN,
        "Interest Expense": NaN,
        "Normalized Income": NaN,
        "Net Income From Continuing And Discontinued Operation": NaN,
        "Total Expenses": NaN,
        "Rent Expense Supplemental": NaN,
        "Diluted Average Shares": NaN,
        "Basic Average Shares": NaN,
        "Diluted EPS": NaN,
        "Basic EPS": NaN,
        "Diluted NI Availto Com Stockholders": NaN,
        "Average Dilution Earnings": NaN,
        "Net Income Common Stockholders": NaN,
        "Otherunder Preferred Stock Dividend": NaN,
        "Net Income": NaN,
        "Minority Interests": NaN,
        "Net Income Including Noncontrolling Interests": NaN,
        "Net Income Discontinuous Operations": NaN,
        "Net Income Continuous Operations": NaN,
        "Tax Provision": NaN,
        "Pretax Income": NaN,
        "Other Income Expense": NaN,
        "Other Non Operating Income Expenses": NaN,
        "Special Income Charges": 0.0,
        "Other Special Charges": NaN,
        "Earnings From Equity Interest": NaN,
        "Net Non Operating Interest Income Expense": NaN,
        "Interest Expense Non Operating": NaN,
        "Operating Income": NaN,
        "Operating Expense": NaN,
        "Other Operating Expenses": NaN,
        "Depreciation Amortization Depletion Income Statement": NaN,
        "Depreciation And Amortization In Income Statement": NaN,
        "Selling General And Administration": NaN,
        "General And Administrative Expense": NaN,
        "Other Gand A": NaN,
        "Rent And Landing Fees": NaN,
        "Salaries And Wages": 676300000.0,
        "Gross Profit": NaN,
        "Cost Of Revenue": NaN,
        "Total Revenue": NaN,
        "Operating Revenue": NaN
    },
    "2024-03-31": {
        "Tax Effect Of Unusual Items": NaN,
        "Tax Rate For Calcs": NaN,
        "Normalized EBITDA": NaN,
        "Total Unusual Items": NaN,
        "Total Unusual Items Excluding Goodwill": NaN,
        "Net Income From Continuing Operation Net Minority Interest": NaN,
        "Reconciled Depreciation": NaN,
        "Reconciled Cost Of Revenue": NaN,
        "EBITDA": NaN,
        "EBIT": NaN,
        "Net Interest Income": NaN,
        "Interest Expense": NaN,
        "Normalized Income": NaN,
        "Net Income From Continuing And Discontinued Operation": NaN,
        "Total Expenses": NaN,
        "Rent Expense Supplemental": NaN,
        "Diluted Average Shares": NaN,
        "Basic Average Shares": NaN,
        "Diluted EPS": NaN,
        "Basic EPS": NaN,
        "Diluted NI Availto Com Stockholders": NaN,
        "Average Dilution Earnings": NaN,
        "Net Income Common Stockholders": NaN,
        "Otherunder Preferred Stock Dividend": NaN,
        "Net Income": NaN,
        "Minority Interests": NaN,
        "Net Income Including Noncontrolling Interests": NaN,
        "Net Income Discontinuous Operations": NaN,
        "Net Income Continuous Operations": NaN,
        "Tax Provision": NaN,
        "Pretax Income": NaN,
        "Other Income Expense": NaN,
        "Other Non Operating Income Expenses": NaN,
        "Special Income Charges": NaN,
        "Other Special Charges": NaN,
        "Earnings From Equity Interest": NaN,
        "Net Non Operating Interest Income Expense": NaN,
        "Interest Expense Non Operating": NaN,
        "Operating Income": NaN,
        "Operating Expense": NaN,
        "Other Operating Expenses": NaN,
        "Depreciation Amortization Depletion Income Statement": NaN,
        "Depreciation And Amortization In Income Statement": NaN,
        "Selling General And Administration": NaN,
        "General And Administrative Expense": NaN,
        "Other Gand A": NaN,
        "Rent And Landing Fees": NaN,
        "Salaries And Wages": 711600000.0,
        "Gross Profit": NaN,
        "Cost Of Revenue": NaN,
        "Total Revenue": NaN,
        "Operating Revenue": NaN
    },
    "2024-06-30": {
        "Tax Effect Of Unusual Items": NaN,
        "Tax Rate For Calcs": NaN,
        "Normalized EBITDA": NaN,
        "Total Unusual Items": NaN,
        "Total Unusual Items Excluding Goodwill": NaN,
        "Net Income From Continuing Operation Net Minority Interest": NaN,
        "Reconciled Depreciation": NaN,
        "Reconciled Cost Of Revenue": NaN,
        "EBITDA": NaN,
        "EBIT": NaN,
        "Net Interest Income": NaN,
        "Interest Expense": NaN,
        "Normalized Income": NaN,
        "Net Income From Continuing And Discontinued Operation": NaN,
        "Total Expenses": NaN,
        "Rent Expense Supplemental": NaN,
        "Diluted Average Shares": NaN,
        "Basic Average Shares": NaN,
        "Diluted EPS": NaN,
        "Basic EPS": NaN,
        "Diluted NI Availto Com Stockholders": NaN,
        "Average Dilution Earnings": 800000.0,
        "Net Income Common Stockholders": NaN,
        "Otherunder Preferred Stock Dividend": 800000.0,
        "Net Income": NaN,
        "Minority Interests": NaN,
        "Net Income Including Noncontrolling Interests": NaN,
        "Net Income Discontinuous Operations": NaN,
        "Net Income Continuous Operations": NaN,
        "Tax Provision": NaN,
        "Pretax Income": NaN,
        "Other Income Expense": NaN,
        "Other Non Operating Income Expenses": NaN,
        "Special Income Charges": NaN,
        "Other Special Charges": NaN,
        "Earnings From Equity Interest": NaN,
        "Net Non Operating Interest Income Expense": NaN,
        "Interest Expense Non Operating": NaN,
        "Operating Income": NaN,
        "Operating Expense": NaN,
        "Other Operating Expenses": NaN,
        "Depreciation Amortization Depletion Income Statement": NaN,
        "Depreciation And Amortization In Income Statement": NaN,
        "Selling General And Administration": NaN,
        "General And Administrative Expense": NaN,
        "Other Gand A": NaN,
        "Rent And Landing Fees": NaN,
        "Salaries And Wages": 700500000.0,
        "Gross Profit": NaN,
        "Cost Of Revenue": NaN,
        "Total Revenue": NaN,
        "Operating Revenue": NaN
    },
    "2024-09-30": {
        "Tax Effect Of Unusual Items": -78346.028292,
        "Tax Rate For Calcs": 0.195865,
        "Normalized EBITDA": 297500000.0,
        "Total Unusual Items": -400000.0,
        "Total Unusual Items Excluding Goodwill": -400000.0,
        "Net Income From Continuing Operation Net Minority Interest": 108900000.0,
        "Reconciled Depreciation": 78400000.0,
        "Reconciled Cost Of Revenue": 792700000.0,
        "EBITDA": 297100000.0,
        "EBIT": 218700000.0,
        "Net Interest Income": -34900000.0,
        "Interest Expense": 34900000.0,
        "Normalized Income": 109221653.971708,
        "Net Income From Continuing And Discontinued Operation": 108200000.0,
        "Total Expenses": 1141900000.0,
        "Rent Expense Supplemental": 14400000.0,
        "Diluted Average Shares": NaN,
        "Basic Average Shares": NaN,
        "Diluted EPS": NaN,
        "Basic EPS": NaN,
        "Diluted NI Availto Com Stockholders": 108200000.0,
        "Average Dilution Earnings": NaN,
        "Net Income Common Stockholders": 108200000.0,
        "Otherunder Preferred Stock Dividend": NaN,
        "Net Income": 108200000.0,
        "Minority Interests": -38900000.0,
        "Net Income Including Noncontrolling Interests": 147100000.0,
        "Net Income Discontinuous Operations": -700000.0,
        "Net Income Continuous Operations": 147800000.0,
        "Tax Provision": 36000000.0,
        "Pretax Income": 183800000.0,
        "Other Income Expense": 9600000.0,
        "Other Non Operating Income Expenses": 9300000.0,
        "Special Income Charges": -400000.0,
        "Other Special Charges": 400000.0,
        "Earnings From Equity Interest": 700000.0,
        "Net Non Operating Interest Income Expense": -34900000.0,
        "Interest Expense Non Operating": 34900000.0,
        "Operating Income": 209100000.0,
        "Operating Expense": 349200000.0,
        "Other Operating Expenses": 202400000.0,
        "Depreciation Amortization Depletion Income Statement": 78400000.0,
        "Depreciation And Amortization In Income Statement": 78400000.0,
        "Selling General And Administration": 68400000.0,
        "General And Administrative Expense": 68400000.0,
        "Other Gand A": 54000000.0,
        "Rent And Landing Fees": 14400000.0,
        "Salaries And Wages": 732100000.0,
        "Gross Profit": 558300000.0,
        "Cost Of Revenue": 792700000.0,
        "Total Revenue": 1351000000.0,
        "Operating Revenue": 1319500000.0
    },
    "2024-12-31": {
        "Tax Effect Of Unusual Items": -37338.629593,
        "Tax Rate For Calcs": 0.186693,
        "Normalized EBITDA": 312600000.0,
        "Total Unusual Items": -200000.0,
        "Total Unusual Items Excluding Goodwill": -200000.0,
        "Net Income From Continuing Operation Net Minority Interest": 120500000.0,
        "Reconciled Depreciation": 78000000.0,
        "Reconciled Cost Of Revenue": 819100000.0,
        "EBITDA": 312400000.0,
        "EBIT": 234400000.0,
        "Net Interest Income": -33000000.0,
        "Interest Expense": 33000000.0,
        "Normalized Income": 120662661.370407,
        "Net Income From Continuing And Discontinued Operation": 120900000.0,
        "Total Expenses": 1172700000.0,
        "Rent Expense Supplemental": 14700000.0,
        "Diluted Average Shares": 102300000.0,
        "Basic Average Shares": 100000000.0,
        "Diluted EPS": 1.18,
        "Basic EPS": 1.2,
        "Diluted NI Availto Com Stockholders": 120900000.0,
        "Average Dilution Earnings": NaN,
        "Net Income Common Stockholders": 118100000.0,
        "Otherunder Preferred Stock Dividend": NaN,
        "Net Income": 120900000.0,
        "Minority Interests": -43300000.0,
        "Net Income Including Noncontrolling Interests": 164200000.0,
        "Net Income Discontinuous Operations": 400000.0,
        "Net Income Continuous Operations": 163800000.0,
        "Tax Provision": 37600000.0,
        "Pretax Income": 201400000.0,
        "Other Income Expense": 2100000.0,
        "Other Non Operating Income Expenses": 2100000.0,
        "Special Income Charges": -200000.0,
        "Other Special Charges": 200000.0,
        "Earnings From Equity Interest": 200000.0,
        "Net Non Operating Interest Income Expense": -33000000.0,
        "Interest Expense Non Operating": 33000000.0,
        "Operating Income": 232300000.0,
        "Operating Expense": 353600000.0,
        "Other Operating Expenses": 206400000.0,
        "Depreciation Amortization Depletion Income Statement": 78000000.0,
        "Depreciation And Amortization In Income Statement": 78000000.0,
        "Selling General And Administration": 69200000.0,
        "General And Administrative Expense": 69200000.0,
        "Other Gand A": 54500000.0,
        "Rent And Landing Fees": 14700000.0,
        "Salaries And Wages": NaN,
        "Gross Profit": 585900000.0,
        "Cost Of Revenue": 819100000.0,
        "Total Revenue": 1405000000.0,
        "Operating Revenue": 1499100000.0
    },
    "2025-03-31": {
        "Tax Effect Of Unusual Items": 0.0,
        "Tax Rate For Calcs": 0.17435,
        "Normalized EBITDA": 349600000.0,
        "Total Unusual Items": NaN,
        "Total Unusual Items Excluding Goodwill": NaN,
        "Net Income From Continuing Operation Net Minority Interest": 152000000.0,
        "Reconciled Depreciation": 79200000.0,
        "Reconciled Cost Of Revenue": 824500000.0,
        "EBITDA": 349600000.0,
        "EBIT": 270400000.0,
        "Net Interest Income": -31800000.0,
        "Interest Expense": 31800000.0,
        "Normalized Income": 152000000.0,
        "Net Income From Continuing And Discontinued Operation": 151500000.0,
        "Total Expenses": 1188400000.0,
        "Rent Expense Supplemental": 14900000.0,
        "Diluted Average Shares": 102100000.0,
        "Basic Average Shares": 100500000.0,
        "Diluted EPS": 1.48,
        "Basic EPS": 1.5,
        "Diluted NI Availto Com Stockholders": 151500000.0,
        "Average Dilution Earnings": NaN,
        "Net Income Common Stockholders": 151500000.0,
        "Otherunder Preferred Stock Dividend": NaN,
        "Net Income": 151500000.0,
        "Minority Interests": -45000000.0,
        "Net Income Including Noncontrolling Interests": 196500000.0,
        "Net Income Discontinuous Operations": -500000.0,
        "Net Income Continuous Operations": 197000000.0,
        "Tax Provision": 41600000.0,
        "Pretax Income": 238600000.0,
        "Other Income Expense": 3400000.0,
        "Other Non Operating Income Expenses": 2500000.0,
        "Special Income Charges": NaN,
        "Other Special Charges": NaN,
        "Earnings From Equity Interest": 900000.0,
        "Net Non Operating Interest Income Expense": -31800000.0,
        "Interest Expense Non Operating": 31800000.0,
        "Operating Income": 267000000.0,
        "Operating Expense": 363900000.0,
        "Other Operating Expenses": 217500000.0,
        "Depreciation Amortization Depletion Income Statement": 79200000.0,
        "Depreciation And Amortization In Income Statement": 79200000.0,
        "Selling General And Administration": 67200000.0,
        "General And Administrative Expense": 67200000.0,
        "Other Gand A": 52300000.0,
        "Rent And Landing Fees": 14900000.0,
        "Salaries And Wages": NaN,
        "Gross Profit": 630900000.0,
        "Cost Of Revenue": 824500000.0,
        "Total Revenue": 1455400000.0,
        "Operating Revenue": 1455400000.0
    },
    "2025-06-30": {
        "Tax Effect Of Unusual Items": 0.0,
        "Tax Rate For Calcs": 0.215372,
        "Normalized EBITDA": 347100000.0,
        "Total Unusual Items": NaN,
        "Total Unusual Items Excluding Goodwill": NaN,
        "Net Income From Continuing Operation Net Minority Interest": 143000000.0,
        "Reconciled Depreciation": 79900000.0,
        "Reconciled Cost Of Revenue": 830800000.0,
        "EBITDA": 347100000.0,
        "EBIT": 267200000.0,
        "Net Interest Income": -30400000.0,
        "Interest Expense": 30400000.0,
        "Normalized Income": 143000000.0,
        "Net Income From Continuing And Discontinued Operation": 142100000.0,
        "Total Expenses": 1198600000.0,
        "Rent Expense Supplemental": 14700000.0,
        "Diluted Average Shares": 102300000.0,
        "Basic Average Shares": 100600000.0,
        "Diluted EPS": 1.39,
        "Basic EPS": 1.41,
        "Diluted NI Availto Com Stockholders": 142100000.0,
        "Average Dilution Earnings": NaN,
        "Net Income Common Stockholders": 142100000.0,
        "Otherunder Preferred Stock Dividend": NaN,
        "Net Income": 142100000.0,
        "Minority Interests": -42800000.0,
        "Net Income Including Noncontrolling Interests": 184900000.0,
        "Net Income Discontinuous Operations": -900000.0,
        "Net Income Continuous Operations": 185800000.0,
        "Tax Provision": 51000000.0,
        "Pretax Income": 236800000.0,
        "Other Income Expense": 8100000.0,
        "Other Non Operating Income Expenses": 6700000.0,
        "Special Income Charges": NaN,
        "Other Special Charges": NaN,
        "Earnings From Equity Interest": 1400000.0,
        "Net Non Operating Interest Income Expense": -30400000.0,
        "Interest Expense Non Operating": 30400000.0,
        "Operating Income": 259100000.0,
        "Operating Expense": 367800000.0,
        "Other Operating Expenses": 213800000.0,
        "Depreciation Amortization Depletion Income Statement": 79900000.0,
        "Depreciation And Amortization In Income Statement": 79900000.0,
        "Selling General And Administration": 74100000.0,
        "General And Administrative Expense": 74100000.0,
        "Other Gand A": 59400000.0,
        "Rent And Landing Fees": 14700000.0,
        "Salaries And Wages": NaN,
        "Gross Profit": 626900000.0,
        "Cost Of Revenue": 830800000.0,
        "Total Revenue": 1457700000.0,
        "Operating Revenue": 1457700000.0
    },
    "2025-09-30": {
        "Tax Effect Of Unusual Items": 0.0,
        "Tax Rate For Calcs": 0.204184,
        "Normalized EBITDA": 333100000.0,
        "Total Unusual Items": 0.0,
        "Total Unusual Items Excluding Goodwill": 0.0,
        "Net Income From Continuing Operation Net Minority Interest": 126900000.0,
        "Reconciled Depreciation": 82400000.0,
        "Reconciled Cost Of Revenue": 64600000.0,
        "EBITDA": 333100000.0,
        "EBIT": 250700000.0,
        "Net Interest Income": -30800000.0,
        "Interest Expense": 30800000.0,
        "Normalized Income": 126900000.0,
        "Net Income From Continuing And Discontinued Operation": 126500000.0,
        "Total Expenses": 1233900000.0,
        "Rent Expense Supplemental": 14900000.0,
        "Diluted Average Shares": 102300000.0,
        "Basic Average Shares": 100500000.0,
        "Diluted EPS": 1.24,
        "Basic EPS": 1.26,
        "Diluted NI Availto Com Stockholders": 126500000.0,
        "Average Dilution Earnings": NaN,
        "Net Income Common Stockholders": 126500000.0,
        "Otherunder Preferred Stock Dividend": NaN,
        "Net Income": 126500000.0,
        "Minority Interests": -48100000.0,
        "Net Income Including Noncontrolling Interests": 174600000.0,
        "Net Income Discontinuous Operations": -400000.0,
        "Net Income Continuous Operations": 175000000.0,
        "Tax Provision": 44900000.0,
        "Pretax Income": 219900000.0,
        "Other Income Expense": 7100000.0,
        "Other Non Operating Income Expenses": 5900000.0,
        "Special Income Charges": 0.0,
        "Other Special Charges": NaN,
        "Earnings From Equity Interest": 1200000.0,
        "Net Non Operating Interest Income Expense": -30800000.0,
        "Interest Expense Non Operating": 30800000.0,
        "Operating Income": 243600000.0,
        "Operating Expense": 1169300000.0,
        "Other Operating Expenses": 231100000.0,
        "Depreciation Amortization Depletion Income Statement": 82400000.0,
        "Depreciation And Amortization In Income Statement": 82400000.0,
        "Selling General And Administration": 855800000.0,
        "General And Administrative Expense": 855800000.0,
        "Other Gand A": 56100000.0,
        "Rent And Landing Fees": 14900000.0,
        "Salaries And Wages": 784800000.0,
        "Gross Profit": 1412900000.0,
        "Cost Of Revenue": 64600000.0,
        "Total Revenue": 1477500000.0,
        "Operating Revenue": 1429600000.0
    },
    "2025-12-31": {
        "Tax Effect Of Unusual Items": NaN,
        "Tax Rate For Calcs": NaN,
        "Normalized EBITDA": NaN,
        "Total Unusual Items": NaN,
        "Total Unusual Items Excluding Goodwill": NaN,
        "Net Income From Continuing Operation Net Minority Interest": NaN,
        "Reconciled Depreciation": NaN,
        "Reconciled Cost Of Revenue": NaN,
        "EBITDA": NaN,
        "EBIT": NaN,
        "Net Interest Income": NaN,
        "Interest Expense": NaN,
        "Normalized Income": NaN,
        "Net Income From Continuing And Discontinued Operation": NaN,
        "Total Expenses": NaN,
        "Rent Expense Supplemental": NaN,
        "Diluted Average Shares": 102000000.0,
        "Basic Average Shares": 100200000.0,
        "Diluted EPS": 1.43,
        "Basic EPS": 1.45,
        "Diluted NI Availto Com Stockholders": NaN,
        "Average Dilution Earnings": NaN,
        "Net Income Common Stockholders": NaN,
        "Otherunder Preferred Stock Dividend": NaN,
        "Net Income": NaN,
        "Minority Interests": NaN,
        "Net Income Including Noncontrolling Interests": NaN,
        "Net Income Discontinuous Operations": NaN,
        "Net Income Continuous Operations": NaN,
        "Tax Provision": NaN,
        "Pretax Income": NaN,
        "Other Income Expense": NaN,
        "Other Non Operating Income Expenses": NaN,
        "Special Income Charges": NaN,
        "Other Special Charges": NaN,
        "Earnings From Equity Interest": NaN,
        "Net Non Operating Interest Income Expense": NaN,
        "Interest Expense Non Operating": NaN,
        "Operating Income": NaN,
        "Operating Expense": NaN,
        "Other Operating Expenses": NaN,
        "Depreciation Amortization Depletion Income Statement": NaN,
        "Depreciation And Amortization In Income Statement": NaN,
        "Selling General And Administration": NaN,
        "General And Administrative Expense": NaN,
        "Other Gand A": NaN,
        "Rent And Landing Fees": NaN,
        "Salaries And Wages": NaN,
        "Gross Profit": NaN,
        "Cost Of Revenue": NaN,
        "Total Revenue": NaN,
        "Operating Revenue": NaN
    }
}