{
    "2023-03-31": {
        "Tax Effect Of Unusual Items": NaN,
        "Tax Rate For Calcs": NaN,
        "Normalized EBITDA": NaN,
        "Total Unusual Items": NaN,
        "Total Unusual Items Excluding Goodwill": NaN,
        "Net Income From Continuing Operation Net Minority Interest": NaN,
        "Reconciled Depreciation": NaN,
        "Reconciled Cost Of Revenue": 215000.0,
        "EBITDA": NaN,
        "EBIT": NaN,
        "Net Interest Income": NaN,
        "Interest Expense": NaN,
        "Normalized Income": NaN,
        "Net Income From Continuing And Discontinued Operation": NaN,
        "Total Expenses": NaN,
        "Total Operating Income As Reported": NaN,
        "Diluted Average Shares": NaN,
        "Basic Average Shares": NaN,
        "Diluted EPS": NaN,
        "Basic EPS": NaN,
        "Diluted NI Availto Com Stockholders": NaN,
        "Net Income Common Stockholders": NaN,
        "Otherunder Preferred Stock Dividend": NaN,
        "Preferred Stock Dividends": NaN,
        "Net Income": NaN,
        "Net Income Including Noncontrolling Interests": NaN,
        "Net Income Continuous Operations": NaN,
        "Tax Provision": NaN,
        "Pretax Income": NaN,
        "Other Income Expense": NaN,
        "Other Non Operating Income Expenses": NaN,
        "Special Income Charges": NaN,
        "Impairment Of Capital Assets": NaN,
        "Restructuring And Mergern Acquisition": NaN,
        "Net Non Operating Interest Income Expense": NaN,
        "Interest Expense Non Operating": NaN,
        "Operating Income": NaN,
        "Operating Expense": NaN,
        "Other Operating Expenses": NaN,
        "Selling General And Administration": NaN,
        "Selling And Marketing Expense": NaN,
        "General And Administrative Expense": NaN,
        "Other Gand A": NaN,
        "Gross Profit": 73508000.0,
        "Cost Of Revenue": 215000.0,
        "Total Revenue": NaN,
        "Operating Revenue": NaN
    },
    "2022-12-31": {
        "Tax Effect Of Unusual Items": NaN,
        "Tax Rate For Calcs": NaN,
        "Normalized EBITDA": NaN,
        "Total Unusual Items": NaN,
        "Total Unusual Items Excluding Goodwill": NaN,
        "Net Income From Continuing Operation Net Minority Interest": NaN,
        "Reconciled Depreciation": NaN,
        "Reconciled Cost Of Revenue": 857000.0,
        "EBITDA": NaN,
        "EBIT": NaN,
        "Net Interest Income": NaN,
        "Interest Expense": NaN,
        "Normalized Income": NaN,
        "Net Income From Continuing And Discontinued Operation": NaN,
        "Total Expenses": NaN,
        "Total Operating Income As Reported": NaN,
        "Diluted Average Shares": NaN,
        "Basic Average Shares": NaN,
        "Diluted EPS": NaN,
        "Basic EPS": NaN,
        "Diluted NI Availto Com Stockholders": NaN,
        "Net Income Common Stockholders": NaN,
        "Otherunder Preferred Stock Dividend": NaN,
        "Preferred Stock Dividends": NaN,
        "Net Income": NaN,
        "Net Income Including Noncontrolling Interests": NaN,
        "Net Income Continuous Operations": NaN,
        "Tax Provision": NaN,
        "Pretax Income": NaN,
        "Other Income Expense": NaN,
        "Other Non Operating Income Expenses": NaN,
        "Special Income Charges": NaN,
        "Impairment Of Capital Assets": NaN,
        "Restructuring And Mergern Acquisition": NaN,
        "Net Non Operating Interest Income Expense": NaN,
        "Interest Expense Non Operating": NaN,
        "Operating Income": NaN,
        "Operating Expense": NaN,
        "Other Operating Expenses": NaN,
        "Depreciation Amortization Depletion Income Statement": 0.0,
        "Depreciation And Amortization In Income Statement": 0.0,
        "Amortization": 0.0,
        "Amortization Of Intangibles Income Statement": 0.0,
        "Selling General And Administration": NaN,
        "Selling And Marketing Expense": NaN,
        "General And Administrative Expense": NaN,
        "Other Gand A": NaN,
        "Gross Profit": 195464000.0,
        "Cost Of Revenue": 857000.0,
        "Total Revenue": NaN,
        "Operating Revenue": NaN
    },
    "2022-09-30": {
        "Tax Effect Of Unusual Items": NaN,
        "Tax Rate For Calcs": NaN,
        "Normalized EBITDA": NaN,
        "Total Unusual Items": NaN,
        "Total Unusual Items Excluding Goodwill": NaN,
        "Net Income From Continuing Operation Net Minority Interest": NaN,
        "Reconciled Depreciation": NaN,
        "Reconciled Cost Of Revenue": NaN,
        "EBITDA": NaN,
        "EBIT": NaN,
        "Net Interest Income": NaN,
        "Interest Expense": NaN,
        "Normalized Income": NaN,
        "Net Income From Continuing And Discontinued Operation": NaN,
        "Total Expenses": NaN,
        "Total Operating Income As Reported": NaN,
        "Diluted Average Shares": NaN,
        "Basic Average Shares": NaN,
        "Diluted EPS": NaN,
        "Basic EPS": NaN,
        "Diluted NI Availto Com Stockholders": NaN,
        "Net Income Common Stockholders": NaN,
        "Otherunder Preferred Stock Dividend": NaN,
        "Preferred Stock Dividends": NaN,
        "Net Income": NaN,
        "Net Income Including Noncontrolling Interests": NaN,
        "Net Income Continuous Operations": NaN,
        "Tax Provision": NaN,
        "Pretax Income": NaN,
        "Other Income Expense": NaN,
        "Other Non Operating Income Expenses": NaN,
        "Special Income Charges": NaN,
        "Impairment Of Capital Assets": NaN,
        "Restructuring And Mergern Acquisition": NaN,
        "Net Non Operating Interest Income Expense": NaN,
        "Interest Expense Non Operating": NaN,
        "Operating Income": NaN,
        "Operating Expense": NaN,
        "Other Operating Expenses": NaN,
        "Depreciation Amortization Depletion Income Statement": 0.0,
        "Depreciation And Amortization In Income Statement": 0.0,
        "Amortization": 0.0,
        "Amortization Of Intangibles Income Statement": 0.0,
        "Selling General And Administration": NaN,
        "Selling And Marketing Expense": NaN,
        "General And Administrative Expense": NaN,
        "Other Gand A": NaN,
        "Gross Profit": NaN,
        "Cost Of Revenue": NaN,
        "Total Revenue": NaN,
        "Operating Revenue": NaN
    },
    "2022-06-30": {
        "Tax Effect Of Unusual Items": -268223.027444,
        "Tax Rate For Calcs": 0.195926,
        "Normalized EBITDA": -37386000.0,
        "Total Unusual Items": -1369000.0,
        "Total Unusual Items Excluding Goodwill": -1369000.0,
        "Net Income From Continuing Operation Net Minority Interest": -37502000.0,
        "Reconciled Depreciation": 5349000.0,
        "Reconciled Cost Of Revenue": 423000.0,
        "EBITDA": -38755000.0,
        "EBIT": -44104000.0,
        "Normalized Income": -36401223.027444,
        "Net Income From Continuing And Discontinued Operation": -37502000.0,
        "Total Expenses": 94513000.0,
        "Total Operating Income As Reported": -45473000.0,
        "Diluted Average Shares": 27276000.0,
        "Basic Average Shares": 27276000.0,
        "Diluted EPS": -1.65,
        "Basic EPS": -1.65,
        "Diluted NI Availto Com Stockholders": -45029000.0,
        "Net Income Common Stockholders": -45029000.0,
        "Otherunder Preferred Stock Dividend": 2756000.0,
        "Preferred Stock Dividends": 4771000.0,
        "Net Income": -37502000.0,
        "Net Income Including Noncontrolling Interests": -37502000.0,
        "Net Income Continuous Operations": -37502000.0,
        "Tax Provision": -9138000.0,
        "Pretax Income": -46640000.0,
        "Other Income Expense": -2536000.0,
        "Other Non Operating Income Expenses": -1167000.0,
        "Special Income Charges": -1369000.0,
        "Write Off": NaN,
        "Impairment Of Capital Assets": NaN,
        "Restructuring And Mergern Acquisition": 1369000.0,
        "Operating Income": -44104000.0,
        "Operating Expense": 94090000.0,
        "Other Operating Expenses": 46929000.0,
        "Depreciation Amortization Depletion Income Statement": 0.0,
        "Depreciation And Amortization In Income Statement": 0.0,
        "Amortization": 0.0,
        "Amortization Of Intangibles Income Statement": 0.0,
        "Selling General And Administration": 47161000.0,
        "Selling And Marketing Expense": 29963000.0,
        "General And Administrative Expense": 17198000.0,
        "Other Gand A": 17198000.0,
        "Salaries And Wages": NaN,
        "Gross Profit": 49986000.0,
        "Cost Of Revenue": 423000.0,
        "Total Revenue": 50409000.0,
        "Operating Revenue": 47835000.0
    },
    "2022-03-31": {
        "Diluted EPS": -1.46,
        "Total Revenue": 105,
        "Gross Profit": 105,
        "Operating Income": -40,
        "EBIT": -35,
        "Net Income": -40
    },
    "2021-12-31": {
        "Diluted EPS": -1.46,
        "Total Revenue": 244,
        "Gross Profit": 243,
        "Operating Income": -34,
        "EBIT": -28,
        "Net Income": -39
    },
    "2021-09-30": {
        "Diluted EPS": -2.24,
        "Total Revenue": 64,
        "Gross Profit": 64,
        "Operating Income": -66,
        "EBIT": -61,
        "Net Income": -60
    },
    "2021-06-30": {
        "Diluted EPS": -0.86,
        "Total Revenue": 97,
        "Gross Profit": 96,
        "Operating Income": -25,
        "EBIT": -21,
        "Net Income": -23
    },
    "2021-03-31": {
        "Diluted EPS": -0.03,
        "Total Revenue": 134,
        "Gross Profit": 133,
        "Operating Income": -1,
        "EBIT": 3,
        "Net Income": -1
    },
    "2020-12-31": {
        "Diluted EPS": 2.23,
        "Total Revenue": 293,
        "Gross Profit": 291,
        "Operating Income": 79,
        "EBIT": 83,
        "Net Income": 60
    },
    "2020-09-30": {
        "Diluted EPS": -0.55,
        "Total Revenue": 94,
        "Gross Profit": 94,
        "Operating Income": -21,
        "EBIT": -18,
        "Net Income": -15
    },
    "2020-06-30": {
        "Diluted EPS": -0.13,
        "Total Revenue": 89,
        "Gross Profit": 88,
        "Operating Income": -6,
        "EBIT": -3,
        "Net Income": -3
    },
    "2020-03-31": {
        "Diluted EPS": 0.13,
        "Total Revenue": 106,
        "Gross Profit": 105,
        "Operating Income": 1,
        "EBIT": 4,
        "Net Income": 3
    },
    "2019-12-31": {
        "Diluted EPS": 3.69,
        "Total Revenue": 302,
        "Gross Profit": 300,
        "Operating Income": 123,
        "EBIT": 126,
        "Net Income": 89
    },
    "2019-09-30": {
        "Diluted EPS": -0.47,
        "Total Revenue": 70,
        "Gross Profit": 70,
        "Operating Income": -20,
        "EBIT": -18,
        "Net Income": -11
    },
    "2019-06-30": {
        "Diluted EPS": -0.25,
        "Total Revenue": 66,
        "Gross Profit": 65,
        "Operating Income": -12,
        "EBIT": -10,
        "Net Income": -6
    },
    "2019-03-31": {
        "Diluted EPS": -0.24,
        "Total Revenue": 69,
        "Gross Profit": 69,
        "Operating Income": -9,
        "EBIT": -7,
        "Net Income": -5
    },
    "2018-12-31": {
        "Diluted EPS": 1.37,
        "Total Revenue": 135,
        "Gross Profit": 134,
        "Operating Income": 42,
        "EBIT": 43,
        "Net Income": 26
    },
    "2018-09-30": {
        "Diluted EPS": -0.47,
        "Total Revenue": 41,
        "Gross Profit": 41,
        "Operating Income": -15,
        "EBIT": -14,
        "Net Income": -9
    },
    "2018-06-30": {
        "Diluted EPS": -0.63,
        "Total Revenue": 33,
        "Gross Profit": 33,
        "Operating Income": -17,
        "EBIT": -15,
        "Net Income": -12
    },
    "2018-03-31": {
        "Diluted EPS": -0.26,
        "Total Revenue": 43,
        "Gross Profit": 43,
        "Operating Income": -7,
        "EBIT": -5,
        "Net Income": -5
    },
    "2017-12-31": {
        "Diluted EPS": 1.47,
        "Total Revenue": 83,
        "Gross Profit": 83,
        "Operating Income": 21,
        "EBIT": 22,
        "Net Income": 28
    },
    "2017-09-30": {
        "Diluted EPS": -0.12,
        "Total Revenue": 31,
        "Gross Profit": 31,
        "Operating Income": -16,
        "EBIT": -14,
        "Net Income": -2
    },
    "2017-06-30": {
        "Diluted EPS": -0.08,
        "Total Revenue": 35,
        "Gross Profit": 35,
        "Operating Income": -10,
        "EBIT": -9,
        "Net Income": -2
    },
    "2017-03-31": {
        "Diluted EPS": 0.06,
        "Total Revenue": 42,
        "Gross Profit": 41,
        "Operating Income": -4,
        "EBIT": -3,
        "Net Income": 1
    },
    "2016-12-31": {
        "Diluted EPS": -0.63,
        "Total Revenue": 50,
        "Gross Profit": 52,
        "Operating Income": -8,
        "EBIT": -8,
        "Net Income": -12
    },
    "2016-09-30": {
        "Diluted EPS": -0.31,
        "Total Revenue": 32,
        "Gross Profit": 32,
        "Operating Income": -7,
        "EBIT": -6,
        "Net Income": -6
    },
    "2016-06-30": {
        "Diluted EPS": -0.03,
        "Total Revenue": 37,
        "Gross Profit": 37,
        "Operating Income": -6,
        "EBIT": -4,
        "Net Income": 0
    },
    "2016-03-31": {
        "Diluted EPS": 0.99,
        "Total Revenue": 74,
        "Gross Profit": 72,
        "Operating Income": 24,
        "EBIT": 27,
        "Net Income": 18
    },
    "2015-12-31": {
        "Diluted EPS": -0.66,
        "Total Revenue": 50,
        "Gross Profit": 49,
        "Operating Income": -12,
        "EBIT": -11,
        "Net Income": -12
    },
    "2015-09-30": {
        "Diluted EPS": 0.2,
        "Total Revenue": 38,
        "Gross Profit": 38,
        "Operating Income": 3,
        "EBIT": 4,
        "Net Income": 4
    },
    "2015-06-30": {
        "Diluted EPS": 0.32,
        "Total Revenue": 40,
        "Gross Profit": 39,
        "Operating Income": 6,
        "EBIT": 7,
        "Net Income": 6
    },
    "2015-03-31": {
        "Diluted EPS": -0.12,
        "Total Revenue": 61,
        "Gross Profit": 59,
        "Operating Income": -2,
        "EBIT": 2,
        "Net Income": -2
    },
    "2014-12-31": {
        "Diluted EPS": -1.03,
        "Total Revenue": 45,
        "Gross Profit": 44,
        "Operating Income": -14,
        "EBIT": -12,
        "Net Income": -19
    },
    "2014-09-30": {
        "Diluted EPS": 0.08,
        "Total Revenue": 41,
        "Gross Profit": 40,
        "Operating Income": 4,
        "EBIT": 5,
        "Net Income": 2
    },
    "2014-06-30": {
        "Diluted EPS": 0.15,
        "Total Revenue": 43,
        "Gross Profit": 42,
        "Operating Income": 6,
        "EBIT": 8,
        "Net Income": 3
    },
    "2014-03-31": {
        "Diluted EPS": -0.08,
        "Total Revenue": 51,
        "Gross Profit": 49,
        "Operating Income": -3,
        "EBIT": 0,
        "Net Income": -2
    },
    "2013-12-31": {
        "Diluted EPS": -0.09,
        "Total Revenue": 54,
        "Gross Profit": 53,
        "Operating Income": -3,
        "EBIT": -1,
        "Net Income": -2
    },
    "2013-09-30": {
        "Diluted EPS": 0.01,
        "Total Revenue": 42,
        "Gross Profit": 41,
        "Operating Income": 0,
        "EBIT": 2,
        "Net Income": 0
    },
    "2013-06-30": {
        "Diluted EPS": 0.06,
        "Total Revenue": 40,
        "Gross Profit": 39,
        "Operating Income": 2,
        "EBIT": 4,
        "Net Income": 1
    },
    "2013-03-31": {
        "Diluted EPS": 0.11,
        "Total Revenue": 43,
        "Gross Profit": 41,
        "Operating Income": 4,
        "EBIT": 7,
        "Net Income": 2
    },
    "2012-12-31": {
        "Diluted EPS": 0.12,
        "Total Revenue": 45,
        "Gross Profit": 44,
        "Operating Income": 4,
        "EBIT": 6,
        "Net Income": 2
    },
    "2012-09-30": {
        "Diluted EPS": 0.01,
        "Total Revenue": 38,
        "Gross Profit": 36,
        "Operating Income": 1,
        "EBIT": 3,
        "Net Income": 0
    },
    "2012-06-30": {
        "Diluted EPS": 0.11,
        "Total Revenue": 36,
        "Gross Profit": 35,
        "Operating Income": 4,
        "EBIT": 5,
        "Net Income": 2
    },
    "2012-03-31": {
        "Diluted EPS": 0.1,
        "Total Revenue": 37,
        "Gross Profit": 35,
        "Operating Income": 4,
        "EBIT": 6,
        "Net Income": 2
    },
    "2011-12-31": {
        "Diluted EPS": 0.11,
        "Total Revenue": 43,
        "Gross Profit": 42,
        "Operating Income": 4,
        "EBIT": 6,
        "Net Income": 2
    },
    "2011-09-30": {
        "Diluted EPS": -0.01,
        "Total Revenue": 35,
        "Gross Profit": 33,
        "Operating Income": 0,
        "EBIT": 1,
        "Net Income": 0
    },
    "2011-06-30": {
        "Diluted EPS": 0.12,
        "Total Revenue": 36,
        "Gross Profit": 34,
        "Operating Income": 5,
        "EBIT": 6,
        "Net Income": 3
    },
    "2011-03-31": {
        "Diluted EPS": 0.09,
        "Total Revenue": 38,
        "Gross Profit": 35,
        "Operating Income": 4,
        "EBIT": 5,
        "Net Income": 2
    },
    "2010-12-31": {
        "Diluted EPS": 0.36,
        "Total Revenue": 51,
        "Gross Profit": 48,
        "Operating Income": 16,
        "EBIT": 17,
        "Net Income": 9
    },
    "2010-09-30": {
        "Diluted EPS": 0.11,
        "Total Revenue": 37,
        "Gross Profit": 37,
        "Operating Income": 5,
        "EBIT": 6,
        "Net Income": 3
    },
    "2010-06-30": {
        "Diluted EPS": 0.13,
        "Total Revenue": 36,
        "Gross Profit": 35,
        "Operating Income": 6,
        "EBIT": 7,
        "Net Income": 3
    },
    "2010-03-31": {
        "Diluted EPS": 0.13,
        "Total Revenue": 36,
        "Gross Profit": 35,
        "Operating Income": 6,
        "EBIT": 6,
        "Net Income": 3
    },
    "2009-12-31": {
        "Diluted EPS": 0.19,
        "Total Revenue": 34,
        "Gross Profit": 33,
        "Operating Income": 7,
        "EBIT": 8,
        "Net Income": 5
    },
    "2009-09-30": {
        "Diluted EPS": 0.14,
        "Total Revenue": 35,
        "Gross Profit": 34,
        "Operating Income": 6,
        "EBIT": 7,
        "Net Income": 3
    },
    "2009-06-30": {
        "Diluted EPS": 0.16,
        "Total Revenue": 33,
        "Gross Profit": 32,
        "Operating Income": 7,
        "EBIT": 8,
        "Net Income": 4
    },
    "2009-03-31": {
        "Diluted EPS": 0.12,
        "Total Revenue": 32,
        "Gross Profit": 31,
        "Operating Income": 6,
        "EBIT": 6,
        "Net Income": 3
    },
    "2023-06-30": {
        "Tax Effect Of Unusual Items": NaN,
        "Tax Rate For Calcs": NaN,
        "Normalized EBITDA": NaN,
        "Total Unusual Items": NaN,
        "Total Unusual Items Excluding Goodwill": NaN,
        "Net Income From Continuing Operation Net Minority Interest": NaN,
        "Reconciled Depreciation": NaN,
        "Reconciled Cost Of Revenue": 253000.0,
        "EBITDA": NaN,
        "EBIT": NaN,
        "Net Interest Income": NaN,
        "Interest Expense": NaN,
        "Normalized Income": NaN,
        "Net Income From Continuing And Discontinued Operation": NaN,
        "Total Expenses": NaN,
        "Total Operating Income As Reported": NaN,
        "Diluted Average Shares": NaN,
        "Basic Average Shares": NaN,
        "Diluted EPS": NaN,
        "Basic EPS": NaN,
        "Diluted NI Availto Com Stockholders": NaN,
        "Net Income Common Stockholders": NaN,
        "Otherunder Preferred Stock Dividend": NaN,
        "Preferred Stock Dividends": NaN,
        "Net Income": NaN,
        "Net Income Including Noncontrolling Interests": NaN,
        "Net Income Continuous Operations": NaN,
        "Tax Provision": NaN,
        "Pretax Income": NaN,
        "Other Income Expense": NaN,
        "Other Non Operating Income Expenses": NaN,
        "Special Income Charges": NaN,
        "Impairment Of Capital Assets": NaN,
        "Restructuring And Mergern Acquisition": NaN,
        "Net Non Operating Interest Income Expense": NaN,
        "Interest Expense Non Operating": NaN,
        "Operating Income": NaN,
        "Operating Expense": NaN,
        "Other Operating Expenses": NaN,
        "Selling General And Administration": NaN,
        "Selling And Marketing Expense": NaN,
        "General And Administrative Expense": NaN,
        "Other Gand A": NaN,
        "Gross Profit": 66515000.0,
        "Cost Of Revenue": 253000.0,
        "Total Revenue": NaN,
        "Operating Revenue": NaN
    },
    "2023-09-30": {
        "Tax Effect Of Unusual Items": NaN,
        "Tax Rate For Calcs": NaN,
        "Normalized EBITDA": NaN,
        "Total Unusual Items": NaN,
        "Total Unusual Items Excluding Goodwill": NaN,
        "Net Income From Continuing Operation Net Minority Interest": NaN,
        "Reconciled Depreciation": NaN,
        "Reconciled Cost Of Revenue": 194000.0,
        "EBITDA": NaN,
        "EBIT": NaN,
        "Net Interest Income": NaN,
        "Interest Expense": NaN,
        "Normalized Income": NaN,
        "Net Income From Continuing And Discontinued Operation": NaN,
        "Total Expenses": NaN,
        "Total Operating Income As Reported": NaN,
        "Diluted Average Shares": NaN,
        "Basic Average Shares": NaN,
        "Diluted EPS": NaN,
        "Basic EPS": NaN,
        "Diluted NI Availto Com Stockholders": NaN,
        "Net Income Common Stockholders": NaN,
        "Otherunder Preferred Stock Dividend": NaN,
        "Preferred Stock Dividends": NaN,
        "Net Income": NaN,
        "Net Income Including Noncontrolling Interests": NaN,
        "Net Income Continuous Operations": NaN,
        "Tax Provision": NaN,
        "Pretax Income": NaN,
        "Other Income Expense": NaN,
        "Other Non Operating Income Expenses": NaN,
        "Special Income Charges": NaN,
        "Impairment Of Capital Assets": NaN,
        "Restructuring And Mergern Acquisition": NaN,
        "Net Non Operating Interest Income Expense": NaN,
        "Interest Expense Non Operating": NaN,
        "Operating Income": NaN,
        "Operating Expense": NaN,
        "Other Operating Expenses": NaN,
        "Selling General And Administration": NaN,
        "Selling And Marketing Expense": NaN,
        "General And Administrative Expense": NaN,
        "Other Gand A": NaN,
        "Gross Profit": 64524000.0,
        "Cost Of Revenue": 194000.0,
        "Total Revenue": NaN,
        "Operating Revenue": NaN
    },
    "2023-12-31": {
        "Tax Effect Of Unusual Items": NaN,
        "Tax Rate For Calcs": NaN,
        "Normalized EBITDA": NaN,
        "Total Unusual Items": NaN,
        "Total Unusual Items Excluding Goodwill": NaN,
        "Net Income From Continuing Operation Net Minority Interest": NaN,
        "Reconciled Depreciation": NaN,
        "Reconciled Cost Of Revenue": 1109000.0,
        "EBITDA": NaN,
        "EBIT": NaN,
        "Net Interest Income": NaN,
        "Interest Expense": NaN,
        "Normalized Income": NaN,
        "Net Income From Continuing And Discontinued Operation": NaN,
        "Total Expenses": NaN,
        "Total Operating Income As Reported": NaN,
        "Diluted Average Shares": NaN,
        "Basic Average Shares": NaN,
        "Diluted EPS": NaN,
        "Basic EPS": NaN,
        "Diluted NI Availto Com Stockholders": NaN,
        "Net Income Common Stockholders": NaN,
        "Otherunder Preferred Stock Dividend": NaN,
        "Preferred Stock Dividends": NaN,
        "Net Income": NaN,
        "Net Income Including Noncontrolling Interests": NaN,
        "Net Income Continuous Operations": NaN,
        "Tax Provision": NaN,
        "Pretax Income": NaN,
        "Other Income Expense": NaN,
        "Other Non Operating Income Expenses": NaN,
        "Special Income Charges": NaN,
        "Impairment Of Capital Assets": NaN,
        "Restructuring And Mergern Acquisition": NaN,
        "Net Non Operating Interest Income Expense": NaN,
        "Interest Expense Non Operating": NaN,
        "Operating Income": NaN,
        "Operating Expense": NaN,
        "Other Operating Expenses": NaN,
        "Selling General And Administration": NaN,
        "Selling And Marketing Expense": NaN,
        "General And Administrative Expense": NaN,
        "Other Gand A": NaN,
        "Gross Profit": 246553000.0,
        "Cost Of Revenue": 1109000.0,
        "Total Revenue": NaN,
        "Operating Revenue": NaN
    },
    "2024-03-31": {
        "Tax Effect Of Unusual Items": -463254.132795,
        "Tax Rate For Calcs": 0.073381,
        "Normalized EBITDA": -4801000.0,
        "Total Unusual Items": -6313000.0,
        "Total Unusual Items Excluding Goodwill": -6313000.0,
        "Net Income From Continuing Operation Net Minority Interest": -16984000.0,
        "Reconciled Depreciation": 4406000.0,
        "Reconciled Cost Of Revenue": NaN,
        "EBITDA": -11114000.0,
        "EBIT": -15520000.0,
        "Net Interest Income": -2809000.0,
        "Interest Expense": 2809000.0,
        "Normalized Income": -11134254.132795,
        "Net Income From Continuing And Discontinued Operation": -16984000.0,
        "Total Expenses": 104562000.0,
        "Total Operating Income As Reported": -17911000.0,
        "Diluted Average Shares": 28912000.0,
        "Basic Average Shares": 28912000.0,
        "Diluted EPS": -0.96,
        "Basic EPS": -0.96,
        "Diluted NI Availto Com Stockholders": -27711000.0,
        "Net Income Common Stockholders": -27711000.0,
        "Otherunder Preferred Stock Dividend": 5247000.0,
        "Preferred Stock Dividends": 5480000.0,
        "Net Income": -16984000.0,
        "Net Income Including Noncontrolling Interests": -16984000.0,
        "Net Income Continuous Operations": -16984000.0,
        "Tax Provision": -1345000.0,
        "Pretax Income": -18329000.0,
        "Other Income Expense": -3922000.0,
        "Other Non Operating Income Expenses": 2391000.0,
        "Special Income Charges": -6313000.0,
        "Impairment Of Capital Assets": 5492000.0,
        "Restructuring And Mergern Acquisition": 821000.0,
        "Net Non Operating Interest Income Expense": -2809000.0,
        "Interest Expense Non Operating": 2809000.0,
        "Operating Income": -11598000.0,
        "Operating Expense": 104562000.0,
        "Other Operating Expenses": 46206000.0,
        "Selling General And Administration": 58356000.0,
        "Selling And Marketing Expense": 38737000.0,
        "General And Administrative Expense": 19619000.0,
        "Other Gand A": 19619000.0,
        "Gross Profit": NaN,
        "Cost Of Revenue": NaN,
        "Total Revenue": 92964000.0,
        "Operating Revenue": 80927000.0
    },
    "2024-06-30": {
        "Tax Effect Of Unusual Items": -53829.066133,
        "Tax Rate For Calcs": 0.017736,
        "Normalized EBITDA": -18311000.0,
        "Total Unusual Items": -3035000.0,
        "Total Unusual Items Excluding Goodwill": -3035000.0,
        "Net Income From Continuing Operation Net Minority Interest": -27968000.0,
        "Reconciled Depreciation": 4278000.0,
        "Reconciled Cost Of Revenue": NaN,
        "EBITDA": -21346000.0,
        "EBIT": -25624000.0,
        "Net Interest Income": -2849000.0,
        "Interest Expense": 2849000.0,
        "Normalized Income": -24986829.066133,
        "Net Income From Continuing And Discontinued Operation": -27968000.0,
        "Total Expenses": 90780000.0,
        "Total Operating Income As Reported": -27959000.0,
        "Diluted Average Shares": 29233000.0,
        "Basic Average Shares": 29233000.0,
        "Diluted EPS": -1.33,
        "Basic EPS": -1.33,
        "Diluted NI Availto Com Stockholders": -38988000.0,
        "Net Income Common Stockholders": -38988000.0,
        "Otherunder Preferred Stock Dividend": 5540000.0,
        "Preferred Stock Dividends": 5480000.0,
        "Net Income": -27968000.0,
        "Net Income Including Noncontrolling Interests": -27968000.0,
        "Net Income Continuous Operations": -27968000.0,
        "Tax Provision": -505000.0,
        "Pretax Income": -28473000.0,
        "Other Income Expense": -700000.0,
        "Other Non Operating Income Expenses": 2335000.0,
        "Special Income Charges": -3035000.0,
        "Impairment Of Capital Assets": 1921000.0,
        "Restructuring And Mergern Acquisition": 1114000.0,
        "Net Non Operating Interest Income Expense": -2849000.0,
        "Interest Expense Non Operating": 2849000.0,
        "Operating Income": -24924000.0,
        "Operating Expense": 90780000.0,
        "Other Operating Expenses": 41595000.0,
        "Selling General And Administration": 49185000.0,
        "Selling And Marketing Expense": 26783000.0,
        "General And Administrative Expense": 22402000.0,
        "Other Gand A": 22402000.0,
        "Gross Profit": NaN,
        "Cost Of Revenue": NaN,
        "Total Revenue": 65856000.0,
        "Operating Revenue": 56847000.0
    },
    "2024-09-30": {
        "Tax Effect Of Unusual Items": -2623.0,
        "Tax Rate For Calcs": 0.043,
        "Normalized EBITDA": -37612000.0,
        "Total Unusual Items": -61000.0,
        "Total Unusual Items Excluding Goodwill": -61000.0,
        "Net Income From Continuing Operation Net Minority Interest": -42473000.0,
        "Reconciled Depreciation": 3827000.0,
        "Reconciled Cost Of Revenue": NaN,
        "EBITDA": -37673000.0,
        "EBIT": -41500000.0,
        "Net Interest Income": -2859000.0,
        "Interest Expense": 2859000.0,
        "Normalized Income": -42414623.0,
        "Net Income From Continuing And Discontinued Operation": -42473000.0,
        "Total Expenses": 101547000.0,
        "Total Operating Income As Reported": -43199000.0,
        "Diluted Average Shares": 29485000.0,
        "Basic Average Shares": 29485000.0,
        "Diluted EPS": -1.83,
        "Basic EPS": -1.83,
        "Diluted NI Availto Com Stockholders": -53948000.0,
        "Net Income Common Stockholders": -53948000.0,
        "Otherunder Preferred Stock Dividend": 5832000.0,
        "Preferred Stock Dividends": 5643000.0,
        "Net Income": -42473000.0,
        "Net Income Including Noncontrolling Interests": -42473000.0,
        "Net Income Continuous Operations": -42473000.0,
        "Tax Provision": -1886000.0,
        "Pretax Income": -44359000.0,
        "Other Income Expense": 1638000.0,
        "Other Non Operating Income Expenses": 1699000.0,
        "Special Income Charges": -61000.0,
        "Impairment Of Capital Assets": 0.0,
        "Restructuring And Mergern Acquisition": 61000.0,
        "Net Non Operating Interest Income Expense": -2859000.0,
        "Interest Expense Non Operating": 2859000.0,
        "Operating Income": -43138000.0,
        "Operating Expense": 101547000.0,
        "Other Operating Expenses": 51585000.0,
        "Selling General And Administration": 49962000.0,
        "Selling And Marketing Expense": 29665000.0,
        "General And Administrative Expense": 20297000.0,
        "Other Gand A": 20297000.0,
        "Gross Profit": NaN,
        "Cost Of Revenue": NaN,
        "Total Revenue": 58409000.0,
        "Operating Revenue": 48222000.0
    },
    "2024-12-31": {
        "Tax Effect Of Unusual Items": -7761.226725,
        "Tax Rate For Calcs": 0.117594,
        "Normalized EBITDA": 117008000.0,
        "Total Unusual Items": -66000.0,
        "Total Unusual Items Excluding Goodwill": -66000.0,
        "Net Income From Continuing Operation Net Minority Interest": 97482000.0,
        "Reconciled Depreciation": 3827000.0,
        "Reconciled Cost Of Revenue": NaN,
        "EBITDA": 116942000.0,
        "EBIT": 113115000.0,
        "Net Interest Income": -2642000.0,
        "Interest Expense": 2642000.0,
        "Normalized Income": 97540238.773275,
        "Net Income From Continuing And Discontinued Operation": 97482000.0,
        "Total Expenses": 202475000.0,
        "Total Operating Income As Reported": 112640000.0,
        "Diluted Average Shares": 30554000.0,
        "Basic Average Shares": 29706000.0,
        "Diluted EPS": 2.51,
        "Basic EPS": 2.57,
        "Diluted NI Availto Com Stockholders": 85687000.0,
        "Net Income Common Stockholders": 85687000.0,
        "Otherunder Preferred Stock Dividend": 6149000.0,
        "Preferred Stock Dividends": 5646000.0,
        "Net Income": 97482000.0,
        "Net Income Including Noncontrolling Interests": 97482000.0,
        "Net Income Continuous Operations": 97482000.0,
        "Tax Provision": 12991000.0,
        "Pretax Income": 110473000.0,
        "Other Income Expense": 409000.0,
        "Other Non Operating Income Expenses": 475000.0,
        "Special Income Charges": -66000.0,
        "Impairment Of Capital Assets": 66000.0,
        "Restructuring And Mergern Acquisition": 0.0,
        "Net Non Operating Interest Income Expense": -2642000.0,
        "Interest Expense Non Operating": 2642000.0,
        "Operating Income": 112706000.0,
        "Operating Expense": 200681000.0,
        "Other Operating Expenses": 77582000.0,
        "Selling General And Administration": 123099000.0,
        "Selling And Marketing Expense": 95652000.0,
        "General And Administrative Expense": 27447000.0,
        "Other Gand A": 27447000.0,
        "Gross Profit": NaN,
        "Cost Of Revenue": NaN,
        "Total Revenue": 315181000.0,
        "Operating Revenue": 275651000.0
    },
    "2025-03-31": {
        "Tax Effect Of Unusual Items": 0.0,
        "Tax Rate For Calcs": 0.21,
        "Normalized EBITDA": 10308000.0,
        "Total Unusual Items": 0.0,
        "Total Unusual Items Excluding Goodwill": 0.0,
        "Net Income From Continuing Operation Net Minority Interest": 1950000.0,
        "Reconciled Depreciation": 3934000.0,
        "Reconciled Cost Of Revenue": NaN,
        "EBITDA": 10308000.0,
        "EBIT": 6374000.0,
        "Net Interest Income": -2648000.0,
        "Interest Expense": 2648000.0,
        "Normalized Income": 1950000.0,
        "Net Income From Continuing And Discontinued Operation": 1950000.0,
        "Total Expenses": 108321000.0,
        "Total Operating Income As Reported": 4798000.0,
        "Diluted Average Shares": 29997000.0,
        "Basic Average Shares": 29997000.0,
        "Diluted EPS": -0.33,
        "Basic EPS": -0.33,
        "Diluted NI Availto Com Stockholders": -9972000.0,
        "Net Income Common Stockholders": -9972000.0,
        "Otherunder Preferred Stock Dividend": 6141000.0,
        "Preferred Stock Dividends": 5781000.0,
        "Net Income": 1950000.0,
        "Net Income Including Noncontrolling Interests": 1950000.0,
        "Net Income Continuous Operations": 1950000.0,
        "Tax Provision": 1776000.0,
        "Pretax Income": 3726000.0,
        "Other Income Expense": 1576000.0,
        "Other Non Operating Income Expenses": 1576000.0,
        "Special Income Charges": 0.0,
        "Impairment Of Capital Assets": 0.0,
        "Restructuring And Mergern Acquisition": 0.0,
        "Net Non Operating Interest Income Expense": -2648000.0,
        "Interest Expense Non Operating": 2648000.0,
        "Operating Income": 4798000.0,
        "Operating Expense": 108321000.0,
        "Other Operating Expenses": 49822000.0,
        "Selling General And Administration": 58499000.0,
        "Selling And Marketing Expense": 41189000.0,
        "General And Administrative Expense": 17310000.0,
        "Other Gand A": 17310000.0,
        "Gross Profit": NaN,
        "Cost Of Revenue": NaN,
        "Total Revenue": 113119000.0,
        "Operating Revenue": 98946000.0
    },
    "2025-06-30": {
        "Tax Effect Of Unusual Items": -430191.668053,
        "Tax Rate For Calcs": 0.276651,
        "Normalized EBITDA": -16678000.0,
        "Total Unusual Items": -1555000.0,
        "Total Unusual Items Excluding Goodwill": -1555000.0,
        "Net Income From Continuing Operation Net Minority Interest": -17398000.0,
        "Reconciled Depreciation": 3471000.0,
        "Reconciled Cost Of Revenue": NaN,
        "EBITDA": -18233000.0,
        "EBIT": -21704000.0,
        "Net Interest Income": -2348000.0,
        "Interest Expense": 2348000.0,
        "Normalized Income": -16273191.668053,
        "Net Income From Continuing And Discontinued Operation": -17398000.0,
        "Total Expenses": 82271000.0,
        "Total Operating Income As Reported": -23044000.0,
        "Diluted Average Shares": 30404000.0,
        "Basic Average Shares": 30404000.0,
        "Diluted EPS": -0.98,
        "Basic EPS": -0.98,
        "Diluted NI Availto Com Stockholders": -29783000.0,
        "Net Income Common Stockholders": -29783000.0,
        "Otherunder Preferred Stock Dividend": 6539000.0,
        "Preferred Stock Dividends": 5846000.0,
        "Net Income": -17398000.0,
        "Net Income Including Noncontrolling Interests": -17398000.0,
        "Net Income Continuous Operations": -17398000.0,
        "Tax Provision": -6654000.0,
        "Pretax Income": -24052000.0,
        "Other Income Expense": -215000.0,
        "Other Non Operating Income Expenses": 1340000.0,
        "Special Income Charges": -1555000.0,
        "Impairment Of Capital Assets": 413000.0,
        "Restructuring And Mergern Acquisition": 1142000.0,
        "Net Non Operating Interest Income Expense": -2348000.0,
        "Interest Expense Non Operating": 2348000.0,
        "Operating Income": -21489000.0,
        "Operating Expense": 82271000.0,
        "Other Operating Expenses": 39264000.0,
        "Selling General And Administration": 43007000.0,
        "Selling And Marketing Expense": 21425000.0,
        "General And Administrative Expense": 21582000.0,
        "Other Gand A": 21582000.0,
        "Gross Profit": NaN,
        "Cost Of Revenue": NaN,
        "Total Revenue": 60782000.0,
        "Operating Revenue": 54731000.0
    }
}