{
    "2023-03-31": {
        "Tax Effect Of Unusual Items": NaN,
        "Tax Rate For Calcs": NaN,
        "Normalized EBITDA": NaN,
        "Total Unusual Items": NaN,
        "Total Unusual Items Excluding Goodwill": NaN,
        "Net Income From Continuing Operation Net Minority Interest": NaN,
        "Reconciled Depreciation": NaN,
        "Reconciled Cost Of Revenue": NaN,
        "EBITDA": NaN,
        "EBIT": NaN,
        "Net Interest Income": NaN,
        "Interest Expense": 1732000.0,
        "Normalized Income": NaN,
        "Net Income From Continuing And Discontinued Operation": NaN,
        "Total Expenses": NaN,
        "Total Operating Income As Reported": NaN,
        "Diluted Average Shares": NaN,
        "Basic Average Shares": NaN,
        "Diluted EPS": NaN,
        "Basic EPS": NaN,
        "Diluted NI Availto Com Stockholders": NaN,
        "Net Income Common Stockholders": NaN,
        "Net Income": NaN,
        "Net Income Including Noncontrolling Interests": NaN,
        "Net Income Continuous Operations": NaN,
        "Tax Provision": NaN,
        "Pretax Income": NaN,
        "Other Income Expense": NaN,
        "Other Non Operating Income Expenses": NaN,
        "Special Income Charges": NaN,
        "Other Special Charges": 0.0,
        "Write Off": NaN,
        "Restructuring And Mergern Acquisition": 0.0,
        "Net Non Operating Interest Income Expense": NaN,
        "Total Other Finance Cost": NaN,
        "Interest Expense Non Operating": 1732000.0,
        "Operating Income": NaN,
        "Operating Expense": NaN,
        "Selling General And Administration": NaN,
        "Gross Profit": NaN,
        "Cost Of Revenue": NaN,
        "Total Revenue": NaN,
        "Operating Revenue": NaN
    },
    "2022-12-31": {
        "Tax Effect Of Unusual Items": NaN,
        "Tax Rate For Calcs": NaN,
        "Normalized EBITDA": NaN,
        "Total Unusual Items": NaN,
        "Total Unusual Items Excluding Goodwill": NaN,
        "Net Income From Continuing Operation Net Minority Interest": NaN,
        "Reconciled Depreciation": NaN,
        "Reconciled Cost Of Revenue": NaN,
        "EBITDA": NaN,
        "EBIT": NaN,
        "Net Interest Income": NaN,
        "Interest Expense": 463000.0,
        "Normalized Income": NaN,
        "Net Income From Continuing And Discontinued Operation": NaN,
        "Total Expenses": NaN,
        "Total Operating Income As Reported": NaN,
        "Diluted Average Shares": NaN,
        "Basic Average Shares": NaN,
        "Diluted EPS": NaN,
        "Basic EPS": NaN,
        "Diluted NI Availto Com Stockholders": NaN,
        "Net Income Common Stockholders": NaN,
        "Net Income": NaN,
        "Net Income Including Noncontrolling Interests": NaN,
        "Net Income Continuous Operations": NaN,
        "Tax Provision": NaN,
        "Pretax Income": NaN,
        "Other Income Expense": NaN,
        "Other Non Operating Income Expenses": NaN,
        "Special Income Charges": NaN,
        "Other Special Charges": 176000.0,
        "Write Off": NaN,
        "Restructuring And Mergern Acquisition": 0.0,
        "Net Non Operating Interest Income Expense": NaN,
        "Total Other Finance Cost": NaN,
        "Interest Expense Non Operating": 463000.0,
        "Operating Income": NaN,
        "Operating Expense": NaN,
        "Selling General And Administration": NaN,
        "Gross Profit": NaN,
        "Cost Of Revenue": NaN,
        "Total Revenue": NaN,
        "Operating Revenue": NaN
    },
    "2022-09-30": {
        "Tax Effect Of Unusual Items": NaN,
        "Tax Rate For Calcs": NaN,
        "Normalized EBITDA": NaN,
        "Total Unusual Items": NaN,
        "Total Unusual Items Excluding Goodwill": NaN,
        "Net Income From Continuing Operation Net Minority Interest": NaN,
        "Reconciled Depreciation": NaN,
        "Reconciled Cost Of Revenue": NaN,
        "EBITDA": NaN,
        "EBIT": NaN,
        "Net Interest Income": NaN,
        "Interest Expense": 786000.0,
        "Normalized Income": NaN,
        "Net Income From Continuing And Discontinued Operation": NaN,
        "Total Expenses": NaN,
        "Total Operating Income As Reported": NaN,
        "Diluted Average Shares": NaN,
        "Basic Average Shares": NaN,
        "Diluted EPS": NaN,
        "Basic EPS": NaN,
        "Diluted NI Availto Com Stockholders": NaN,
        "Net Income Common Stockholders": NaN,
        "Net Income": NaN,
        "Net Income Including Noncontrolling Interests": NaN,
        "Net Income Continuous Operations": NaN,
        "Tax Provision": NaN,
        "Pretax Income": NaN,
        "Other Income Expense": NaN,
        "Other Non Operating Income Expenses": NaN,
        "Special Income Charges": NaN,
        "Other Special Charges": NaN,
        "Write Off": NaN,
        "Restructuring And Mergern Acquisition": 0.0,
        "Net Non Operating Interest Income Expense": NaN,
        "Total Other Finance Cost": 786000.0,
        "Interest Expense Non Operating": 786000.0,
        "Operating Income": NaN,
        "Operating Expense": NaN,
        "Selling General And Administration": NaN,
        "Gross Profit": NaN,
        "Cost Of Revenue": NaN,
        "Total Revenue": NaN,
        "Operating Revenue": NaN
    },
    "2022-06-30": {
        "Tax Effect Of Unusual Items": 0.0,
        "Tax Rate For Calcs": 0.242619,
        "Normalized EBITDA": 25491000.0,
        "Total Unusual Items": 0.0,
        "Total Unusual Items Excluding Goodwill": 0.0,
        "Net Income From Continuing Operation Net Minority Interest": 14469000.0,
        "Reconciled Depreciation": 5724000.0,
        "Reconciled Cost Of Revenue": 39616000.0,
        "EBITDA": 25491000.0,
        "EBIT": 19767000.0,
        "Net Interest Income": -663000.0,
        "Interest Expense": 663000.0,
        "Normalized Income": 14469000.0,
        "Net Income From Continuing And Discontinued Operation": 14469000.0,
        "Total Expenses": 101171000.0,
        "Total Operating Income As Reported": 21430000.0,
        "Diluted Average Shares": 53834732.0,
        "Basic Average Shares": 51707160.0,
        "Diluted EPS": 0.27,
        "Basic EPS": 0.28,
        "Diluted NI Availto Com Stockholders": 14469000.0,
        "Net Income Common Stockholders": 14469000.0,
        "Net Income": 14469000.0,
        "Net Income Including Noncontrolling Interests": 14469000.0,
        "Net Income Continuous Operations": 14469000.0,
        "Tax Provision": 4635000.0,
        "Pretax Income": 19104000.0,
        "Other Income Expense": -1663000.0,
        "Other Non Operating Income Expenses": -1663000.0,
        "Special Income Charges": 0.0,
        "Other Special Charges": NaN,
        "Write Off": NaN,
        "Restructuring And Mergern Acquisition": 0.0,
        "Net Non Operating Interest Income Expense": -663000.0,
        "Total Other Finance Cost": NaN,
        "Interest Expense Non Operating": 663000.0,
        "Operating Income": 21430000.0,
        "Operating Expense": 61555000.0,
        "Selling General And Administration": 61555000.0,
        "Gross Profit": 82985000.0,
        "Cost Of Revenue": 39616000.0,
        "Total Revenue": 122601000.0,
        "Operating Revenue": 122601000.0
    },
    "2023-06-30": {
        "Tax Effect Of Unusual Items": NaN,
        "Tax Rate For Calcs": NaN,
        "Normalized EBITDA": NaN,
        "Total Unusual Items": NaN,
        "Total Unusual Items Excluding Goodwill": NaN,
        "Net Income From Continuing Operation Net Minority Interest": NaN,
        "Reconciled Depreciation": NaN,
        "Reconciled Cost Of Revenue": NaN,
        "EBITDA": NaN,
        "EBIT": NaN,
        "Net Interest Income": NaN,
        "Interest Expense": NaN,
        "Normalized Income": NaN,
        "Net Income From Continuing And Discontinued Operation": NaN,
        "Total Expenses": NaN,
        "Total Operating Income As Reported": NaN,
        "Diluted Average Shares": NaN,
        "Basic Average Shares": NaN,
        "Diluted EPS": NaN,
        "Basic EPS": NaN,
        "Diluted NI Availto Com Stockholders": NaN,
        "Net Income Common Stockholders": NaN,
        "Net Income": NaN,
        "Net Income Including Noncontrolling Interests": NaN,
        "Net Income Continuous Operations": NaN,
        "Tax Provision": NaN,
        "Pretax Income": NaN,
        "Other Income Expense": NaN,
        "Other Non Operating Income Expenses": NaN,
        "Special Income Charges": NaN,
        "Write Off": NaN,
        "Net Non Operating Interest Income Expense": NaN,
        "Total Other Finance Cost": -341000.0,
        "Interest Expense Non Operating": NaN,
        "Operating Income": NaN,
        "Operating Expense": NaN,
        "Selling General And Administration": NaN,
        "Gross Profit": NaN,
        "Cost Of Revenue": NaN,
        "Total Revenue": NaN,
        "Operating Revenue": NaN
    },
    "2022-03-31": {
        "Diluted EPS": 0.03,
        "Total Revenue": 105,
        "Gross Profit": 68,
        "Operating Income": 2,
        "EBIT": 9,
        "Net Income": 2
    },
    "2021-12-31": {
        "Diluted EPS": 0.12,
        "Total Revenue": 98,
        "Gross Profit": 64,
        "Operating Income": 9,
        "EBIT": 16,
        "Net Income": 6
    },
    "2021-09-30": {
        "Diluted EPS": 0.11,
        "Total Revenue": 92,
        "Gross Profit": 58,
        "Operating Income": 7,
        "EBIT": 15,
        "Net Income": 6
    },
    "2021-06-30": {
        "Diluted EPS": 0.15,
        "Total Revenue": 97,
        "Gross Profit": 62,
        "Operating Income": 11,
        "EBIT": 18,
        "Net Income": 8
    },
    "2021-03-31": {
        "Diluted EPS": 0.0,
        "Total Revenue": 93,
        "Gross Profit": 59,
        "Operating Income": -2,
        "EBIT": 5,
        "Net Income": 0
    },
    "2020-12-31": {
        "Diluted EPS": 0.08,
        "Total Revenue": 89,
        "Gross Profit": 57,
        "Operating Income": 6,
        "EBIT": 13,
        "Net Income": 4
    },
    "2020-09-30": {
        "Diluted EPS": 0.01,
        "Total Revenue": 72,
        "Gross Profit": 47,
        "Operating Income": 2,
        "EBIT": 8,
        "Net Income": 0
    },
    "2020-06-30": {
        "Diluted EPS": 0.03,
        "Total Revenue": 65,
        "Gross Profit": 43,
        "Operating Income": 3,
        "EBIT": 10,
        "Net Income": 2
    },
    "2020-03-31": {
        "Diluted EPS": -0.01,
        "Total Revenue": 75,
        "Gross Profit": 48,
        "Operating Income": 1,
        "EBIT": 7,
        "Net Income": 0
    },
    "2019-12-31": {
        "Diluted EPS": 0.16,
        "Total Revenue": 81,
        "Gross Profit": 53,
        "Operating Income": 13,
        "EBIT": 19,
        "Net Income": 8
    },
    "2019-09-30": {
        "Diluted EPS": 0.13,
        "Total Revenue": 68,
        "Gross Profit": 43,
        "Operating Income": 9,
        "EBIT": 15,
        "Net Income": 7
    },
    "2019-06-30": {
        "Diluted EPS": 0.07,
        "Total Revenue": 60,
        "Gross Profit": 37,
        "Operating Income": 7,
        "EBIT": 12,
        "Net Income": 4
    },
    "2019-03-31": {
        "Diluted EPS": -0.37,
        "Total Revenue": 66,
        "Gross Profit": 40,
        "Operating Income": -19,
        "EBIT": -6,
        "Net Income": -18
    },
    "2018-12-31": {
        "Diluted EPS": 0.0,
        "Total Revenue": NaN,
        "Gross Profit": NaN,
        "Operating Income": NaN,
        "EBIT": NaN,
        "Net Income": NaN
    },
    "2018-09-30": {
        "Diluted EPS": 0.08,
        "Total Revenue": 64,
        "Gross Profit": 39,
        "Operating Income": 6,
        "EBIT": 11,
        "Net Income": 4
    },
    "2018-06-30": {
        "Diluted EPS": 0.03,
        "Total Revenue": 59,
        "Gross Profit": 37,
        "Operating Income": 3,
        "EBIT": 7,
        "Net Income": 1
    },
    "2018-03-31": {
        "Diluted EPS": 0.01,
        "Total Revenue": 66,
        "Gross Profit": 40,
        "Operating Income": 66,
        "EBIT": 66,
        "Net Income": 1
    },
    "2017-12-31": {
        "Diluted EPS": 0.0,
        "Total Revenue": NaN,
        "Gross Profit": NaN,
        "Operating Income": NaN,
        "EBIT": NaN,
        "Net Income": NaN
    },
    "2017-09-30": {
        "Diluted EPS": 0.12,
        "Total Revenue": 72,
        "Gross Profit": 43,
        "Operating Income": 10,
        "EBIT": 14,
        "Net Income": 6
    },
    "2017-06-30": {
        "Diluted EPS": 0.08,
        "Total Revenue": 56,
        "Gross Profit": 36,
        "Operating Income": 3,
        "EBIT": 11,
        "Net Income": 4
    },
    "2017-03-31": {
        "Diluted EPS": 0.04,
        "Total Revenue": 61,
        "Gross Profit": 38,
        "Operating Income": 61,
        "EBIT": 61,
        "Net Income": 2
    },
    "2016-12-31": {
        "Diluted EPS": 0.0,
        "Total Revenue": NaN,
        "Gross Profit": NaN,
        "Operating Income": NaN,
        "EBIT": NaN,
        "Net Income": NaN
    },
    "2016-09-30": {
        "Diluted EPS": -73.13,
        "Total Revenue": 56,
        "Gross Profit": 32,
        "Operating Income": 1,
        "EBIT": 6,
        "Net Income": -374
    },
    "2016-06-30": {
        "Diluted EPS": -117.31,
        "Total Revenue": 44,
        "Gross Profit": 25,
        "Operating Income": 0,
        "EBIT": 7,
        "Net Income": -96
    },
    "2016-03-31": {
        "Diluted EPS": -69.57,
        "Total Revenue": 53,
        "Gross Profit": 29,
        "Operating Income": 53,
        "EBIT": 45,
        "Net Income": -34
    },
    "2015-12-31": {
        "Diluted EPS": 0.0,
        "Total Revenue": NaN,
        "Gross Profit": NaN,
        "Operating Income": NaN,
        "EBIT": NaN,
        "Net Income": NaN
    },
    "2015-09-30": {
        "Diluted EPS": -154.42,
        "Total Revenue": 51,
        "Gross Profit": 26,
        "Operating Income": 7,
        "EBIT": 7,
        "Net Income": -5
    },
    "2014-12-31": {
        "Diluted EPS": 0.0,
        "Total Revenue": NaN,
        "Gross Profit": NaN,
        "Operating Income": NaN,
        "EBIT": NaN,
        "Net Income": NaN
    },
    "2023-09-30": {
        "Tax Effect Of Unusual Items": NaN,
        "Tax Rate For Calcs": NaN,
        "Normalized EBITDA": NaN,
        "Total Unusual Items": NaN,
        "Total Unusual Items Excluding Goodwill": NaN,
        "Net Income From Continuing Operation Net Minority Interest": NaN,
        "Reconciled Depreciation": NaN,
        "Reconciled Cost Of Revenue": NaN,
        "EBITDA": NaN,
        "EBIT": NaN,
        "Net Interest Income": NaN,
        "Interest Expense": NaN,
        "Normalized Income": NaN,
        "Net Income From Continuing And Discontinued Operation": NaN,
        "Total Expenses": NaN,
        "Total Operating Income As Reported": NaN,
        "Diluted Average Shares": NaN,
        "Basic Average Shares": NaN,
        "Diluted EPS": NaN,
        "Basic EPS": NaN,
        "Diluted NI Availto Com Stockholders": NaN,
        "Net Income Common Stockholders": NaN,
        "Net Income": NaN,
        "Net Income Including Noncontrolling Interests": NaN,
        "Net Income Continuous Operations": NaN,
        "Tax Provision": NaN,
        "Pretax Income": NaN,
        "Other Income Expense": NaN,
        "Other Non Operating Income Expenses": NaN,
        "Special Income Charges": NaN,
        "Write Off": NaN,
        "Net Non Operating Interest Income Expense": NaN,
        "Total Other Finance Cost": -623000.0,
        "Interest Expense Non Operating": NaN,
        "Operating Income": NaN,
        "Operating Expense": NaN,
        "Selling General And Administration": NaN,
        "Gross Profit": NaN,
        "Cost Of Revenue": NaN,
        "Total Revenue": NaN,
        "Operating Revenue": NaN
    },
    "2023-12-31": {
        "Tax Effect Of Unusual Items": NaN,
        "Tax Rate For Calcs": NaN,
        "Normalized EBITDA": NaN,
        "Total Unusual Items": NaN,
        "Total Unusual Items Excluding Goodwill": NaN,
        "Net Income From Continuing Operation Net Minority Interest": NaN,
        "Reconciled Depreciation": NaN,
        "Reconciled Cost Of Revenue": NaN,
        "EBITDA": NaN,
        "EBIT": NaN,
        "Net Interest Income": NaN,
        "Interest Expense": 3985000.0,
        "Normalized Income": NaN,
        "Net Income From Continuing And Discontinued Operation": NaN,
        "Total Expenses": NaN,
        "Total Operating Income As Reported": NaN,
        "Diluted Average Shares": 58030115.0,
        "Basic Average Shares": 55140887.0,
        "Diluted EPS": 0.46,
        "Basic EPS": 0.49,
        "Diluted NI Availto Com Stockholders": NaN,
        "Net Income Common Stockholders": NaN,
        "Net Income": NaN,
        "Net Income Including Noncontrolling Interests": NaN,
        "Net Income Continuous Operations": NaN,
        "Tax Provision": NaN,
        "Pretax Income": NaN,
        "Other Income Expense": NaN,
        "Other Non Operating Income Expenses": NaN,
        "Special Income Charges": NaN,
        "Write Off": NaN,
        "Net Non Operating Interest Income Expense": NaN,
        "Total Other Finance Cost": NaN,
        "Interest Expense Non Operating": 3985000.0,
        "Operating Income": NaN,
        "Operating Expense": NaN,
        "Selling General And Administration": NaN,
        "Gross Profit": NaN,
        "Cost Of Revenue": NaN,
        "Total Revenue": NaN,
        "Operating Revenue": NaN
    },
    "2024-03-31": {
        "Tax Effect Of Unusual Items": NaN,
        "Tax Rate For Calcs": NaN,
        "Normalized EBITDA": NaN,
        "Total Unusual Items": NaN,
        "Total Unusual Items Excluding Goodwill": NaN,
        "Net Income From Continuing Operation Net Minority Interest": NaN,
        "Reconciled Depreciation": NaN,
        "Reconciled Cost Of Revenue": NaN,
        "EBITDA": NaN,
        "EBIT": NaN,
        "Net Interest Income": NaN,
        "Interest Expense": NaN,
        "Normalized Income": NaN,
        "Net Income From Continuing And Discontinued Operation": NaN,
        "Total Expenses": NaN,
        "Total Operating Income As Reported": NaN,
        "Diluted Average Shares": NaN,
        "Basic Average Shares": NaN,
        "Diluted EPS": NaN,
        "Basic EPS": NaN,
        "Diluted NI Availto Com Stockholders": NaN,
        "Net Income Common Stockholders": NaN,
        "Net Income": NaN,
        "Net Income Including Noncontrolling Interests": NaN,
        "Net Income Continuous Operations": NaN,
        "Tax Provision": NaN,
        "Pretax Income": NaN,
        "Other Income Expense": NaN,
        "Other Non Operating Income Expenses": NaN,
        "Special Income Charges": NaN,
        "Other Special Charges": NaN,
        "Write Off": 1155000.0,
        "Net Non Operating Interest Income Expense": NaN,
        "Total Other Finance Cost": NaN,
        "Interest Expense Non Operating": NaN,
        "Operating Income": NaN,
        "Operating Expense": NaN,
        "Selling General And Administration": NaN,
        "Gross Profit": NaN,
        "Cost Of Revenue": NaN,
        "Total Revenue": NaN,
        "Operating Revenue": NaN
    },
    "2024-06-30": {
        "Tax Effect Of Unusual Items": NaN,
        "Tax Rate For Calcs": NaN,
        "Normalized EBITDA": NaN,
        "Total Unusual Items": 0.0,
        "Total Unusual Items Excluding Goodwill": 0.0,
        "Net Income From Continuing Operation Net Minority Interest": NaN,
        "Reconciled Depreciation": NaN,
        "Reconciled Cost Of Revenue": NaN,
        "EBITDA": NaN,
        "EBIT": NaN,
        "Net Interest Income": NaN,
        "Interest Expense": NaN,
        "Normalized Income": NaN,
        "Net Income From Continuing And Discontinued Operation": NaN,
        "Total Expenses": NaN,
        "Total Operating Income As Reported": NaN,
        "Diluted Average Shares": NaN,
        "Basic Average Shares": NaN,
        "Diluted EPS": NaN,
        "Basic EPS": NaN,
        "Diluted NI Availto Com Stockholders": NaN,
        "Net Income Common Stockholders": NaN,
        "Net Income": NaN,
        "Net Income Including Noncontrolling Interests": NaN,
        "Net Income Continuous Operations": NaN,
        "Tax Provision": NaN,
        "Pretax Income": NaN,
        "Other Income Expense": NaN,
        "Other Non Operating Income Expenses": NaN,
        "Special Income Charges": 0.0,
        "Other Special Charges": NaN,
        "Write Off": 0.0,
        "Net Non Operating Interest Income Expense": NaN,
        "Total Other Finance Cost": 3665000.0,
        "Interest Expense Non Operating": NaN,
        "Operating Income": NaN,
        "Operating Expense": NaN,
        "Selling General And Administration": NaN,
        "Gross Profit": NaN,
        "Cost Of Revenue": NaN,
        "Total Revenue": NaN,
        "Operating Revenue": NaN
    },
    "2024-09-30": {
        "Tax Effect Of Unusual Items": 0.0,
        "Tax Rate For Calcs": 0.319,
        "Normalized EBITDA": 41951000.0,
        "Total Unusual Items": 0.0,
        "Total Unusual Items Excluding Goodwill": 0.0,
        "Net Income From Continuing Operation Net Minority Interest": 19020000.0,
        "Reconciled Depreciation": 10242000.0,
        "Reconciled Cost Of Revenue": 87016000.0,
        "EBITDA": 41951000.0,
        "EBIT": 31709000.0,
        "Net Interest Income": -3761000.0,
        "Interest Expense": 3761000.0,
        "Normalized Income": 19020000.0,
        "Net Income From Continuing And Discontinued Operation": 19020000.0,
        "Total Expenses": 273157000.0,
        "Total Operating Income As Reported": 27918000.0,
        "Diluted Average Shares": 58482530.0,
        "Basic Average Shares": 56345648.0,
        "Diluted EPS": 0.33,
        "Basic EPS": 0.34,
        "Diluted NI Availto Com Stockholders": 19020000.0,
        "Net Income Common Stockholders": 19020000.0,
        "Net Income": 19020000.0,
        "Net Income Including Noncontrolling Interests": 19020000.0,
        "Net Income Continuous Operations": 19020000.0,
        "Tax Provision": 8928000.0,
        "Pretax Income": 27948000.0,
        "Other Income Expense": 3791000.0,
        "Other Non Operating Income Expenses": 3791000.0,
        "Special Income Charges": 0.0,
        "Other Special Charges": NaN,
        "Write Off": 0.0,
        "Net Non Operating Interest Income Expense": -3761000.0,
        "Total Other Finance Cost": 3761000.0,
        "Interest Expense Non Operating": 3761000.0,
        "Operating Income": 27918000.0,
        "Operating Expense": 186141000.0,
        "Selling General And Administration": 186141000.0,
        "Gross Profit": 214059000.0,
        "Cost Of Revenue": 87016000.0,
        "Total Revenue": 301075000.0,
        "Operating Revenue": 301075000.0
    },
    "2024-12-31": {
        "Tax Effect Of Unusual Items": 0.0,
        "Tax Rate For Calcs": 0.343,
        "Normalized EBITDA": 41406000.0,
        "Total Unusual Items": 0.0,
        "Total Unusual Items Excluding Goodwill": 0.0,
        "Net Income From Continuing Operation Net Minority Interest": 17261000.0,
        "Reconciled Depreciation": 11599000.0,
        "Reconciled Cost Of Revenue": 102015000.0,
        "EBITDA": 41406000.0,
        "EBIT": 29807000.0,
        "Net Interest Income": -3527000.0,
        "Interest Expense": 3527000.0,
        "Normalized Income": 17261000.0,
        "Net Income From Continuing And Discontinued Operation": 17261000.0,
        "Total Expenses": 320235000.0,
        "Total Operating Income As Reported": 35085000.0,
        "Diluted Average Shares": 58353219.0,
        "Basic Average Shares": 56358694.0,
        "Diluted EPS": 0.3,
        "Basic EPS": 0.31,
        "Diluted NI Availto Com Stockholders": 17261000.0,
        "Net Income Common Stockholders": 17261000.0,
        "Net Income": 17261000.0,
        "Net Income Including Noncontrolling Interests": 17261000.0,
        "Net Income Continuous Operations": 17261000.0,
        "Tax Provision": 9019000.0,
        "Pretax Income": 26280000.0,
        "Other Income Expense": -5278000.0,
        "Other Non Operating Income Expenses": -5278000.0,
        "Special Income Charges": 0.0,
        "Other Special Charges": NaN,
        "Write Off": 0.0,
        "Net Non Operating Interest Income Expense": -3527000.0,
        "Total Other Finance Cost": NaN,
        "Interest Expense Non Operating": 3527000.0,
        "Operating Income": 35085000.0,
        "Operating Expense": 218220000.0,
        "Selling General And Administration": 218220000.0,
        "Gross Profit": 253305000.0,
        "Cost Of Revenue": 102015000.0,
        "Total Revenue": 355320000.0,
        "Operating Revenue": 355320000.0
    },
    "2025-03-31": {
        "Tax Effect Of Unusual Items": -4659.536299,
        "Tax Rate For Calcs": 0.358426,
        "Normalized EBITDA": 62951000.0,
        "Total Unusual Items": -13000.0,
        "Total Unusual Items Excluding Goodwill": -13000.0,
        "Net Income From Continuing Operation Net Minority Interest": 28253000.0,
        "Reconciled Depreciation": 13216000.0,
        "Reconciled Cost Of Revenue": 95606000.0,
        "EBITDA": 62938000.0,
        "EBIT": 49722000.0,
        "Net Interest Income": -2860000.0,
        "Interest Expense": 5685000.0,
        "Normalized Income": 28261340.463701,
        "Net Income From Continuing And Discontinued Operation": 28253000.0,
        "Total Expenses": 288329000.0,
        "Total Operating Income As Reported": 44316000.0,
        "Diluted Average Shares": 57980746.0,
        "Basic Average Shares": 56159804.0,
        "Diluted EPS": 0.49,
        "Basic EPS": 0.5,
        "Diluted NI Availto Com Stockholders": 28253000.0,
        "Net Income Common Stockholders": 28253000.0,
        "Net Income": 28253000.0,
        "Net Income Including Noncontrolling Interests": 28253000.0,
        "Net Income Continuous Operations": 28253000.0,
        "Tax Provision": 15784000.0,
        "Pretax Income": 44037000.0,
        "Other Income Expense": 2581000.0,
        "Other Non Operating Income Expenses": 2594000.0,
        "Special Income Charges": -13000.0,
        "Other Special Charges": NaN,
        "Write Off": 0.0,
        "Net Non Operating Interest Income Expense": -2860000.0,
        "Total Other Finance Cost": NaN,
        "Interest Expense Non Operating": 5685000.0,
        "Operating Income": 44316000.0,
        "Operating Expense": 192723000.0,
        "Selling General And Administration": 192723000.0,
        "Gross Profit": 237039000.0,
        "Cost Of Revenue": 95606000.0,
        "Total Revenue": 332645000.0,
        "Operating Revenue": 332645000.0
    },
    "2025-06-30": {
        "Tax Effect Of Unusual Items": 0.0,
        "Tax Rate For Calcs": 0.348,
        "Normalized EBITDA": 66938000.0,
        "Total Unusual Items": NaN,
        "Total Unusual Items Excluding Goodwill": NaN,
        "Net Income From Continuing Operation Net Minority Interest": 33311000.0,
        "Reconciled Depreciation": 13192000.0,
        "Reconciled Cost Of Revenue": 109198000.0,
        "EBITDA": 66938000.0,
        "EBIT": 53746000.0,
        "Net Interest Income": -2632000.0,
        "Interest Expense": 2632000.0,
        "Normalized Income": 33311000.0,
        "Net Income From Continuing And Discontinued Operation": 33311000.0,
        "Total Expenses": 305030000.0,
        "Total Operating Income As Reported": 48709000.0,
        "Diluted Average Shares": 57675035.0,
        "Basic Average Shares": 56328483.0,
        "Diluted EPS": 0.58,
        "Basic EPS": 0.59,
        "Diluted NI Availto Com Stockholders": 33311000.0,
        "Net Income Common Stockholders": 33311000.0,
        "Net Income": 33311000.0,
        "Net Income Including Noncontrolling Interests": 33311000.0,
        "Net Income Continuous Operations": 33311000.0,
        "Tax Provision": 17803000.0,
        "Pretax Income": 51114000.0,
        "Other Income Expense": 5037000.0,
        "Other Non Operating Income Expenses": 5037000.0,
        "Special Income Charges": NaN,
        "Other Special Charges": NaN,
        "Write Off": NaN,
        "Net Non Operating Interest Income Expense": -2632000.0,
        "Total Other Finance Cost": NaN,
        "Interest Expense Non Operating": 2632000.0,
        "Operating Income": 48709000.0,
        "Operating Expense": 195832000.0,
        "Selling General And Administration": 195832000.0,
        "Gross Profit": 244541000.0,
        "Cost Of Revenue": 109198000.0,
        "Total Revenue": 353739000.0,
        "Operating Revenue": 353739000.0
    },
    "2025-09-30": {
        "Tax Effect Of Unusual Items": -141540.0,
        "Tax Rate For Calcs": 0.21,
        "Normalized EBITDA": 24124000.0,
        "Total Unusual Items": -674000.0,
        "Total Unusual Items Excluding Goodwill": -674000.0,
        "Net Income From Continuing Operation Net Minority Interest": 2996000.0,
        "Reconciled Depreciation": 18286000.0,
        "Reconciled Cost Of Revenue": 105078000.0,
        "EBITDA": 23450000.0,
        "EBIT": 5164000.0,
        "Net Interest Income": -9153000.0,
        "Interest Expense": 9153000.0,
        "Normalized Income": 3528460.0,
        "Net Income From Continuing And Discontinued Operation": 2996000.0,
        "Total Expenses": 336220000.0,
        "Total Operating Income As Reported": 7716000.0,
        "Diluted Average Shares": 59593910.0,
        "Basic Average Shares": 58361701.0,
        "Diluted EPS": 0.05,
        "Basic EPS": 0.05,
        "Diluted NI Availto Com Stockholders": 2996000.0,
        "Net Income Common Stockholders": 2996000.0,
        "Net Income": 2996000.0,
        "Net Income Including Noncontrolling Interests": 2996000.0,
        "Net Income Continuous Operations": 2996000.0,
        "Tax Provision": -6985000.0,
        "Pretax Income": -3989000.0,
        "Other Income Expense": -2552000.0,
        "Other Non Operating Income Expenses": -1878000.0,
        "Special Income Charges": -674000.0,
        "Other Special Charges": 674000.0,
        "Write Off": NaN,
        "Net Non Operating Interest Income Expense": -9153000.0,
        "Total Other Finance Cost": NaN,
        "Interest Expense Non Operating": 9153000.0,
        "Operating Income": 7716000.0,
        "Operating Expense": 231142000.0,
        "Selling General And Administration": 231142000.0,
        "Gross Profit": 238858000.0,
        "Cost Of Revenue": 105078000.0,
        "Total Revenue": 343936000.0,
        "Operating Revenue": 343936000.0
    }
}