{
    "2023-12-31": {
        "Tax Effect Of Unusual Items": NaN,
        "Tax Rate For Calcs": NaN,
        "Normalized EBITDA": NaN,
        "Net Income From Continuing Operation Net Minority Interest": NaN,
        "Reconciled Depreciation": NaN,
        "Reconciled Cost Of Revenue": NaN,
        "EBITDA": NaN,
        "EBIT": NaN,
        "Net Interest Income": NaN,
        "Interest Income": NaN,
        "Normalized Income": NaN,
        "Net Income From Continuing And Discontinued Operation": NaN,
        "Total Expenses": NaN,
        "Total Operating Income As Reported": NaN,
        "Diluted Average Shares": 8800172.0,
        "Basic Average Shares": 8545120.0,
        "Diluted EPS": 0.19,
        "Basic EPS": 0.2,
        "Diluted NI Availto Com Stockholders": NaN,
        "Net Income Common Stockholders": NaN,
        "Net Income": NaN,
        "Net Income Including Noncontrolling Interests": NaN,
        "Net Income Continuous Operations": NaN,
        "Tax Provision": NaN,
        "Pretax Income": NaN,
        "Net Non Operating Interest Income Expense": NaN,
        "Interest Income Non Operating": NaN,
        "Operating Income": NaN,
        "Operating Expense": NaN,
        "Research And Development": NaN,
        "Selling General And Administration": NaN,
        "Gross Profit": NaN,
        "Cost Of Revenue": NaN,
        "Total Revenue": NaN,
        "Operating Revenue": NaN
    },
    "2023-09-30": {
        "Tax Effect Of Unusual Items": NaN,
        "Tax Rate For Calcs": NaN,
        "Normalized EBITDA": NaN,
        "Net Income From Continuing Operation Net Minority Interest": NaN,
        "Reconciled Depreciation": NaN,
        "Reconciled Cost Of Revenue": NaN,
        "EBITDA": NaN,
        "EBIT": NaN,
        "Net Interest Income": NaN,
        "Interest Income": NaN,
        "Normalized Income": NaN,
        "Net Income From Continuing And Discontinued Operation": NaN,
        "Total Expenses": NaN,
        "Total Operating Income As Reported": NaN,
        "Diluted Average Shares": 8782824.0,
        "Basic Average Shares": 8537388.0,
        "Diluted EPS": 0.02,
        "Basic EPS": 0.02,
        "Diluted NI Availto Com Stockholders": NaN,
        "Net Income Common Stockholders": NaN,
        "Net Income": NaN,
        "Net Income Including Noncontrolling Interests": NaN,
        "Net Income Continuous Operations": NaN,
        "Tax Provision": NaN,
        "Pretax Income": NaN,
        "Net Non Operating Interest Income Expense": NaN,
        "Interest Income Non Operating": NaN,
        "Operating Income": NaN,
        "Operating Expense": NaN,
        "Research And Development": NaN,
        "Selling General And Administration": NaN,
        "Gross Profit": NaN,
        "Cost Of Revenue": NaN,
        "Total Revenue": NaN,
        "Operating Revenue": NaN
    },
    "2023-06-30": {
        "Tax Effect Of Unusual Items": NaN,
        "Tax Rate For Calcs": NaN,
        "Normalized EBITDA": NaN,
        "Net Income From Continuing Operation Net Minority Interest": NaN,
        "Reconciled Depreciation": NaN,
        "Reconciled Cost Of Revenue": NaN,
        "EBITDA": NaN,
        "EBIT": NaN,
        "Net Interest Income": NaN,
        "Interest Income": NaN,
        "Normalized Income": NaN,
        "Net Income From Continuing And Discontinued Operation": NaN,
        "Total Expenses": NaN,
        "Total Operating Income As Reported": NaN,
        "Diluted Average Shares": 8723700.0,
        "Basic Average Shares": 8511632.0,
        "Diluted EPS": 0.12,
        "Basic EPS": 0.12,
        "Diluted NI Availto Com Stockholders": NaN,
        "Net Income Common Stockholders": NaN,
        "Net Income": NaN,
        "Net Income Including Noncontrolling Interests": NaN,
        "Net Income Continuous Operations": NaN,
        "Tax Provision": NaN,
        "Pretax Income": NaN,
        "Net Non Operating Interest Income Expense": NaN,
        "Interest Income Non Operating": NaN,
        "Operating Income": NaN,
        "Operating Expense": NaN,
        "Research And Development": NaN,
        "Selling General And Administration": NaN,
        "Gross Profit": NaN,
        "Cost Of Revenue": NaN,
        "Total Revenue": NaN,
        "Operating Revenue": NaN
    },
    "2023-03-31": {
        "Tax Effect Of Unusual Items": NaN,
        "Tax Rate For Calcs": NaN,
        "Normalized EBITDA": NaN,
        "Net Income From Continuing Operation Net Minority Interest": NaN,
        "Reconciled Depreciation": NaN,
        "Reconciled Cost Of Revenue": NaN,
        "EBITDA": NaN,
        "EBIT": NaN,
        "Net Interest Income": NaN,
        "Interest Income": NaN,
        "Normalized Income": NaN,
        "Net Income From Continuing And Discontinued Operation": NaN,
        "Total Expenses": NaN,
        "Total Operating Income As Reported": NaN,
        "Diluted Average Shares": 8710106.0,
        "Basic Average Shares": 8461531.0,
        "Diluted EPS": 0.12,
        "Basic EPS": 0.13,
        "Diluted NI Availto Com Stockholders": NaN,
        "Net Income Common Stockholders": NaN,
        "Net Income": NaN,
        "Net Income Including Noncontrolling Interests": NaN,
        "Net Income Continuous Operations": NaN,
        "Tax Provision": NaN,
        "Pretax Income": NaN,
        "Net Non Operating Interest Income Expense": NaN,
        "Interest Income Non Operating": NaN,
        "Operating Income": NaN,
        "Operating Expense": NaN,
        "Research And Development": NaN,
        "Selling General And Administration": NaN,
        "Gross Profit": NaN,
        "Cost Of Revenue": NaN,
        "Total Revenue": NaN,
        "Operating Revenue": NaN
    },
    "2024-03-31": {
        "Tax Effect Of Unusual Items": NaN,
        "Tax Rate For Calcs": NaN,
        "Normalized EBITDA": NaN,
        "Net Income From Continuing Operation Net Minority Interest": NaN,
        "Reconciled Depreciation": NaN,
        "Reconciled Cost Of Revenue": NaN,
        "EBITDA": NaN,
        "EBIT": NaN,
        "Net Interest Income": NaN,
        "Interest Income": NaN,
        "Normalized Income": NaN,
        "Net Income From Continuing And Discontinued Operation": NaN,
        "Total Expenses": NaN,
        "Total Operating Income As Reported": NaN,
        "Diluted Average Shares": 8892821.0,
        "Basic Average Shares": 8565725.0,
        "Diluted EPS": 0.17,
        "Basic EPS": 0.17,
        "Diluted NI Availto Com Stockholders": NaN,
        "Net Income Common Stockholders": NaN,
        "Net Income": NaN,
        "Net Income Including Noncontrolling Interests": NaN,
        "Net Income Continuous Operations": NaN,
        "Tax Provision": NaN,
        "Pretax Income": NaN,
        "Net Non Operating Interest Income Expense": NaN,
        "Interest Income Non Operating": NaN,
        "Operating Income": NaN,
        "Operating Expense": NaN,
        "Research And Development": NaN,
        "Selling General And Administration": NaN,
        "Gross Profit": NaN,
        "Cost Of Revenue": NaN,
        "Total Revenue": NaN,
        "Operating Revenue": NaN
    },
    "2024-06-30": {
        "Tax Effect Of Unusual Items": 0.0,
        "Tax Rate For Calcs": 0.267922,
        "Normalized EBITDA": 2545000.0,
        "Net Income From Continuing Operation Net Minority Interest": 1828000.0,
        "Reconciled Depreciation": 210000.0,
        "Reconciled Cost Of Revenue": 3531000.0,
        "EBITDA": 2545000.0,
        "EBIT": 2335000.0,
        "Net Interest Income": 162000.0,
        "Interest Income": 162000.0,
        "Normalized Income": 1828000.0,
        "Net Income From Continuing And Discontinued Operation": 1828000.0,
        "Total Expenses": 12497000.0,
        "Total Operating Income As Reported": 2335000.0,
        "Diluted Average Shares": NaN,
        "Basic Average Shares": NaN,
        "Diluted EPS": NaN,
        "Basic EPS": NaN,
        "Diluted NI Availto Com Stockholders": 1828000.0,
        "Net Income Common Stockholders": 1828000.0,
        "Net Income": 1828000.0,
        "Net Income Including Noncontrolling Interests": 1828000.0,
        "Net Income Continuous Operations": 1828000.0,
        "Tax Provision": 669000.0,
        "Pretax Income": 2497000.0,
        "Net Non Operating Interest Income Expense": 162000.0,
        "Interest Income Non Operating": 162000.0,
        "Operating Income": 2335000.0,
        "Operating Expense": 8966000.0,
        "Research And Development": 176000.0,
        "Selling General And Administration": 8790000.0,
        "Gross Profit": 11301000.0,
        "Cost Of Revenue": 3531000.0,
        "Total Revenue": 14832000.0,
        "Operating Revenue": 15322000.0
    },
    "2024-09-30": {
        "Tax Effect Of Unusual Items": 0.0,
        "Tax Rate For Calcs": 0.309,
        "Normalized EBITDA": 2158000.0,
        "Net Income From Continuing Operation Net Minority Interest": 1474000.0,
        "Reconciled Depreciation": 220000.0,
        "Reconciled Cost Of Revenue": 3177000.0,
        "EBITDA": 2158000.0,
        "EBIT": 1938000.0,
        "Net Interest Income": 195000.0,
        "Interest Income": 195000.0,
        "Normalized Income": 1474000.0,
        "Net Income From Continuing And Discontinued Operation": 1474000.0,
        "Total Expenses": 12730000.0,
        "Total Operating Income As Reported": 1938000.0,
        "Diluted Average Shares": 8980714.0,
        "Basic Average Shares": 8564489.0,
        "Diluted EPS": 0.16,
        "Basic EPS": 0.17,
        "Diluted NI Availto Com Stockholders": 1474000.0,
        "Net Income Common Stockholders": 1474000.0,
        "Net Income": 1474000.0,
        "Net Income Including Noncontrolling Interests": 1474000.0,
        "Net Income Continuous Operations": 1474000.0,
        "Tax Provision": 659000.0,
        "Pretax Income": 2133000.0,
        "Net Non Operating Interest Income Expense": 195000.0,
        "Interest Income Non Operating": 195000.0,
        "Operating Income": 1938000.0,
        "Operating Expense": 9553000.0,
        "Research And Development": 166000.0,
        "Selling General And Administration": 9387000.0,
        "Gross Profit": 11491000.0,
        "Cost Of Revenue": 3177000.0,
        "Total Revenue": 14668000.0,
        "Operating Revenue": 14668000.0
    },
    "2024-12-31": {
        "Tax Effect Of Unusual Items": 0.0,
        "Tax Rate For Calcs": 0.269,
        "Normalized EBITDA": 2814000.0,
        "Net Income From Continuing Operation Net Minority Interest": 1968000.0,
        "Reconciled Depreciation": 272000.0,
        "Reconciled Cost Of Revenue": 3628000.0,
        "EBITDA": 2814000.0,
        "EBIT": 2542000.0,
        "Net Interest Income": 152000.0,
        "Interest Income": 152000.0,
        "Normalized Income": 1968000.0,
        "Net Income From Continuing And Discontinued Operation": 1968000.0,
        "Total Expenses": 13713000.0,
        "Total Operating Income As Reported": 2542000.0,
        "Diluted Average Shares": 8953349.0,
        "Basic Average Shares": 8424534.0,
        "Diluted EPS": 0.22,
        "Basic EPS": 0.23,
        "Diluted NI Availto Com Stockholders": 1968000.0,
        "Net Income Common Stockholders": 1968000.0,
        "Net Income": 1968000.0,
        "Net Income Including Noncontrolling Interests": 1968000.0,
        "Net Income Continuous Operations": 1968000.0,
        "Tax Provision": 726000.0,
        "Pretax Income": 2694000.0,
        "Net Non Operating Interest Income Expense": 152000.0,
        "Interest Income Non Operating": 152000.0,
        "Operating Income": 2542000.0,
        "Operating Expense": 10085000.0,
        "Research And Development": 251000.0,
        "Selling General And Administration": 9834000.0,
        "Gross Profit": 12627000.0,
        "Cost Of Revenue": 3628000.0,
        "Total Revenue": 16255000.0,
        "Operating Revenue": 16123000.0
    },
    "2025-03-31": {
        "Tax Effect Of Unusual Items": 0.0,
        "Tax Rate For Calcs": 0.171,
        "Normalized EBITDA": 2423000.0,
        "Net Income From Continuing Operation Net Minority Interest": 1891000.0,
        "Reconciled Depreciation": 283000.0,
        "Reconciled Cost Of Revenue": 3455000.0,
        "EBITDA": 2423000.0,
        "EBIT": 2140000.0,
        "Net Interest Income": 142000.0,
        "Interest Income": 142000.0,
        "Normalized Income": 1891000.0,
        "Net Income From Continuing And Discontinued Operation": 1891000.0,
        "Total Expenses": 13544000.0,
        "Total Operating Income As Reported": 2140000.0,
        "Diluted Average Shares": 8967838.0,
        "Basic Average Shares": 8495005.0,
        "Diluted EPS": 0.21,
        "Basic EPS": 0.22,
        "Diluted NI Availto Com Stockholders": 1891000.0,
        "Net Income Common Stockholders": 1891000.0,
        "Net Income": 1891000.0,
        "Net Income Including Noncontrolling Interests": 1891000.0,
        "Net Income Continuous Operations": 1891000.0,
        "Tax Provision": 391000.0,
        "Pretax Income": 2282000.0,
        "Net Non Operating Interest Income Expense": 142000.0,
        "Interest Income Non Operating": 142000.0,
        "Operating Income": 2140000.0,
        "Operating Expense": 10089000.0,
        "Research And Development": 277000.0,
        "Selling General And Administration": 9812000.0,
        "Gross Profit": 12229000.0,
        "Cost Of Revenue": 3455000.0,
        "Total Revenue": 15684000.0,
        "Operating Revenue": 15684000.0
    },
    "2025-06-30": {
        "Tax Effect Of Unusual Items": 0.0,
        "Tax Rate For Calcs": 0.305827,
        "Normalized EBITDA": 3437000.0,
        "Net Income From Continuing Operation Net Minority Interest": 2204000.0,
        "Reconciled Depreciation": 397000.0,
        "Reconciled Cost Of Revenue": 3769000.0,
        "EBITDA": 3437000.0,
        "EBIT": 3040000.0,
        "Net Interest Income": 135000.0,
        "Interest Income": 135000.0,
        "Normalized Income": 2204000.0,
        "Net Income From Continuing And Discontinued Operation": 2204000.0,
        "Total Expenses": 14353000.0,
        "Total Operating Income As Reported": 3040000.0,
        "Diluted Average Shares": 8718900.0,
        "Basic Average Shares": 8334821.0,
        "Diluted EPS": 0.25,
        "Basic EPS": 0.26,
        "Diluted NI Availto Com Stockholders": 2204000.0,
        "Net Income Common Stockholders": 2204000.0,
        "Net Income": 2204000.0,
        "Net Income Including Noncontrolling Interests": 2204000.0,
        "Net Income Continuous Operations": 2204000.0,
        "Tax Provision": 971000.0,
        "Pretax Income": 3175000.0,
        "Net Non Operating Interest Income Expense": 135000.0,
        "Interest Income Non Operating": 135000.0,
        "Operating Income": 3040000.0,
        "Operating Expense": 10584000.0,
        "Research And Development": 302000.0,
        "Selling General And Administration": 10282000.0,
        "Gross Profit": 13624000.0,
        "Cost Of Revenue": 3769000.0,
        "Total Revenue": 17393000.0,
        "Operating Revenue": 17393000.0
    },
    "2025-09-30": {
        "Tax Effect Of Unusual Items": 0.0,
        "Tax Rate For Calcs": 0.238,
        "Normalized EBITDA": 2929000.0,
        "Net Income From Continuing Operation Net Minority Interest": 2136000.0,
        "Reconciled Depreciation": 259000.0,
        "Reconciled Cost Of Revenue": 3690000.0,
        "EBITDA": 2929000.0,
        "EBIT": 2670000.0,
        "Net Interest Income": 134000.0,
        "Interest Income": 134000.0,
        "Normalized Income": 2136000.0,
        "Net Income From Continuing And Discontinued Operation": 2136000.0,
        "Total Expenses": 14217000.0,
        "Total Operating Income As Reported": 2670000.0,
        "Diluted Average Shares": 8681703.0,
        "Basic Average Shares": 8322782.0,
        "Diluted EPS": 0.25,
        "Basic EPS": 0.26,
        "Diluted NI Availto Com Stockholders": 2136000.0,
        "Net Income Common Stockholders": 2136000.0,
        "Net Income": 2136000.0,
        "Net Income Including Noncontrolling Interests": 2136000.0,
        "Net Income Continuous Operations": 2136000.0,
        "Tax Provision": 668000.0,
        "Pretax Income": 2804000.0,
        "Net Non Operating Interest Income Expense": 134000.0,
        "Interest Income Non Operating": 134000.0,
        "Operating Income": 2670000.0,
        "Operating Expense": 10527000.0,
        "Research And Development": 241000.0,
        "Selling General And Administration": 10286000.0,
        "Gross Profit": 13197000.0,
        "Cost Of Revenue": 3690000.0,
        "Total Revenue": 16887000.0,
        "Operating Revenue": 16887000.0
    }
}