{
    "2023-03-31": {
        "Tax Effect Of Unusual Items": NaN,
        "Tax Rate For Calcs": NaN,
        "Normalized EBITDA": NaN,
        "Net Income From Continuing Operation Net Minority Interest": NaN,
        "Reconciled Depreciation": NaN,
        "Reconciled Cost Of Revenue": NaN,
        "EBITDA": NaN,
        "EBIT": NaN,
        "Net Interest Income": NaN,
        "Interest Income": 287000.0,
        "Normalized Income": NaN,
        "Net Income From Continuing And Discontinued Operation": NaN,
        "Total Expenses": NaN,
        "Total Operating Income As Reported": NaN,
        "Diluted Average Shares": NaN,
        "Basic Average Shares": NaN,
        "Diluted EPS": NaN,
        "Basic EPS": NaN,
        "Diluted NI Availto Com Stockholders": NaN,
        "Net Income Common Stockholders": NaN,
        "Net Income": NaN,
        "Net Income Including Noncontrolling Interests": NaN,
        "Net Income Continuous Operations": NaN,
        "Tax Provision": NaN,
        "Pretax Income": NaN,
        "Net Non Operating Interest Income Expense": NaN,
        "Total Other Finance Cost": NaN,
        "Interest Income Non Operating": 287000.0,
        "Operating Income": NaN,
        "Operating Expense": NaN,
        "Research And Development": NaN,
        "Selling General And Administration": NaN,
        "Gross Profit": NaN,
        "Cost Of Revenue": NaN,
        "Total Revenue": NaN,
        "Operating Revenue": NaN
    },
    "2022-12-31": {
        "Tax Effect Of Unusual Items": NaN,
        "Tax Rate For Calcs": NaN,
        "Normalized EBITDA": NaN,
        "Net Income From Continuing Operation Net Minority Interest": NaN,
        "Reconciled Depreciation": NaN,
        "Reconciled Cost Of Revenue": NaN,
        "EBITDA": NaN,
        "EBIT": NaN,
        "Net Interest Income": NaN,
        "Interest Income": NaN,
        "Normalized Income": NaN,
        "Net Income From Continuing And Discontinued Operation": NaN,
        "Total Expenses": NaN,
        "Total Operating Income As Reported": NaN,
        "Diluted Average Shares": NaN,
        "Basic Average Shares": NaN,
        "Diluted EPS": NaN,
        "Basic EPS": NaN,
        "Diluted NI Availto Com Stockholders": NaN,
        "Net Income Common Stockholders": NaN,
        "Net Income": NaN,
        "Net Income Including Noncontrolling Interests": NaN,
        "Net Income Continuous Operations": NaN,
        "Tax Provision": NaN,
        "Pretax Income": NaN,
        "Net Non Operating Interest Income Expense": NaN,
        "Total Other Finance Cost": 795000.0,
        "Interest Income Non Operating": NaN,
        "Operating Income": NaN,
        "Operating Expense": NaN,
        "Research And Development": NaN,
        "Selling General And Administration": NaN,
        "Gross Profit": NaN,
        "Cost Of Revenue": NaN,
        "Total Revenue": NaN,
        "Operating Revenue": NaN
    },
    "2022-09-30": {
        "Tax Effect Of Unusual Items": NaN,
        "Tax Rate For Calcs": NaN,
        "Normalized EBITDA": NaN,
        "Net Income From Continuing Operation Net Minority Interest": NaN,
        "Reconciled Depreciation": NaN,
        "Reconciled Cost Of Revenue": NaN,
        "EBITDA": NaN,
        "EBIT": NaN,
        "Net Interest Income": NaN,
        "Interest Income": 55000.0,
        "Normalized Income": NaN,
        "Net Income From Continuing And Discontinued Operation": NaN,
        "Total Expenses": NaN,
        "Total Operating Income As Reported": NaN,
        "Diluted Average Shares": NaN,
        "Basic Average Shares": NaN,
        "Diluted EPS": NaN,
        "Basic EPS": NaN,
        "Diluted NI Availto Com Stockholders": NaN,
        "Net Income Common Stockholders": NaN,
        "Net Income": NaN,
        "Net Income Including Noncontrolling Interests": NaN,
        "Net Income Continuous Operations": NaN,
        "Tax Provision": NaN,
        "Pretax Income": NaN,
        "Net Non Operating Interest Income Expense": NaN,
        "Total Other Finance Cost": -55000.0,
        "Interest Income Non Operating": 55000.0,
        "Operating Income": NaN,
        "Operating Expense": NaN,
        "Research And Development": NaN,
        "Selling General And Administration": NaN,
        "Gross Profit": NaN,
        "Cost Of Revenue": NaN,
        "Total Revenue": NaN,
        "Operating Revenue": NaN
    },
    "2022-06-30": {
        "Tax Effect Of Unusual Items": 0.0,
        "Tax Rate For Calcs": 0.213166,
        "Normalized EBITDA": 791000.0,
        "Net Income From Continuing Operation Net Minority Interest": 753000.0,
        "Reconciled Depreciation": 445000.0,
        "Reconciled Cost Of Revenue": 7411000.0,
        "EBITDA": 791000.0,
        "EBIT": 346000.0,
        "Net Interest Income": 611000.0,
        "Interest Income": NaN,
        "Normalized Income": 753000.0,
        "Net Income From Continuing And Discontinued Operation": 753000.0,
        "Total Expenses": 8743000.0,
        "Total Operating Income As Reported": 346000.0,
        "Diluted Average Shares": 5850000.0,
        "Basic Average Shares": 5850000.0,
        "Diluted EPS": 0.13,
        "Basic EPS": 0.13,
        "Diluted NI Availto Com Stockholders": 753000.0,
        "Net Income Common Stockholders": 753000.0,
        "Net Income": 753000.0,
        "Net Income Including Noncontrolling Interests": 753000.0,
        "Net Income Continuous Operations": 753000.0,
        "Tax Provision": 204000.0,
        "Pretax Income": 957000.0,
        "Net Non Operating Interest Income Expense": 611000.0,
        "Total Other Finance Cost": -611000.0,
        "Interest Income Non Operating": NaN,
        "Operating Income": 346000.0,
        "Operating Expense": 1332000.0,
        "Research And Development": 26000.0,
        "Selling General And Administration": 1306000.0,
        "Gross Profit": 1678000.0,
        "Cost Of Revenue": 7411000.0,
        "Total Revenue": 9089000.0,
        "Operating Revenue": 9089000.0
    },
    "2022-03-31": {
        "Diluted EPS": 0.11,
        "Total Revenue": 10,
        "Gross Profit": 2,
        "Operating Income": 1,
        "EBIT": 1,
        "Net Income": 1
    },
    "2021-12-31": {
        "Diluted EPS": 0.65,
        "Total Revenue": 10,
        "Gross Profit": 2,
        "Operating Income": 1,
        "EBIT": 1,
        "Net Income": 4
    },
    "2021-09-30": {
        "Diluted EPS": 0.01,
        "Total Revenue": 8,
        "Gross Profit": 1,
        "Operating Income": 0,
        "EBIT": 1,
        "Net Income": 0
    },
    "2021-06-30": {
        "Diluted EPS": 0.16,
        "Total Revenue": 9,
        "Gross Profit": 2,
        "Operating Income": 1,
        "EBIT": 1,
        "Net Income": 1
    },
    "2021-03-31": {
        "Diluted EPS": 0.04,
        "Total Revenue": 7,
        "Gross Profit": 1,
        "Operating Income": 0,
        "EBIT": 1,
        "Net Income": 0
    },
    "2020-12-31": {
        "Diluted EPS": 0.16,
        "Total Revenue": 10,
        "Gross Profit": 2,
        "Operating Income": 1,
        "EBIT": 1,
        "Net Income": 1
    },
    "2020-09-30": {
        "Diluted EPS": 0.14,
        "Total Revenue": 9,
        "Gross Profit": 2,
        "Operating Income": 1,
        "EBIT": 1,
        "Net Income": 1
    },
    "2020-06-30": {
        "Diluted EPS": 0.16,
        "Total Revenue": 9,
        "Gross Profit": 2,
        "Operating Income": 1,
        "EBIT": 1,
        "Net Income": 1
    },
    "2020-03-31": {
        "Diluted EPS": 0.12,
        "Total Revenue": 9,
        "Gross Profit": 2,
        "Operating Income": 1,
        "EBIT": 1,
        "Net Income": 1
    },
    "2019-12-31": {
        "Diluted EPS": 0.08,
        "Total Revenue": 9,
        "Gross Profit": 1,
        "Operating Income": 0,
        "EBIT": 1,
        "Net Income": 0
    },
    "2019-09-30": {
        "Diluted EPS": 0.09,
        "Total Revenue": 9,
        "Gross Profit": 2,
        "Operating Income": 1,
        "EBIT": 1,
        "Net Income": 0
    },
    "2019-06-30": {
        "Diluted EPS": 0.19,
        "Total Revenue": 8,
        "Gross Profit": 1,
        "Operating Income": 0,
        "EBIT": 0,
        "Net Income": 1
    },
    "2019-03-31": {
        "Diluted EPS": 0.12,
        "Total Revenue": 9,
        "Gross Profit": 2,
        "Operating Income": 0,
        "EBIT": 1,
        "Net Income": 0
    },
    "2018-12-31": {
        "Diluted EPS": -0.3,
        "Total Revenue": 8,
        "Gross Profit": 1,
        "Operating Income": 0,
        "EBIT": 0,
        "Net Income": -1
    },
    "2018-09-30": {
        "Diluted EPS": -0.23,
        "Total Revenue": 9,
        "Gross Profit": 1,
        "Operating Income": 0,
        "EBIT": 0,
        "Net Income": 0
    },
    "2018-06-30": {
        "Diluted EPS": -0.42,
        "Total Revenue": 9,
        "Gross Profit": 1,
        "Operating Income": -1,
        "EBIT": 0,
        "Net Income": -1
    },
    "2018-03-31": {
        "Diluted EPS": -0.33,
        "Total Revenue": 9,
        "Gross Profit": 0,
        "Operating Income": -1,
        "EBIT": 0,
        "Net Income": -1
    },
    "2017-12-31": {
        "Diluted EPS": -0.05,
        "Total Revenue": 9,
        "Gross Profit": 1,
        "Operating Income": -1,
        "EBIT": 0,
        "Net Income": -1
    },
    "2017-09-30": {
        "Diluted EPS": -0.59,
        "Total Revenue": 8,
        "Gross Profit": 0,
        "Operating Income": -1,
        "EBIT": 0,
        "Net Income": -1
    },
    "2017-06-30": {
        "Diluted EPS": -0.54,
        "Total Revenue": 7,
        "Gross Profit": 0,
        "Operating Income": -1,
        "EBIT": -1,
        "Net Income": -1
    },
    "2017-03-31": {
        "Diluted EPS": -0.4,
        "Total Revenue": 8,
        "Gross Profit": 0,
        "Operating Income": -1,
        "EBIT": 0,
        "Net Income": -1
    },
    "2016-12-31": {
        "Diluted EPS": -1.5,
        "Total Revenue": 8,
        "Gross Profit": 0,
        "Operating Income": -2,
        "EBIT": -1,
        "Net Income": -3
    },
    "2016-09-30": {
        "Diluted EPS": -0.22,
        "Total Revenue": 9,
        "Gross Profit": 1,
        "Operating Income": 0,
        "EBIT": 0,
        "Net Income": 0
    },
    "2016-06-30": {
        "Diluted EPS": 0.1,
        "Total Revenue": 10,
        "Gross Profit": 1,
        "Operating Income": 0,
        "EBIT": 1,
        "Net Income": 0
    },
    "2016-03-31": {
        "Diluted EPS": -0.2,
        "Total Revenue": 10,
        "Gross Profit": 1,
        "Operating Income": 0,
        "EBIT": 0,
        "Net Income": 0
    },
    "2015-12-31": {
        "Diluted EPS": 0.1,
        "Total Revenue": 10,
        "Gross Profit": 2,
        "Operating Income": 1,
        "EBIT": 1,
        "Net Income": 0
    },
    "2015-09-30": {
        "Diluted EPS": 0.3,
        "Total Revenue": 11,
        "Gross Profit": 2,
        "Operating Income": 1,
        "EBIT": 1,
        "Net Income": 1
    },
    "2015-06-30": {
        "Diluted EPS": 0.2,
        "Total Revenue": 10,
        "Gross Profit": 2,
        "Operating Income": 1,
        "EBIT": 1,
        "Net Income": 0
    },
    "2015-03-31": {
        "Diluted EPS": -0.1,
        "Total Revenue": 10,
        "Gross Profit": 1,
        "Operating Income": 0,
        "EBIT": 0,
        "Net Income": 0
    },
    "2014-12-31": {
        "Diluted EPS": -0.9,
        "Total Revenue": 11,
        "Gross Profit": 1,
        "Operating Income": 0,
        "EBIT": 0,
        "Net Income": -2
    },
    "2014-09-30": {
        "Diluted EPS": -0.25,
        "Total Revenue": 12,
        "Gross Profit": 2,
        "Operating Income": 0,
        "EBIT": 0,
        "Net Income": -1
    },
    "2014-06-30": {
        "Diluted EPS": -0.05,
        "Total Revenue": 12,
        "Gross Profit": 2,
        "Operating Income": 0,
        "EBIT": 0,
        "Net Income": 0
    },
    "2014-03-31": {
        "Diluted EPS": -0.1,
        "Total Revenue": 12,
        "Gross Profit": 2,
        "Operating Income": 0,
        "EBIT": 0,
        "Net Income": 0
    },
    "2013-12-31": {
        "Diluted EPS": 1.95,
        "Total Revenue": 13,
        "Gross Profit": 2,
        "Operating Income": 0,
        "EBIT": 0,
        "Net Income": 3
    },
    "2013-09-30": {
        "Diluted EPS": 0.45,
        "Total Revenue": 13,
        "Gross Profit": 2,
        "Operating Income": 1,
        "EBIT": 1,
        "Net Income": 1
    },
    "2013-06-30": {
        "Diluted EPS": 0.25,
        "Total Revenue": 12,
        "Gross Profit": 2,
        "Operating Income": 1,
        "EBIT": 1,
        "Net Income": 0
    },
    "2013-03-31": {
        "Diluted EPS": 0.1,
        "Total Revenue": 12,
        "Gross Profit": 2,
        "Operating Income": 0,
        "EBIT": 0,
        "Net Income": 0
    },
    "2012-12-31": {
        "Diluted EPS": -0.25,
        "Total Revenue": 11,
        "Gross Profit": 2,
        "Operating Income": 0,
        "EBIT": 0,
        "Net Income": 0
    },
    "2012-09-30": {
        "Diluted EPS": 0.1,
        "Total Revenue": 11,
        "Gross Profit": 2,
        "Operating Income": 0,
        "EBIT": 0,
        "Net Income": 0
    },
    "2012-06-30": {
        "Diluted EPS": 0.25,
        "Total Revenue": 12,
        "Gross Profit": 2,
        "Operating Income": 0,
        "EBIT": 0,
        "Net Income": 0
    },
    "2012-03-31": {
        "Diluted EPS": 0.4,
        "Total Revenue": 12,
        "Gross Profit": 2,
        "Operating Income": 1,
        "EBIT": 1,
        "Net Income": 1
    },
    "2011-12-31": {
        "Diluted EPS": 0.15,
        "Total Revenue": 11,
        "Gross Profit": 2,
        "Operating Income": 0,
        "EBIT": 0,
        "Net Income": 0
    },
    "2011-09-30": {
        "Diluted EPS": 0.45,
        "Total Revenue": 12,
        "Gross Profit": 2,
        "Operating Income": 1,
        "EBIT": 1,
        "Net Income": 1
    },
    "2011-06-30": {
        "Diluted EPS": 0.2,
        "Total Revenue": 12,
        "Gross Profit": 2,
        "Operating Income": 0,
        "EBIT": 0,
        "Net Income": 0
    },
    "2011-03-31": {
        "Diluted EPS": 0.6,
        "Total Revenue": 12,
        "Gross Profit": 2,
        "Operating Income": 1,
        "EBIT": 1,
        "Net Income": 1
    },
    "2010-12-31": {
        "Diluted EPS": -0.5,
        "Total Revenue": 10,
        "Gross Profit": 1,
        "Operating Income": 0,
        "EBIT": 0,
        "Net Income": -1
    },
    "2010-09-30": {
        "Diluted EPS": 0.1,
        "Total Revenue": 9,
        "Gross Profit": 1,
        "Operating Income": 0,
        "EBIT": 0,
        "Net Income": 0
    },
    "2010-06-30": {
        "Diluted EPS": -0.4,
        "Total Revenue": 9,
        "Gross Profit": 1,
        "Operating Income": 0,
        "EBIT": 0,
        "Net Income": -1
    },
    "2010-03-31": {
        "Diluted EPS": -0.5,
        "Total Revenue": 10,
        "Gross Profit": 1,
        "Operating Income": -1,
        "EBIT": -1,
        "Net Income": -1
    },
    "2009-12-31": {
        "Diluted EPS": -0.55,
        "Total Revenue": 9,
        "Gross Profit": 1,
        "Operating Income": -1,
        "EBIT": -1,
        "Net Income": -1
    },
    "2009-09-30": {
        "Diluted EPS": -0.05,
        "Total Revenue": 10,
        "Gross Profit": 1,
        "Operating Income": 0,
        "EBIT": 0,
        "Net Income": 0
    },
    "2009-06-30": {
        "Diluted EPS": -0.15,
        "Total Revenue": 8,
        "Gross Profit": 1,
        "Operating Income": 0,
        "EBIT": 0,
        "Net Income": 0
    },
    "2009-03-31": {
        "Diluted EPS": 0.1,
        "Total Revenue": 9,
        "Gross Profit": 2,
        "Operating Income": 0,
        "EBIT": 0,
        "Net Income": 0
    },
    "2023-06-30": {
        "Tax Effect Of Unusual Items": NaN,
        "Tax Rate For Calcs": NaN,
        "Normalized EBITDA": NaN,
        "Net Income From Continuing Operation Net Minority Interest": NaN,
        "Reconciled Depreciation": NaN,
        "Reconciled Cost Of Revenue": NaN,
        "EBITDA": NaN,
        "EBIT": NaN,
        "Net Interest Income": NaN,
        "Interest Income": NaN,
        "Normalized Income": NaN,
        "Net Income From Continuing And Discontinued Operation": NaN,
        "Total Expenses": NaN,
        "Total Operating Income As Reported": NaN,
        "Diluted Average Shares": NaN,
        "Basic Average Shares": NaN,
        "Diluted EPS": NaN,
        "Basic EPS": NaN,
        "Diluted NI Availto Com Stockholders": NaN,
        "Net Income Common Stockholders": NaN,
        "Net Income": NaN,
        "Net Income Including Noncontrolling Interests": NaN,
        "Net Income Continuous Operations": NaN,
        "Tax Provision": NaN,
        "Pretax Income": NaN,
        "Net Non Operating Interest Income Expense": NaN,
        "Total Other Finance Cost": -190000.0,
        "Interest Income Non Operating": NaN,
        "Operating Income": NaN,
        "Operating Expense": NaN,
        "Research And Development": NaN,
        "Selling General And Administration": NaN,
        "Gross Profit": NaN,
        "Cost Of Revenue": NaN,
        "Total Revenue": NaN,
        "Operating Revenue": NaN
    },
    "2023-09-30": {
        "Tax Effect Of Unusual Items": NaN,
        "Tax Rate For Calcs": NaN,
        "Normalized EBITDA": NaN,
        "Net Income From Continuing Operation Net Minority Interest": NaN,
        "Reconciled Depreciation": NaN,
        "Reconciled Cost Of Revenue": NaN,
        "EBITDA": NaN,
        "EBIT": NaN,
        "Net Interest Income": NaN,
        "Interest Income": 279000.0,
        "Normalized Income": NaN,
        "Net Income From Continuing And Discontinued Operation": NaN,
        "Total Expenses": NaN,
        "Total Operating Income As Reported": NaN,
        "Diluted Average Shares": 5987000.0,
        "Basic Average Shares": 5914000.0,
        "Diluted EPS": 0.36,
        "Basic EPS": 0.36,
        "Diluted NI Availto Com Stockholders": NaN,
        "Net Income Common Stockholders": NaN,
        "Net Income": NaN,
        "Net Income Including Noncontrolling Interests": NaN,
        "Net Income Continuous Operations": NaN,
        "Tax Provision": NaN,
        "Pretax Income": NaN,
        "Net Non Operating Interest Income Expense": NaN,
        "Total Other Finance Cost": NaN,
        "Interest Income Non Operating": 279000.0,
        "Operating Income": NaN,
        "Operating Expense": NaN,
        "Research And Development": NaN,
        "Selling General And Administration": NaN,
        "Gross Profit": NaN,
        "Cost Of Revenue": NaN,
        "Total Revenue": NaN,
        "Operating Revenue": NaN
    },
    "2023-12-31": {
        "Tax Effect Of Unusual Items": 0.0,
        "Tax Rate For Calcs": 0.202038,
        "Normalized EBITDA": 2896000.0,
        "Net Income From Continuing Operation Net Minority Interest": 1331000.0,
        "Reconciled Depreciation": 388000.0,
        "Reconciled Cost Of Revenue": 8865000.0,
        "EBITDA": 2896000.0,
        "EBIT": 2508000.0,
        "Net Interest Income": -709000.0,
        "Interest Income": -608000.0,
        "Normalized Income": 1331000.0,
        "Net Income From Continuing And Discontinued Operation": 1331000.0,
        "Total Expenses": 10319000.0,
        "Total Operating Income As Reported": 2002000.0,
        "Diluted Average Shares": 6074000.0,
        "Basic Average Shares": 5977000.0,
        "Diluted EPS": 0.22,
        "Basic EPS": 0.22,
        "Diluted NI Availto Com Stockholders": 1331000.0,
        "Net Income Common Stockholders": 1331000.0,
        "Net Income": 1331000.0,
        "Net Income Including Noncontrolling Interests": 1331000.0,
        "Net Income Continuous Operations": 1331000.0,
        "Tax Provision": 337000.0,
        "Pretax Income": 1668000.0,
        "Net Non Operating Interest Income Expense": -709000.0,
        "Total Other Finance Cost": NaN,
        "Interest Income Non Operating": -608000.0,
        "Operating Income": 2002000.0,
        "Operating Expense": 1454000.0,
        "Research And Development": 49000.0,
        "Selling General And Administration": 1405000.0,
        "Gross Profit": 3456000.0,
        "Cost Of Revenue": 8865000.0,
        "Total Revenue": 12321000.0,
        "Operating Revenue": 12321000.0
    },
    "2024-03-31": {
        "Tax Effect Of Unusual Items": 0.0,
        "Tax Rate For Calcs": 0.160309,
        "Normalized EBITDA": 2086000.0,
        "Net Income From Continuing Operation Net Minority Interest": 1739000.0,
        "Reconciled Depreciation": 365000.0,
        "Reconciled Cost Of Revenue": 8531000.0,
        "EBITDA": 2086000.0,
        "EBIT": 1721000.0,
        "Net Interest Income": 350000.0,
        "Interest Income": 350000.0,
        "Normalized Income": 1739000.0,
        "Net Income From Continuing And Discontinued Operation": 1739000.0,
        "Total Expenses": 10062000.0,
        "Total Operating Income As Reported": 1721000.0,
        "Diluted Average Shares": 6491000.0,
        "Basic Average Shares": 6376000.0,
        "Diluted EPS": 0.27,
        "Basic EPS": 0.27,
        "Diluted NI Availto Com Stockholders": 1739000.0,
        "Net Income Common Stockholders": 1739000.0,
        "Net Income": 1739000.0,
        "Net Income Including Noncontrolling Interests": 1739000.0,
        "Net Income Continuous Operations": 1739000.0,
        "Tax Provision": 332000.0,
        "Pretax Income": 2071000.0,
        "Net Non Operating Interest Income Expense": 350000.0,
        "Total Other Finance Cost": NaN,
        "Interest Income Non Operating": 350000.0,
        "Operating Income": 1721000.0,
        "Operating Expense": 1531000.0,
        "Research And Development": 15000.0,
        "Selling General And Administration": 1516000.0,
        "Gross Profit": 3252000.0,
        "Cost Of Revenue": 8531000.0,
        "Total Revenue": 11783000.0,
        "Operating Revenue": 11783000.0
    },
    "2024-06-30": {
        "Tax Effect Of Unusual Items": 0.0,
        "Tax Rate For Calcs": 0.159955,
        "Normalized EBITDA": 1158000.0,
        "Net Income From Continuing Operation Net Minority Interest": 751000.0,
        "Reconciled Depreciation": 753000.0,
        "Reconciled Cost Of Revenue": 8830000.0,
        "EBITDA": 1158000.0,
        "EBIT": 405000.0,
        "Net Interest Income": 489000.0,
        "Interest Income": NaN,
        "Normalized Income": 751000.0,
        "Net Income From Continuing And Discontinued Operation": 751000.0,
        "Total Expenses": 10061000.0,
        "Total Operating Income As Reported": 405000.0,
        "Diluted Average Shares": 6827273.0,
        "Basic Average Shares": 6827273.0,
        "Diluted EPS": 0.11,
        "Basic EPS": 0.11,
        "Diluted NI Availto Com Stockholders": 751000.0,
        "Net Income Common Stockholders": 751000.0,
        "Net Income": 751000.0,
        "Net Income Including Noncontrolling Interests": 751000.0,
        "Net Income Continuous Operations": 751000.0,
        "Tax Provision": 143000.0,
        "Pretax Income": 894000.0,
        "Net Non Operating Interest Income Expense": 489000.0,
        "Total Other Finance Cost": -489000.0,
        "Interest Income Non Operating": NaN,
        "Operating Income": 405000.0,
        "Operating Expense": 1231000.0,
        "Research And Development": 47000.0,
        "Selling General And Administration": 1184000.0,
        "Gross Profit": 1636000.0,
        "Cost Of Revenue": 8830000.0,
        "Total Revenue": 10466000.0,
        "Operating Revenue": 10466000.0
    },
    "2024-09-30": {
        "Tax Effect Of Unusual Items": 0.0,
        "Tax Rate For Calcs": 0.162836,
        "Normalized EBITDA": 2296000.0,
        "Net Income From Continuing Operation Net Minority Interest": 1712000.0,
        "Reconciled Depreciation": 388000.0,
        "Reconciled Cost Of Revenue": 10003000.0,
        "EBITDA": 2296000.0,
        "EBIT": 1908000.0,
        "Net Interest Income": 137000.0,
        "Interest Income": 137000.0,
        "Normalized Income": 1712000.0,
        "Net Income From Continuing And Discontinued Operation": 1712000.0,
        "Total Expenses": 11612000.0,
        "Total Operating Income As Reported": 1908000.0,
        "Diluted Average Shares": 6768000.0,
        "Basic Average Shares": 6710000.0,
        "Diluted EPS": 0.25,
        "Basic EPS": 0.26,
        "Diluted NI Availto Com Stockholders": 1712000.0,
        "Net Income Common Stockholders": 1712000.0,
        "Net Income": 1712000.0,
        "Net Income Including Noncontrolling Interests": 1712000.0,
        "Net Income Continuous Operations": 1712000.0,
        "Tax Provision": 333000.0,
        "Pretax Income": 2045000.0,
        "Net Non Operating Interest Income Expense": 137000.0,
        "Total Other Finance Cost": NaN,
        "Interest Income Non Operating": 137000.0,
        "Operating Income": 1908000.0,
        "Operating Expense": 1609000.0,
        "Research And Development": 17000.0,
        "Selling General And Administration": 1592000.0,
        "Gross Profit": 3517000.0,
        "Cost Of Revenue": 10003000.0,
        "Total Revenue": 13520000.0,
        "Operating Revenue": 13520000.0
    },
    "2024-12-31": {
        "Tax Effect Of Unusual Items": 0.0,
        "Tax Rate For Calcs": 0.23,
        "Normalized EBITDA": 1468000.0,
        "Net Income From Continuing Operation Net Minority Interest": 22000.0,
        "Reconciled Depreciation": 405000.0,
        "Reconciled Cost Of Revenue": 8824000.0,
        "EBITDA": 1468000.0,
        "EBIT": 1063000.0,
        "Net Interest Income": -284000.0,
        "Interest Income": -246000.0,
        "Normalized Income": 22000.0,
        "Net Income From Continuing And Discontinued Operation": 22000.0,
        "Total Expenses": 10400000.0,
        "Total Operating Income As Reported": 358000.0,
        "Diluted Average Shares": NaN,
        "Basic Average Shares": NaN,
        "Diluted EPS": NaN,
        "Basic EPS": NaN,
        "Diluted NI Availto Com Stockholders": 22000.0,
        "Net Income Common Stockholders": 22000.0,
        "Net Income": 22000.0,
        "Net Income Including Noncontrolling Interests": 22000.0,
        "Net Income Continuous Operations": 22000.0,
        "Tax Provision": 65000.0,
        "Pretax Income": 87000.0,
        "Net Non Operating Interest Income Expense": -284000.0,
        "Total Other Finance Cost": NaN,
        "Interest Income Non Operating": -246000.0,
        "Operating Income": 358000.0,
        "Operating Expense": 1576000.0,
        "Research And Development": 108000.0,
        "Selling General And Administration": 1468000.0,
        "Gross Profit": 1934000.0,
        "Cost Of Revenue": 8824000.0,
        "Total Revenue": 10758000.0,
        "Operating Revenue": 10758000.0
    }
}