{
    "2023-03-31": {
        "Tax Effect Of Unusual Items": -85.731735,
        "Tax Rate For Calcs": 0.004512,
        "Normalized EBITDA": -1883937.0,
        "Total Unusual Items": -19000.0,
        "Total Unusual Items Excluding Goodwill": -19000.0,
        "Net Income From Continuing Operation Net Minority Interest": -2293361.0,
        "Reconciled Depreciation": 347323.0,
        "EBITDA": -1902937.0,
        "EBIT": -2250260.0,
        "Net Interest Income": -53496.0,
        "Interest Expense": 53496.0,
        "Normalized Income": -2274446.731735,
        "Net Income From Continuing And Discontinued Operation": -2293361.0,
        "Total Expenses": 14663224.0,
        "Total Operating Income As Reported": -2231078.0,
        "Diluted Average Shares": 32495019.0,
        "Basic Average Shares": 32495019.0,
        "Diluted EPS": -0.07,
        "Basic EPS": -0.07,
        "Diluted NI Availto Com Stockholders": -2293361.0,
        "Net Income Common Stockholders": -2293361.0,
        "Net Income": -2293361.0,
        "Net Income Including Noncontrolling Interests": -2293361.0,
        "Net Income Continuous Operations": -2293361.0,
        "Tax Provision": -10395.0,
        "Pretax Income": -2303756.0,
        "Other Income Expense": -19182.0,
        "Other Non Operating Income Expenses": -182.0,
        "Special Income Charges": 0.0,
        "Restructuring And Mergern Acquisition": 0.0,
        "Gain On Sale Of Security": -19000.0,
        "Net Non Operating Interest Income Expense": -53496.0,
        "Interest Expense Non Operating": 53496.0,
        "Operating Income": -2231078.0,
        "Operating Expense": 14663224.0,
        "Depreciation Amortization Depletion Income Statement": 347323.0,
        "Depreciation And Amortization In Income Statement": 347323.0,
        "Selling General And Administration": 14315901.0,
        "Selling And Marketing Expense": 9868154.0,
        "General And Administrative Expense": 4447747.0,
        "Other Gand A": 4447747.0,
        "Total Revenue": 12432146.0,
        "Excise Taxes": 3739751.0,
        "Operating Revenue": 209069012.0
    },
    "2022-12-31": {
        "Tax Effect Of Unusual Items": -861982.080909,
        "Tax Rate For Calcs": 0.167332,
        "Normalized EBITDA": -3996957.0,
        "Total Unusual Items": -5151331.0,
        "Total Unusual Items Excluding Goodwill": -5151331.0,
        "Net Income From Continuing Operation Net Minority Interest": -8065104.0,
        "Reconciled Depreciation": 516611.0,
        "EBITDA": -9148288.0,
        "EBIT": -9664899.0,
        "Net Interest Income": -20958.0,
        "Interest Expense": 20958.0,
        "Normalized Income": -3775755.080909,
        "Net Income From Continuing And Discontinued Operation": -8065104.0,
        "Total Expenses": 14896465.0,
        "Total Operating Income As Reported": -23770634.0,
        "Diluted Average Shares": 30405931.0,
        "Basic Average Shares": 30405931.0,
        "Diluted EPS": -0.29,
        "Basic EPS": -0.29,
        "Diluted NI Availto Com Stockholders": -8065104.0,
        "Net Income Common Stockholders": -8065104.0,
        "Net Income": -8065104.0,
        "Net Income Including Noncontrolling Interests": -8065104.0,
        "Net Income Continuous Operations": -8065104.0,
        "Tax Provision": -1620753.0,
        "Pretax Income": -9685857.0,
        "Other Income Expense": -5272078.0,
        "Other Non Operating Income Expenses": -120747.0,
        "Special Income Charges": -5120581.0,
        "Restructuring And Mergern Acquisition": -15462921.0,
        "Gain On Sale Of Security": -30750.0,
        "Net Non Operating Interest Income Expense": -20958.0,
        "Interest Expense Non Operating": 20958.0,
        "Operating Income": -4392821.0,
        "Operating Expense": 14896465.0,
        "Depreciation Amortization Depletion Income Statement": NaN,
        "Depreciation And Amortization In Income Statement": NaN,
        "Selling General And Administration": 13064261.0,
        "Selling And Marketing Expense": 8676396.0,
        "General And Administrative Expense": 4387865.0,
        "Other Gand A": 4387865.0,
        "Total Revenue": 10503644.0,
        "Excise Taxes": 3116660.0,
        "Operating Revenue": 730908378.0
    },
    "2022-09-30": {
        "Tax Effect Of Unusual Items": -212523.6,
        "Tax Rate For Calcs": 0.4,
        "Normalized EBITDA": -2692291.0,
        "Total Unusual Items": -531309.0,
        "Total Unusual Items Excluding Goodwill": -531309.0,
        "Net Income From Continuing Operation Net Minority Interest": -3823639.0,
        "Reconciled Depreciation": 423361.0,
        "EBITDA": -3223600.0,
        "EBIT": -3646961.0,
        "Net Interest Income": -9104.0,
        "Interest Expense": 9104.0,
        "Normalized Income": -3504853.6,
        "Net Income From Continuing And Discontinued Operation": -3823639.0,
        "Total Expenses": 12683349.0,
        "Total Operating Income As Reported": -3092055.0,
        "Diluted Average Shares": 26942389.0,
        "Basic Average Shares": 26942389.0,
        "Diluted EPS": -0.14,
        "Basic EPS": -0.14,
        "Diluted NI Availto Com Stockholders": -3823639.0,
        "Net Income Common Stockholders": -3823639.0,
        "Net Income": -3823639.0,
        "Net Income Including Noncontrolling Interests": -3823639.0,
        "Net Income Continuous Operations": -3823639.0,
        "Tax Provision": 167574.0,
        "Pretax Income": -3656065.0,
        "Other Income Expense": -554906.0,
        "Other Non Operating Income Expenses": -23597.0,
        "Special Income Charges": -482059.0,
        "Restructuring And Mergern Acquisition": 482059.0,
        "Gain On Sale Of Security": -49250.0,
        "Net Non Operating Interest Income Expense": -9104.0,
        "Interest Expense Non Operating": 9104.0,
        "Operating Income": -3092055.0,
        "Operating Expense": 12683349.0,
        "Depreciation Amortization Depletion Income Statement": NaN,
        "Depreciation And Amortization In Income Statement": NaN,
        "Selling General And Administration": 12683349.0,
        "Selling And Marketing Expense": 6874581.0,
        "General And Administrative Expense": 5808768.0,
        "Other Gand A": 5808768.0,
        "Total Revenue": 9591294.0,
        "Excise Taxes": 2822830.0,
        "Operating Revenue": 12414124.0
    },
    "2022-06-30": {
        "Tax Effect Of Unusual Items": -52120.964684,
        "Tax Rate For Calcs": 0.031465,
        "Normalized EBITDA": -1819807.0,
        "Total Unusual Items": -1656450.0,
        "Total Unusual Items Excluding Goodwill": -1656450.0,
        "Net Income From Continuing Operation Net Minority Interest": -3815259.0,
        "Reconciled Depreciation": 453273.0,
        "EBITDA": -3476257.0,
        "EBIT": -3929530.0,
        "Net Interest Income": -9678.0,
        "Interest Expense": 9678.0,
        "Normalized Income": -2210929.964684,
        "Net Income From Continuing And Discontinued Operation": -3815259.0,
        "Total Expenses": 12639977.0,
        "Total Operating Income As Reported": -3497931.0,
        "Diluted Average Shares": 24118752.0,
        "Basic Average Shares": 24118752.0,
        "Diluted EPS": -0.16,
        "Basic EPS": -0.16,
        "Diluted NI Availto Com Stockholders": -3815259.0,
        "Net Income Common Stockholders": -3815259.0,
        "Net Income": -3815259.0,
        "Net Income Including Noncontrolling Interests": -3815259.0,
        "Net Income Continuous Operations": -3815259.0,
        "Tax Provision": -123949.0,
        "Pretax Income": -3939208.0,
        "Other Income Expense": -1637288.0,
        "Other Non Operating Income Expenses": 19162.0,
        "Special Income Charges": -1671450.0,
        "Restructuring And Mergern Acquisition": 1671450.0,
        "Gain On Sale Of Security": 15000.0,
        "Net Non Operating Interest Income Expense": -9678.0,
        "Interest Expense Non Operating": 9678.0,
        "Operating Income": -2292242.0,
        "Operating Expense": 12639977.0,
        "Depreciation Amortization Depletion Income Statement": NaN,
        "Depreciation And Amortization In Income Statement": NaN,
        "Selling General And Administration": 12639977.0,
        "Selling And Marketing Expense": 7868719.0,
        "General And Administrative Expense": 4771258.0,
        "Other Gand A": 4771258.0,
        "Total Revenue": 10347735.0,
        "Excise Taxes": 3117380.0,
        "Operating Revenue": 13465115.0
    },
    "2022-03-31": {
        "Diluted EPS": -0.11,
        "Total Revenue": 12,
        "Gross Profit": 12,
        "Operating Income": -2,
        "EBIT": -2,
        "Net Income": -3
    },
    "2021-12-31": {
        "Diluted EPS": -0.36,
        "Total Revenue": 12,
        "Gross Profit": 12,
        "Operating Income": -20,
        "EBIT": -20,
        "Net Income": -8
    },
    "2021-09-30": {
        "Diluted EPS": -0.15,
        "Total Revenue": 8,
        "Gross Profit": 8,
        "Operating Income": -3,
        "EBIT": -3,
        "Net Income": -4
    },
    "2021-06-30": {
        "Diluted EPS": -0.13,
        "Total Revenue": 12,
        "Gross Profit": 12,
        "Operating Income": -3,
        "EBIT": -2,
        "Net Income": -3
    },
    "2021-03-31": {
        "Diluted EPS": -0.03,
        "Total Revenue": 14,
        "Gross Profit": 14,
        "Operating Income": -1,
        "EBIT": 0,
        "Net Income": -1
    },
    "2020-12-31": {
        "Diluted EPS": -0.44,
        "Total Revenue": 13,
        "Gross Profit": 13,
        "Operating Income": -6,
        "EBIT": -6,
        "Net Income": -6
    },
    "2020-09-30": {
        "Diluted EPS": -0.08,
        "Total Revenue": 10,
        "Gross Profit": 10,
        "Operating Income": -1,
        "EBIT": 0,
        "Net Income": -1
    },
    "2020-06-30": {
        "Diluted EPS": -0.2,
        "Total Revenue": 5,
        "Gross Profit": 5,
        "Operating Income": -2,
        "EBIT": -2,
        "Net Income": -3
    },
    "2020-03-31": {
        "Diluted EPS": 0.01,
        "Total Revenue": 10,
        "Gross Profit": 10,
        "Operating Income": 1,
        "EBIT": 2,
        "Net Income": 0
    },
    "2019-12-31": {
        "Diluted EPS": -0.33,
        "Total Revenue": 10,
        "Gross Profit": 10,
        "Operating Income": 11,
        "EBIT": 9,
        "Net Income": -4
    },
    "2019-09-30": {
        "Diluted EPS": -0.08,
        "Total Revenue": 7,
        "Gross Profit": 7,
        "Operating Income": 0,
        "EBIT": 2,
        "Net Income": -1
    },
    "2019-06-30": {
        "Diluted EPS": -0.17,
        "Total Revenue": 9,
        "Gross Profit": 9,
        "Operating Income": -1,
        "EBIT": 0,
        "Net Income": -2
    },
    "2019-03-31": {
        "Diluted EPS": -0.33,
        "Total Revenue": 9,
        "Gross Profit": 9,
        "Operating Income": -1,
        "EBIT": 0,
        "Net Income": -3
    },
    "2018-12-31": {
        "Diluted EPS": -0.18,
        "Total Revenue": 9,
        "Gross Profit": 9,
        "Operating Income": -1,
        "EBIT": 1,
        "Net Income": -2
    },
    "2018-09-30": {
        "Diluted EPS": -0.14,
        "Total Revenue": 8,
        "Gross Profit": 8,
        "Operating Income": -1,
        "EBIT": -1,
        "Net Income": -1
    },
    "2018-06-30": {
        "Diluted EPS": -0.13,
        "Total Revenue": 9,
        "Gross Profit": 9,
        "Operating Income": 1,
        "EBIT": 2,
        "Net Income": -1
    },
    "2018-03-31": {
        "Diluted EPS": 0.07,
        "Total Revenue": 9,
        "Gross Profit": 9,
        "Operating Income": 0,
        "EBIT": 1,
        "Net Income": 1
    },
    "2017-12-31": {
        "Diluted EPS": 0.03,
        "Total Revenue": 10,
        "Gross Profit": 10,
        "Operating Income": 2,
        "EBIT": 3,
        "Net Income": 2
    },
    "2017-09-30": {
        "Diluted EPS": 0.0,
        "Total Revenue": 5,
        "Gross Profit": 5,
        "Operating Income": 1,
        "EBIT": 1,
        "Net Income": 0
    },
    "2017-06-30": {
        "Diluted EPS": 0.0,
        "Total Revenue": 4,
        "Gross Profit": 4,
        "Operating Income": 0,
        "EBIT": 0,
        "Net Income": 0
    },
    "2017-03-31": {
        "Diluted EPS": -0.01,
        "Total Revenue": 4,
        "Gross Profit": 4,
        "Operating Income": -1,
        "EBIT": -1,
        "Net Income": -1
    },
    "2016-12-31": {
        "Diluted EPS": -0.01,
        "Total Revenue": 3,
        "Gross Profit": 3,
        "Operating Income": -1,
        "EBIT": -1,
        "Net Income": -1
    },
    "2016-09-30": {
        "Diluted EPS": 0.0,
        "Total Revenue": 3,
        "Gross Profit": 3,
        "Operating Income": 1,
        "EBIT": 1,
        "Net Income": 0
    },
    "2016-06-30": {
        "Diluted EPS": -0.01,
        "Total Revenue": 2,
        "Gross Profit": 2,
        "Operating Income": 0,
        "EBIT": 0,
        "Net Income": 0
    },
    "2016-03-31": {
        "Diluted EPS": -0.02,
        "Total Revenue": 2,
        "Gross Profit": 2,
        "Operating Income": 0,
        "EBIT": 0,
        "Net Income": 0
    },
    "2015-12-31": {
        "Diluted EPS": 0.0,
        "Total Revenue": NaN,
        "Gross Profit": NaN,
        "Operating Income": NaN,
        "EBIT": NaN,
        "Net Income": NaN
    },
    "2015-09-30": {
        "Diluted EPS": -0.02,
        "Total Revenue": 1,
        "Gross Profit": 1,
        "Operating Income": 0,
        "EBIT": 0,
        "Net Income": 0
    },
    "2015-06-30": {
        "Diluted EPS": -0.02,
        "Total Revenue": 1,
        "Gross Profit": 1,
        "Operating Income": 0,
        "EBIT": 0,
        "Net Income": 0
    },
    "2023-06-30": {
        "Tax Effect Of Unusual Items": -34.658591,
        "Tax Rate For Calcs": 0.034693,
        "Normalized EBITDA": -3200676.0,
        "Total Unusual Items": -999.0,
        "Total Unusual Items Excluding Goodwill": -999.0,
        "Net Income From Continuing Operation Net Minority Interest": -3549121.0,
        "Reconciled Depreciation": 344000.0,
        "EBITDA": -3201675.0,
        "EBIT": -3545676.0,
        "Net Interest Income": -131001.0,
        "Interest Expense": 131001.0,
        "Normalized Income": -3548156.658591,
        "Net Income From Continuing And Discontinued Operation": -3549121.0,
        "Total Expenses": 14878263.0,
        "Total Operating Income As Reported": -3541622.0,
        "Diluted Average Shares": 33898731.0,
        "Basic Average Shares": 33898731.0,
        "Diluted EPS": -0.1,
        "Basic EPS": -0.1,
        "Diluted NI Availto Com Stockholders": -3549121.0,
        "Net Income Common Stockholders": -3549121.0,
        "Net Income": -3549121.0,
        "Net Income Including Noncontrolling Interests": -3549121.0,
        "Net Income Continuous Operations": -3549121.0,
        "Tax Provision": -127556.0,
        "Pretax Income": -3676677.0,
        "Other Income Expense": -4054.0,
        "Other Non Operating Income Expenses": -3055.0,
        "Special Income Charges": 0.0,
        "Restructuring And Mergern Acquisition": 0.0,
        "Gain On Sale Of Security": -999.0,
        "Net Non Operating Interest Income Expense": -131001.0,
        "Interest Expense Non Operating": 131001.0,
        "Operating Income": -3541622.0,
        "Operating Expense": 14878263.0,
        "Depreciation Amortization Depletion Income Statement": 344001.0,
        "Depreciation And Amortization In Income Statement": 344001.0,
        "Selling General And Administration": 14534262.0,
        "Selling And Marketing Expense": 9565920.0,
        "General And Administrative Expense": 4968342.0,
        "Other Gand A": 4968342.0,
        "Total Revenue": 11336641.0,
        "Excise Taxes": 3381599.0,
        "Operating Revenue": 215349591.0
    }
}