{
    "2023-03-31": {
        "Tax Effect Of Unusual Items": 0.0,
        "Tax Rate For Calcs": 0.21,
        "Normalized EBITDA": 59300000.0,
        "Net Income From Continuing Operation Net Minority Interest": 14000000.0,
        "Reconciled Depreciation": 8000000.0,
        "Reconciled Cost Of Revenue": 87300000.0,
        "EBITDA": 59300000.0,
        "EBIT": 51300000.0,
        "Net Interest Income": -26800000.0,
        "Interest Expense": 26800000.0,
        "Normalized Income": 14000000.0,
        "Net Income From Continuing And Discontinued Operation": 14000000.0,
        "Total Expenses": 221500000.0,
        "Total Operating Income As Reported": 55600000.0,
        "Diluted Average Shares": 57513000.0,
        "Basic Average Shares": 57260000.0,
        "Diluted EPS": 0.24,
        "Basic EPS": 0.24,
        "Diluted NI Availto Com Stockholders": 14000000.0,
        "Net Income Common Stockholders": 14000000.0,
        "Net Income": 14000000.0,
        "Net Income Including Noncontrolling Interests": 14000000.0,
        "Net Income Continuous Operations": 14000000.0,
        "Tax Provision": 10500000.0,
        "Pretax Income": 24500000.0,
        "Other Income Expense": -4300000.0,
        "Other Non Operating Income Expenses": -4300000.0,
        "Net Non Operating Interest Income Expense": -26800000.0,
        "Interest Expense Non Operating": 26800000.0,
        "Operating Income": 55600000.0,
        "Operating Expense": 134200000.0,
        "Other Operating Expenses": 26900000.0,
        "Research And Development": 22100000.0,
        "Selling General And Administration": 85200000.0,
        "Selling And Marketing Expense": NaN,
        "General And Administrative Expense": NaN,
        "Salaries And Wages": NaN,
        "Gross Profit": 189800000.0,
        "Cost Of Revenue": 87300000.0,
        "Total Revenue": 277100000.0,
        "Operating Revenue": 277100000.0
    },
    "2022-12-31": {
        "Tax Effect Of Unusual Items": 0.0,
        "Tax Rate For Calcs": 0.373,
        "Normalized EBITDA": 88900000.0,
        "Net Income From Continuing Operation Net Minority Interest": 35200000.0,
        "Reconciled Depreciation": 7200000.0,
        "Reconciled Cost Of Revenue": 86900000.0,
        "EBITDA": 88900000.0,
        "EBIT": 81700000.0,
        "Net Interest Income": -25600000.0,
        "Interest Expense": 25600000.0,
        "Normalized Income": 35200000.0,
        "Net Income From Continuing And Discontinued Operation": 35200000.0,
        "Total Expenses": 186900000.0,
        "Total Operating Income As Reported": 88800000.0,
        "Diluted Average Shares": 57484000.0,
        "Basic Average Shares": 57113000.0,
        "Diluted EPS": 0.61,
        "Basic EPS": 0.62,
        "Diluted NI Availto Com Stockholders": 35200000.0,
        "Net Income Common Stockholders": 35200000.0,
        "Net Income": 35200000.0,
        "Net Income Including Noncontrolling Interests": 35200000.0,
        "Net Income Continuous Operations": 35200000.0,
        "Tax Provision": 20900000.0,
        "Pretax Income": 56100000.0,
        "Other Income Expense": -7100000.0,
        "Other Non Operating Income Expenses": -7100000.0,
        "Net Non Operating Interest Income Expense": -25600000.0,
        "Interest Expense Non Operating": 25600000.0,
        "Operating Income": 88800000.0,
        "Operating Expense": 100000000.0,
        "Other Operating Expenses": 10300000.0,
        "Research And Development": 16900000.0,
        "Selling General And Administration": 72800000.0,
        "Selling And Marketing Expense": NaN,
        "General And Administrative Expense": NaN,
        "Salaries And Wages": NaN,
        "Gross Profit": 188800000.0,
        "Cost Of Revenue": 86900000.0,
        "Total Revenue": 275700000.0,
        "Operating Revenue": 275700000.0
    },
    "2022-09-30": {
        "Tax Effect Of Unusual Items": -22060727.272727,
        "Tax Rate For Calcs": 0.374545,
        "Normalized EBITDA": 53200000.0,
        "Total Unusual Items": -58900000.0,
        "Total Unusual Items Excluding Goodwill": -58900000.0,
        "Net Income From Continuing Operation Net Minority Interest": -17200000.0,
        "Reconciled Depreciation": 7500000.0,
        "Reconciled Cost Of Revenue": 97700000.0,
        "EBITDA": -5700000.0,
        "EBIT": -5700000.0,
        "Net Interest Income": -21800000.0,
        "Interest Expense": 21800000.0,
        "Normalized Income": 19639272.727273,
        "Net Income From Continuing And Discontinued Operation": -17200000.0,
        "Total Expenses": 218700000.0,
        "Total Operating Income As Reported": -3000000.0,
        "Diluted Average Shares": 57333333.0,
        "Basic Average Shares": 57333333.0,
        "Diluted EPS": -0.3,
        "Basic EPS": -0.3,
        "Diluted NI Availto Com Stockholders": -17200000.0,
        "Net Income Common Stockholders": -17200000.0,
        "Net Income": -17200000.0,
        "Net Income Including Noncontrolling Interests": -17200000.0,
        "Net Income Continuous Operations": -17200000.0,
        "Tax Provision": -10300000.0,
        "Pretax Income": -27500000.0,
        "Other Income Expense": -61600000.0,
        "Other Non Operating Income Expenses": -2700000.0,
        "Special Income Charges": -58900000.0,
        "Impairment Of Capital Assets": 58900000.0,
        "Net Non Operating Interest Income Expense": -21800000.0,
        "Interest Expense Non Operating": 21800000.0,
        "Operating Income": 55900000.0,
        "Operating Expense": 121000000.0,
        "Other Operating Expenses": 21200000.0,
        "Research And Development": 17900000.0,
        "Selling General And Administration": 81900000.0,
        "Selling And Marketing Expense": NaN,
        "General And Administrative Expense": NaN,
        "Salaries And Wages": NaN,
        "Gross Profit": 176900000.0,
        "Cost Of Revenue": 97700000.0,
        "Total Revenue": 274600000.0,
        "Operating Revenue": 274600000.0
    },
    "2022-06-30": {
        "Tax Effect Of Unusual Items": 0.0,
        "Tax Rate For Calcs": 0.152,
        "Normalized EBITDA": 102200000.0,
        "Total Unusual Items": NaN,
        "Total Unusual Items Excluding Goodwill": NaN,
        "Net Income From Continuing Operation Net Minority Interest": 62400000.0,
        "Reconciled Depreciation": 9100000.0,
        "Reconciled Cost Of Revenue": 88200000.0,
        "EBITDA": 102200000.0,
        "EBIT": 93100000.0,
        "Net Interest Income": -19500000.0,
        "Interest Expense": 19500000.0,
        "Normalized Income": 62400000.0,
        "Net Income From Continuing And Discontinued Operation": 62400000.0,
        "Total Expenses": 194000000.0,
        "Total Operating Income As Reported": 97100000.0,
        "Diluted Average Shares": 58207000.0,
        "Basic Average Shares": 57802000.0,
        "Diluted EPS": 1.07,
        "Basic EPS": 1.08,
        "Diluted NI Availto Com Stockholders": 62400000.0,
        "Net Income Common Stockholders": 62400000.0,
        "Net Income": 62400000.0,
        "Net Income Including Noncontrolling Interests": 62400000.0,
        "Net Income Continuous Operations": 62400000.0,
        "Tax Provision": 11200000.0,
        "Pretax Income": 73600000.0,
        "Other Income Expense": -4000000.0,
        "Other Non Operating Income Expenses": -4000000.0,
        "Special Income Charges": NaN,
        "Impairment Of Capital Assets": NaN,
        "Net Non Operating Interest Income Expense": -19500000.0,
        "Interest Expense Non Operating": 19500000.0,
        "Operating Income": 97100000.0,
        "Operating Expense": 105800000.0,
        "Other Operating Expenses": 7700000.0,
        "Research And Development": 14300000.0,
        "Selling General And Administration": 83800000.0,
        "Selling And Marketing Expense": NaN,
        "General And Administrative Expense": NaN,
        "Salaries And Wages": NaN,
        "Gross Profit": 202900000.0,
        "Cost Of Revenue": 88200000.0,
        "Total Revenue": 291100000.0,
        "Operating Revenue": 291100000.0
    },
    "2022-03-31": {
        "Diluted EPS": 1.38,
        "Total Revenue": 275,
        "Gross Profit": 191,
        "Operating Income": 99,
        "EBIT": 106,
        "Net Income": 80
    },
    "2021-12-31": {
        "Diluted EPS": 1.73,
        "Total Revenue": 289,
        "Gross Profit": 204,
        "Operating Income": 117,
        "EBIT": 125,
        "Net Income": 99
    },
    "2021-09-30": {
        "Diluted EPS": 3.6,
        "Total Revenue": 301,
        "Gross Profit": 210,
        "Operating Income": 117,
        "EBIT": 126,
        "Net Income": 97
    },
    "2021-06-30": {
        "Diluted EPS": 1.81,
        "Total Revenue": 295,
        "Gross Profit": 203,
        "Operating Income": 124,
        "EBIT": 134,
        "Net Income": 105
    },
    "2021-03-31": {
        "Diluted EPS": 1.87,
        "Total Revenue": 284,
        "Gross Profit": 196,
        "Operating Income": 126,
        "EBIT": 137,
        "Net Income": 108
    },
    "2020-12-31": {
        "Diluted EPS": 0.0,
        "Total Revenue": 285,
        "Gross Profit": 191,
        "Operating Income": 124,
        "EBIT": 133,
        "Net Income": 105
    },
    "2020-09-30": {
        "Diluted EPS": 0.0,
        "Total Revenue": NaN,
        "Gross Profit": NaN,
        "Operating Income": NaN,
        "EBIT": NaN,
        "Net Income": NaN
    },
    "2023-06-30": {
        "Tax Effect Of Unusual Items": NaN,
        "Tax Rate For Calcs": NaN,
        "Normalized EBITDA": NaN,
        "Total Unusual Items": NaN,
        "Total Unusual Items Excluding Goodwill": NaN,
        "Net Income From Continuing Operation Net Minority Interest": NaN,
        "Reconciled Depreciation": NaN,
        "Reconciled Cost Of Revenue": NaN,
        "EBITDA": NaN,
        "EBIT": NaN,
        "Net Interest Income": NaN,
        "Interest Expense": NaN,
        "Normalized Income": NaN,
        "Net Income From Continuing And Discontinued Operation": NaN,
        "Total Expenses": NaN,
        "Total Operating Income As Reported": NaN,
        "Diluted Average Shares": NaN,
        "Basic Average Shares": NaN,
        "Diluted EPS": NaN,
        "Basic EPS": NaN,
        "Diluted NI Availto Com Stockholders": NaN,
        "Net Income Common Stockholders": NaN,
        "Net Income": NaN,
        "Net Income Including Noncontrolling Interests": NaN,
        "Net Income Continuous Operations": NaN,
        "Tax Provision": NaN,
        "Pretax Income": NaN,
        "Other Income Expense": NaN,
        "Other Non Operating Income Expenses": NaN,
        "Special Income Charges": NaN,
        "Restructuring And Mergern Acquisition": NaN,
        "Net Non Operating Interest Income Expense": NaN,
        "Interest Expense Non Operating": NaN,
        "Operating Income": NaN,
        "Operating Expense": NaN,
        "Other Operating Expenses": NaN,
        "Depreciation Amortization Depletion Income Statement": NaN,
        "Depreciation And Amortization In Income Statement": NaN,
        "Amortization": NaN,
        "Amortization Of Intangibles Income Statement": NaN,
        "Research And Development": NaN,
        "Selling General And Administration": NaN,
        "Selling And Marketing Expense": 83000000.0,
        "General And Administrative Expense": 4600000.0,
        "Salaries And Wages": 4600000.0,
        "Gross Profit": NaN,
        "Cost Of Revenue": NaN,
        "Total Revenue": NaN,
        "Operating Revenue": NaN
    },
    "2023-09-30": {
        "Tax Effect Of Unusual Items": NaN,
        "Tax Rate For Calcs": NaN,
        "Normalized EBITDA": NaN,
        "Total Unusual Items": NaN,
        "Total Unusual Items Excluding Goodwill": NaN,
        "Net Income From Continuing Operation Net Minority Interest": NaN,
        "Reconciled Depreciation": NaN,
        "Reconciled Cost Of Revenue": NaN,
        "EBITDA": NaN,
        "EBIT": NaN,
        "Net Interest Income": NaN,
        "Interest Expense": NaN,
        "Normalized Income": NaN,
        "Net Income From Continuing And Discontinued Operation": NaN,
        "Total Expenses": NaN,
        "Total Operating Income As Reported": NaN,
        "Diluted Average Shares": 60000000.0,
        "Basic Average Shares": 60000000.0,
        "Diluted EPS": 0.1,
        "Basic EPS": 0.1,
        "Diluted NI Availto Com Stockholders": NaN,
        "Net Income Common Stockholders": NaN,
        "Net Income": NaN,
        "Net Income Including Noncontrolling Interests": NaN,
        "Net Income Continuous Operations": NaN,
        "Tax Provision": NaN,
        "Pretax Income": NaN,
        "Other Income Expense": NaN,
        "Other Non Operating Income Expenses": NaN,
        "Special Income Charges": NaN,
        "Restructuring And Mergern Acquisition": NaN,
        "Net Non Operating Interest Income Expense": NaN,
        "Interest Expense Non Operating": NaN,
        "Operating Income": NaN,
        "Operating Expense": NaN,
        "Other Operating Expenses": 34200000.0,
        "Depreciation Amortization Depletion Income Statement": NaN,
        "Depreciation And Amortization In Income Statement": NaN,
        "Amortization": NaN,
        "Amortization Of Intangibles Income Statement": NaN,
        "Research And Development": NaN,
        "Selling General And Administration": NaN,
        "Gross Profit": NaN,
        "Cost Of Revenue": NaN,
        "Total Revenue": NaN,
        "Operating Revenue": NaN
    },
    "2023-12-31": {
        "Tax Effect Of Unusual Items": NaN,
        "Tax Rate For Calcs": NaN,
        "Normalized EBITDA": NaN,
        "Total Unusual Items": -28300000.0,
        "Total Unusual Items Excluding Goodwill": -28300000.0,
        "Net Income From Continuing Operation Net Minority Interest": NaN,
        "Reconciled Depreciation": NaN,
        "Reconciled Cost Of Revenue": NaN,
        "EBITDA": NaN,
        "EBIT": NaN,
        "Net Interest Income": NaN,
        "Interest Expense": NaN,
        "Normalized Income": NaN,
        "Net Income From Continuing And Discontinued Operation": NaN,
        "Total Expenses": NaN,
        "Total Operating Income As Reported": NaN,
        "Diluted Average Shares": NaN,
        "Basic Average Shares": NaN,
        "Diluted EPS": NaN,
        "Basic EPS": NaN,
        "Diluted NI Availto Com Stockholders": NaN,
        "Net Income Common Stockholders": NaN,
        "Net Income": NaN,
        "Net Income Including Noncontrolling Interests": NaN,
        "Net Income Continuous Operations": NaN,
        "Tax Provision": NaN,
        "Pretax Income": NaN,
        "Other Income Expense": NaN,
        "Other Non Operating Income Expenses": NaN,
        "Special Income Charges": -28300000.0,
        "Restructuring And Mergern Acquisition": 28300000.0,
        "Net Non Operating Interest Income Expense": NaN,
        "Interest Expense Non Operating": NaN,
        "Operating Income": NaN,
        "Operating Expense": NaN,
        "Other Operating Expenses": 1200000.0,
        "Depreciation Amortization Depletion Income Statement": 400000.0,
        "Depreciation And Amortization In Income Statement": 400000.0,
        "Amortization": 400000.0,
        "Amortization Of Intangibles Income Statement": 400000.0,
        "Research And Development": NaN,
        "Selling General And Administration": NaN,
        "Gross Profit": NaN,
        "Cost Of Revenue": NaN,
        "Total Revenue": NaN,
        "Operating Revenue": NaN
    },
    "2024-03-31": {
        "Tax Effect Of Unusual Items": NaN,
        "Tax Rate For Calcs": NaN,
        "Normalized EBITDA": NaN,
        "Total Unusual Items": -33600000.0,
        "Total Unusual Items Excluding Goodwill": -33600000.0,
        "Net Income From Continuing Operation Net Minority Interest": NaN,
        "Reconciled Depreciation": NaN,
        "Reconciled Cost Of Revenue": NaN,
        "EBITDA": NaN,
        "EBIT": NaN,
        "Net Interest Income": NaN,
        "Interest Expense": NaN,
        "Normalized Income": NaN,
        "Net Income From Continuing And Discontinued Operation": NaN,
        "Total Expenses": NaN,
        "Total Operating Income As Reported": NaN,
        "Diluted Average Shares": NaN,
        "Basic Average Shares": NaN,
        "Diluted EPS": NaN,
        "Basic EPS": NaN,
        "Diluted NI Availto Com Stockholders": NaN,
        "Net Income Common Stockholders": NaN,
        "Net Income": NaN,
        "Net Income Including Noncontrolling Interests": NaN,
        "Net Income Continuous Operations": NaN,
        "Tax Provision": NaN,
        "Pretax Income": NaN,
        "Other Income Expense": NaN,
        "Other Non Operating Income Expenses": NaN,
        "Special Income Charges": -33600000.0,
        "Other Special Charges": NaN,
        "Restructuring And Mergern Acquisition": 33600000.0,
        "Net Non Operating Interest Income Expense": NaN,
        "Interest Expense Non Operating": NaN,
        "Operating Income": NaN,
        "Operating Expense": NaN,
        "Other Operating Expenses": 700000.0,
        "Depreciation Amortization Depletion Income Statement": 1200000.0,
        "Depreciation And Amortization In Income Statement": 1200000.0,
        "Amortization": 1200000.0,
        "Amortization Of Intangibles Income Statement": 1200000.0,
        "Research And Development": NaN,
        "Selling General And Administration": NaN,
        "Gross Profit": NaN,
        "Cost Of Revenue": NaN,
        "Total Revenue": NaN,
        "Operating Revenue": NaN
    },
    "2024-06-30": {
        "Tax Effect Of Unusual Items": NaN,
        "Tax Rate For Calcs": NaN,
        "Normalized EBITDA": NaN,
        "Total Unusual Items": -25800000.0,
        "Total Unusual Items Excluding Goodwill": -25800000.0,
        "Net Income From Continuing Operation Net Minority Interest": NaN,
        "Reconciled Depreciation": NaN,
        "Reconciled Cost Of Revenue": NaN,
        "EBITDA": NaN,
        "EBIT": NaN,
        "Net Interest Income": NaN,
        "Interest Expense": NaN,
        "Normalized Income": NaN,
        "Net Income From Continuing And Discontinued Operation": NaN,
        "Total Expenses": NaN,
        "Total Operating Income As Reported": NaN,
        "Diluted Average Shares": NaN,
        "Basic Average Shares": NaN,
        "Diluted EPS": NaN,
        "Basic EPS": NaN,
        "Diluted NI Availto Com Stockholders": NaN,
        "Net Income Common Stockholders": NaN,
        "Net Income": NaN,
        "Net Income Including Noncontrolling Interests": NaN,
        "Net Income Continuous Operations": NaN,
        "Tax Provision": NaN,
        "Pretax Income": NaN,
        "Other Income Expense": NaN,
        "Other Non Operating Income Expenses": NaN,
        "Special Income Charges": -25800000.0,
        "Other Special Charges": NaN,
        "Restructuring And Mergern Acquisition": 25800000.0,
        "Net Non Operating Interest Income Expense": NaN,
        "Interest Expense Non Operating": NaN,
        "Operating Income": NaN,
        "Operating Expense": NaN,
        "Other Operating Expenses": 100000.0,
        "Depreciation Amortization Depletion Income Statement": 2200000.0,
        "Depreciation And Amortization In Income Statement": 2200000.0,
        "Amortization": 2200000.0,
        "Amortization Of Intangibles Income Statement": 2200000.0,
        "Research And Development": NaN,
        "Selling General And Administration": NaN,
        "Gross Profit": NaN,
        "Cost Of Revenue": NaN,
        "Total Revenue": NaN,
        "Operating Revenue": NaN
    },
    "2024-09-30": {
        "Tax Effect Of Unusual Items": 0.0,
        "Tax Rate For Calcs": 0.21,
        "Normalized EBITDA": 27700000.0,
        "Total Unusual Items": NaN,
        "Total Unusual Items Excluding Goodwill": NaN,
        "Net Income From Continuing Operation Net Minority Interest": 14600000.0,
        "Reconciled Depreciation": 5700000.0,
        "Reconciled Cost Of Revenue": 112300000.0,
        "EBITDA": 27700000.0,
        "EBIT": 22000000.0,
        "Net Interest Income": -29000000.0,
        "Interest Expense": 29000000.0,
        "Normalized Income": 14600000.0,
        "Net Income From Continuing And Discontinued Operation": 14600000.0,
        "Total Expenses": 141700000.0,
        "Total Operating Income As Reported": 26200000.0,
        "Diluted Average Shares": 58400000.0,
        "Basic Average Shares": 58400000.0,
        "Diluted EPS": 0.25,
        "Basic EPS": 0.25,
        "Diluted NI Availto Com Stockholders": 14600000.0,
        "Net Income Common Stockholders": 14600000.0,
        "Net Income": 14600000.0,
        "Net Income Including Noncontrolling Interests": 14600000.0,
        "Net Income Continuous Operations": 14600000.0,
        "Tax Provision": -21600000.0,
        "Pretax Income": -7000000.0,
        "Other Income Expense": -122400000.0,
        "Other Non Operating Income Expenses": -4200000.0,
        "Special Income Charges": NaN,
        "Other Special Charges": NaN,
        "Restructuring And Mergern Acquisition": NaN,
        "Net Non Operating Interest Income Expense": -29000000.0,
        "Interest Expense Non Operating": 29000000.0,
        "Operating Income": 144400000.0,
        "Operating Expense": 29400000.0,
        "Other Operating Expenses": NaN,
        "Depreciation Amortization Depletion Income Statement": NaN,
        "Depreciation And Amortization In Income Statement": NaN,
        "Amortization": NaN,
        "Amortization Of Intangibles Income Statement": NaN,
        "Research And Development": 19800000.0,
        "Selling General And Administration": 96800000.0,
        "Gross Profit": 173800000.0,
        "Cost Of Revenue": 112300000.0,
        "Total Revenue": 286100000.0,
        "Operating Revenue": 286100000.0
    },
    "2024-12-31": {
        "Tax Effect Of Unusual Items": -5187000.0,
        "Tax Rate For Calcs": 0.21,
        "Normalized EBITDA": 63800000.0,
        "Total Unusual Items": -24700000.0,
        "Total Unusual Items Excluding Goodwill": -24700000.0,
        "Net Income From Continuing Operation Net Minority Interest": 0.0,
        "Reconciled Depreciation": 11900000.0,
        "Reconciled Cost Of Revenue": 95400000.0,
        "EBITDA": 39100000.0,
        "EBIT": 27200000.0,
        "Net Interest Income": -27900000.0,
        "Interest Expense": 27900000.0,
        "Normalized Income": 19513000.0,
        "Net Income From Continuing And Discontinued Operation": 0.0,
        "Total Expenses": 208500000.0,
        "Total Operating Income As Reported": 28700000.0,
        "Diluted Average Shares": 58622000.0,
        "Basic Average Shares": 57952000.0,
        "Diluted EPS": 0.0,
        "Basic EPS": 0.0,
        "Diluted NI Availto Com Stockholders": 0.0,
        "Net Income Common Stockholders": 0.0,
        "Net Income": 0.0,
        "Net Income Including Noncontrolling Interests": 0.0,
        "Net Income Continuous Operations": 0.0,
        "Tax Provision": -700000.0,
        "Pretax Income": -700000.0,
        "Other Income Expense": -26200000.0,
        "Other Non Operating Income Expenses": -1500000.0,
        "Special Income Charges": -24700000.0,
        "Other Special Charges": 14300000.0,
        "Restructuring And Mergern Acquisition": 10400000.0,
        "Net Non Operating Interest Income Expense": -27900000.0,
        "Interest Expense Non Operating": 27900000.0,
        "Operating Income": 53400000.0,
        "Operating Expense": 103700000.0,
        "Other Operating Expenses": -200000.0,
        "Depreciation Amortization Depletion Income Statement": 2500000.0,
        "Depreciation And Amortization In Income Statement": 2500000.0,
        "Amortization": 2500000.0,
        "Amortization Of Intangibles Income Statement": 2500000.0,
        "Research And Development": 20300000.0,
        "Selling General And Administration": 81100000.0,
        "Gross Profit": 157100000.0,
        "Cost Of Revenue": 104800000.0,
        "Total Revenue": 261900000.0,
        "Operating Revenue": 261900000.0
    },
    "2025-03-31": {
        "Tax Effect Of Unusual Items": -3715200.0,
        "Tax Rate For Calcs": 0.344,
        "Normalized EBITDA": 85000000.0,
        "Total Unusual Items": -10800000.0,
        "Total Unusual Items Excluding Goodwill": -10800000.0,
        "Net Income From Continuing Operation Net Minority Interest": 23500000.0,
        "Reconciled Depreciation": 11700000.0,
        "Reconciled Cost Of Revenue": 85900000.0,
        "EBITDA": 74200000.0,
        "EBIT": 62500000.0,
        "Net Interest Income": -26700000.0,
        "Interest Expense": 26700000.0,
        "Normalized Income": 30584800.0,
        "Net Income From Continuing And Discontinued Operation": 23500000.0,
        "Total Expenses": 185300000.0,
        "Total Operating Income As Reported": 62900000.0,
        "Diluted Average Shares": 58547000.0,
        "Basic Average Shares": 58290000.0,
        "Diluted EPS": 0.4,
        "Basic EPS": 0.4,
        "Diluted NI Availto Com Stockholders": 23500000.0,
        "Net Income Common Stockholders": 23500000.0,
        "Net Income": 23500000.0,
        "Net Income Including Noncontrolling Interests": 23500000.0,
        "Net Income Continuous Operations": 23500000.0,
        "Tax Provision": 12300000.0,
        "Pretax Income": 35800000.0,
        "Other Income Expense": -11200000.0,
        "Other Non Operating Income Expenses": -400000.0,
        "Special Income Charges": -10800000.0,
        "Other Special Charges": 1000000.0,
        "Restructuring And Mergern Acquisition": 9800000.0,
        "Net Non Operating Interest Income Expense": -26700000.0,
        "Interest Expense Non Operating": 26700000.0,
        "Operating Income": 73700000.0,
        "Operating Expense": 90400000.0,
        "Other Operating Expenses": 100000.0,
        "Depreciation Amortization Depletion Income Statement": 2700000.0,
        "Depreciation And Amortization In Income Statement": 2700000.0,
        "Amortization": 2700000.0,
        "Amortization Of Intangibles Income Statement": 2700000.0,
        "Research And Development": 8000000.0,
        "Selling General And Administration": 79600000.0,
        "Gross Profit": 164100000.0,
        "Cost Of Revenue": 94900000.0,
        "Total Revenue": 259000000.0,
        "Operating Revenue": 259000000.0
    },
    "2025-06-30": {
        "Tax Effect Of Unusual Items": -4070000.0,
        "Tax Rate For Calcs": 0.37,
        "Normalized EBITDA": 121600000.0,
        "Total Unusual Items": -11000000.0,
        "Total Unusual Items Excluding Goodwill": -11000000.0,
        "Net Income From Continuing Operation Net Minority Interest": 45500000.0,
        "Reconciled Depreciation": 11800000.0,
        "Reconciled Cost Of Revenue": 89200000.0,
        "EBITDA": 110600000.0,
        "EBIT": 98800000.0,
        "Net Interest Income": -26600000.0,
        "Interest Expense": 26600000.0,
        "Normalized Income": 52430000.0,
        "Net Income From Continuing And Discontinued Operation": 45500000.0,
        "Total Expenses": 190500000.0,
        "Total Operating Income As Reported": 94000000.0,
        "Diluted Average Shares": 58495000.0,
        "Basic Average Shares": 58490000.0,
        "Diluted EPS": 0.78,
        "Basic EPS": 0.78,
        "Diluted NI Availto Com Stockholders": 45500000.0,
        "Net Income Common Stockholders": 45500000.0,
        "Net Income": 45500000.0,
        "Net Income Including Noncontrolling Interests": 45500000.0,
        "Net Income Continuous Operations": 45500000.0,
        "Tax Provision": 26700000.0,
        "Pretax Income": 72200000.0,
        "Other Income Expense": -6200000.0,
        "Other Non Operating Income Expenses": 4800000.0,
        "Special Income Charges": -11000000.0,
        "Other Special Charges": 300000.0,
        "Restructuring And Mergern Acquisition": 10700000.0,
        "Net Non Operating Interest Income Expense": -26600000.0,
        "Interest Expense Non Operating": 26600000.0,
        "Operating Income": 105000000.0,
        "Operating Expense": 92100000.0,
        "Other Operating Expenses": 700000.0,
        "Depreciation Amortization Depletion Income Statement": 2600000.0,
        "Depreciation And Amortization In Income Statement": 2600000.0,
        "Amortization": 2600000.0,
        "Amortization Of Intangibles Income Statement": 2600000.0,
        "Research And Development": 4400000.0,
        "Selling General And Administration": 84400000.0,
        "Gross Profit": 197100000.0,
        "Cost Of Revenue": 98400000.0,
        "Total Revenue": 295500000.0,
        "Operating Revenue": 295500000.0
    },
    "2025-09-30": {
        "Tax Effect Of Unusual Items": -699310.344828,
        "Tax Rate For Calcs": 0.089655,
        "Normalized EBITDA": 68200000.0,
        "Total Unusual Items": -7800000.0,
        "Total Unusual Items Excluding Goodwill": -7800000.0,
        "Net Income From Continuing Operation Net Minority Interest": 26400000.0,
        "Reconciled Depreciation": 5300000.0,
        "Reconciled Cost Of Revenue": 102800000.0,
        "EBITDA": 60400000.0,
        "EBIT": 55100000.0,
        "Net Interest Income": -26100000.0,
        "Interest Expense": 26100000.0,
        "Normalized Income": 33500689.655172,
        "Net Income From Continuing And Discontinued Operation": 26400000.0,
        "Total Expenses": 199700000.0,
        "Total Operating Income As Reported": 56500000.0,
        "Diluted Average Shares": 58867000.0,
        "Basic Average Shares": 58666667.0,
        "Diluted EPS": 0.45,
        "Basic EPS": 0.45,
        "Diluted NI Availto Com Stockholders": 26400000.0,
        "Net Income Common Stockholders": 26400000.0,
        "Net Income": 26400000.0,
        "Net Income Including Noncontrolling Interests": 26400000.0,
        "Net Income Continuous Operations": 26400000.0,
        "Tax Provision": 2600000.0,
        "Pretax Income": 29000000.0,
        "Other Income Expense": -9200000.0,
        "Other Non Operating Income Expenses": -1400000.0,
        "Special Income Charges": -7800000.0,
        "Other Special Charges": 100000.0,
        "Restructuring And Mergern Acquisition": 7700000.0,
        "Net Non Operating Interest Income Expense": -26100000.0,
        "Interest Expense Non Operating": 26100000.0,
        "Operating Income": 64300000.0,
        "Operating Expense": 94200000.0,
        "Other Operating Expenses": 100000.0,
        "Depreciation Amortization Depletion Income Statement": 2600000.0,
        "Depreciation And Amortization In Income Statement": 2600000.0,
        "Amortization": 2600000.0,
        "Amortization Of Intangibles Income Statement": 2600000.0,
        "Research And Development": 4600000.0,
        "Selling General And Administration": 86900000.0,
        "Gross Profit": 158500000.0,
        "Cost Of Revenue": 105500000.0,
        "Total Revenue": 264000000.0,
        "Operating Revenue": 264000000.0
    }
}