{
    "2023-03-31": {
        "Tax Effect Of Unusual Items": NaN,
        "Tax Rate For Calcs": NaN,
        "Normalized EBITDA": NaN,
        "Net Income From Continuing Operation Net Minority Interest": NaN,
        "Reconciled Depreciation": NaN,
        "Reconciled Cost Of Revenue": NaN,
        "EBITDA": NaN,
        "EBIT": NaN,
        "Net Interest Income": NaN,
        "Interest Expense": NaN,
        "Normalized Income": NaN,
        "Net Income From Continuing And Discontinued Operation": NaN,
        "Total Expenses": NaN,
        "Total Operating Income As Reported": NaN,
        "Diluted Average Shares": 4773000.0,
        "Basic Average Shares": 4773000.0,
        "Diluted EPS": -1.33,
        "Basic EPS": -1.33,
        "Diluted NI Availto Com Stockholders": NaN,
        "Net Income Common Stockholders": NaN,
        "Net Income": NaN,
        "Net Income Including Noncontrolling Interests": NaN,
        "Net Income Continuous Operations": NaN,
        "Tax Provision": NaN,
        "Pretax Income": NaN,
        "Other Income Expense": NaN,
        "Other Non Operating Income Expenses": NaN,
        "Net Non Operating Interest Income Expense": NaN,
        "Interest Expense Non Operating": NaN,
        "Operating Income": NaN,
        "Operating Expense": NaN,
        "Selling General And Administration": NaN,
        "Gross Profit": NaN,
        "Cost Of Revenue": NaN,
        "Total Revenue": NaN,
        "Operating Revenue": NaN
    },
    "2022-12-31": {
        "Tax Effect Of Unusual Items": 0.0,
        "Tax Rate For Calcs": 0.000363,
        "Normalized EBITDA": -10731000.0,
        "Net Income From Continuing Operation Net Minority Interest": -11026000.0,
        "Reconciled Depreciation": 242000.0,
        "Reconciled Cost Of Revenue": 13962000.0,
        "EBITDA": -10731000.0,
        "EBIT": -10973000.0,
        "Net Interest Income": -57000.0,
        "Interest Expense": 57000.0,
        "Normalized Income": -11026000.0,
        "Net Income From Continuing And Discontinued Operation": -11026000.0,
        "Total Expenses": 19424000.0,
        "Total Operating Income As Reported": -11012000.0,
        "Diluted Average Shares": NaN,
        "Basic Average Shares": NaN,
        "Diluted EPS": NaN,
        "Basic EPS": NaN,
        "Diluted NI Availto Com Stockholders": -11026000.0,
        "Net Income Common Stockholders": -11026000.0,
        "Net Income": -11026000.0,
        "Net Income Including Noncontrolling Interests": -11026000.0,
        "Net Income Continuous Operations": -11026000.0,
        "Tax Provision": -4000.0,
        "Pretax Income": -11030000.0,
        "Other Income Expense": 39000.0,
        "Other Non Operating Income Expenses": 39000.0,
        "Net Non Operating Interest Income Expense": -57000.0,
        "Interest Expense Non Operating": 57000.0,
        "Operating Income": -11012000.0,
        "Operating Expense": 5462000.0,
        "Selling General And Administration": 5462000.0,
        "Gross Profit": -5550000.0,
        "Cost Of Revenue": 13962000.0,
        "Total Revenue": 8412000.0,
        "Operating Revenue": 8412000.0
    },
    "2022-09-30": {
        "Tax Effect Of Unusual Items": NaN,
        "Tax Rate For Calcs": NaN,
        "Normalized EBITDA": NaN,
        "Net Income From Continuing Operation Net Minority Interest": NaN,
        "Reconciled Depreciation": NaN,
        "Reconciled Cost Of Revenue": NaN,
        "EBITDA": NaN,
        "EBIT": NaN,
        "Net Interest Income": NaN,
        "Interest Expense": NaN,
        "Normalized Income": NaN,
        "Net Income From Continuing And Discontinued Operation": NaN,
        "Total Expenses": NaN,
        "Total Operating Income As Reported": NaN,
        "Diluted Average Shares": 4475250.0,
        "Basic Average Shares": 4475250.0,
        "Diluted EPS": -0.56,
        "Basic EPS": -0.56,
        "Diluted NI Availto Com Stockholders": NaN,
        "Net Income Common Stockholders": NaN,
        "Net Income": NaN,
        "Net Income Including Noncontrolling Interests": NaN,
        "Net Income Continuous Operations": NaN,
        "Tax Provision": NaN,
        "Pretax Income": NaN,
        "Other Income Expense": NaN,
        "Other Non Operating Income Expenses": NaN,
        "Net Non Operating Interest Income Expense": NaN,
        "Interest Expense Non Operating": NaN,
        "Operating Income": NaN,
        "Operating Expense": NaN,
        "Selling General And Administration": NaN,
        "Gross Profit": NaN,
        "Cost Of Revenue": NaN,
        "Total Revenue": NaN,
        "Operating Revenue": NaN
    },
    "2022-06-30": {
        "Tax Effect Of Unusual Items": 0.0,
        "Tax Rate For Calcs": 0.035,
        "Normalized EBITDA": -1370000.0,
        "Net Income From Continuing Operation Net Minority Interest": -1533000.0,
        "Reconciled Depreciation": 167000.0,
        "Reconciled Cost Of Revenue": 10023000.0,
        "EBITDA": -1370000.0,
        "EBIT": -1537000.0,
        "Net Interest Income": -52000.0,
        "Interest Expense": 52000.0,
        "Normalized Income": -1533000.0,
        "Net Income From Continuing And Discontinued Operation": -1533000.0,
        "Total Expenses": 12913000.0,
        "Total Operating Income As Reported": -1558000.0,
        "Diluted Average Shares": 35444000.0,
        "Basic Average Shares": 35444000.0,
        "Diluted EPS": -0.04,
        "Basic EPS": -0.04,
        "Diluted NI Availto Com Stockholders": -1533000.0,
        "Net Income Common Stockholders": -1533000.0,
        "Net Income": -1533000.0,
        "Net Income Including Noncontrolling Interests": -1533000.0,
        "Net Income Continuous Operations": -1533000.0,
        "Tax Provision": -56000.0,
        "Pretax Income": -1589000.0,
        "Other Income Expense": 21000.0,
        "Other Non Operating Income Expenses": 21000.0,
        "Net Non Operating Interest Income Expense": -52000.0,
        "Interest Expense Non Operating": 52000.0,
        "Operating Income": -1558000.0,
        "Operating Expense": 2890000.0,
        "Selling General And Administration": 2890000.0,
        "Gross Profit": 1332000.0,
        "Cost Of Revenue": 10023000.0,
        "Total Revenue": 11355000.0,
        "Operating Revenue": 11355000.0
    },
    "2022-03-31": {
        "Diluted EPS": -0.1,
        "Total Revenue": 7,
        "Gross Profit": -1,
        "Operating Income": -4,
        "EBIT": -3,
        "Net Income": -4
    },
    "2021-12-31": {
        "Diluted EPS": -0.11,
        "Total Revenue": 7,
        "Gross Profit": -1,
        "Operating Income": -4,
        "EBIT": -4,
        "Net Income": -4
    },
    "2021-09-30": {
        "Diluted EPS": 0.07,
        "Total Revenue": 6,
        "Gross Profit": -1,
        "Operating Income": -4,
        "EBIT": -4,
        "Net Income": 2
    },
    "2021-06-30": {
        "Diluted EPS": -0.14,
        "Total Revenue": 11,
        "Gross Profit": 0,
        "Operating Income": -4,
        "EBIT": -4,
        "Net Income": -4
    },
    "2021-03-31": {
        "Diluted EPS": 0.0,
        "Total Revenue": 12,
        "Gross Profit": 1,
        "Operating Income": -2,
        "EBIT": -1,
        "Net Income": 0
    },
    "2020-12-31": {
        "Diluted EPS": -0.02,
        "Total Revenue": 12,
        "Gross Profit": 2,
        "Operating Income": -1,
        "EBIT": 0,
        "Net Income": -1
    },
    "2020-09-30": {
        "Diluted EPS": -0.04,
        "Total Revenue": 16,
        "Gross Profit": 1,
        "Operating Income": -1,
        "EBIT": -1,
        "Net Income": -1
    },
    "2020-06-30": {
        "Diluted EPS": 0.0,
        "Total Revenue": 18,
        "Gross Profit": 2,
        "Operating Income": 0,
        "EBIT": 0,
        "Net Income": 0
    },
    "2020-03-31": {
        "Diluted EPS": 0.04,
        "Total Revenue": 19,
        "Gross Profit": 3,
        "Operating Income": 1,
        "EBIT": 1,
        "Net Income": 1
    },
    "2019-12-31": {
        "Diluted EPS": 0.04,
        "Total Revenue": 17,
        "Gross Profit": 3,
        "Operating Income": 1,
        "EBIT": 1,
        "Net Income": 1
    },
    "2019-09-30": {
        "Diluted EPS": -0.03,
        "Total Revenue": 14,
        "Gross Profit": 2,
        "Operating Income": -1,
        "EBIT": -1,
        "Net Income": -1
    },
    "2019-06-30": {
        "Diluted EPS": -0.02,
        "Total Revenue": 14,
        "Gross Profit": 2,
        "Operating Income": -1,
        "EBIT": 0,
        "Net Income": -1
    },
    "2019-03-31": {
        "Diluted EPS": -0.04,
        "Total Revenue": 12,
        "Gross Profit": 1,
        "Operating Income": -1,
        "EBIT": -1,
        "Net Income": -1
    },
    "2018-12-31": {
        "Diluted EPS": -0.12,
        "Total Revenue": 13,
        "Gross Profit": 1,
        "Operating Income": -3,
        "EBIT": -1,
        "Net Income": -3
    },
    "2018-09-30": {
        "Diluted EPS": -0.01,
        "Total Revenue": 14,
        "Gross Profit": 2,
        "Operating Income": 0,
        "EBIT": 0,
        "Net Income": 0
    },
    "2018-06-30": {
        "Diluted EPS": -0.04,
        "Total Revenue": 14,
        "Gross Profit": 2,
        "Operating Income": -1,
        "EBIT": 0,
        "Net Income": -1
    },
    "2018-03-31": {
        "Diluted EPS": -0.04,
        "Total Revenue": 13,
        "Gross Profit": 1,
        "Operating Income": -1,
        "EBIT": -1,
        "Net Income": -1
    },
    "2017-12-31": {
        "Diluted EPS": -0.09,
        "Total Revenue": 14,
        "Gross Profit": 1,
        "Operating Income": -3,
        "EBIT": -2,
        "Net Income": -2
    },
    "2017-09-30": {
        "Diluted EPS": -0.44,
        "Total Revenue": 13,
        "Gross Profit": 2,
        "Operating Income": -1,
        "EBIT": -1,
        "Net Income": -12
    },
    "2017-06-30": {
        "Diluted EPS": -0.03,
        "Total Revenue": 16,
        "Gross Profit": 3,
        "Operating Income": -1,
        "EBIT": 0,
        "Net Income": -1
    },
    "2017-03-31": {
        "Diluted EPS": -0.03,
        "Total Revenue": 12,
        "Gross Profit": 2,
        "Operating Income": -2,
        "EBIT": -1,
        "Net Income": -1
    },
    "2016-12-31": {
        "Diluted EPS": -0.01,
        "Total Revenue": 15,
        "Gross Profit": 3,
        "Operating Income": 0,
        "EBIT": 0,
        "Net Income": 0
    },
    "2016-09-30": {
        "Diluted EPS": 0.02,
        "Total Revenue": 16,
        "Gross Profit": 4,
        "Operating Income": 0,
        "EBIT": 1,
        "Net Income": 0
    },
    "2016-06-30": {
        "Diluted EPS": -0.06,
        "Total Revenue": 14,
        "Gross Profit": 2,
        "Operating Income": -1,
        "EBIT": -1,
        "Net Income": -2
    },
    "2016-03-31": {
        "Diluted EPS": -0.03,
        "Total Revenue": 15,
        "Gross Profit": 2,
        "Operating Income": -2,
        "EBIT": -1,
        "Net Income": -1
    },
    "2015-12-31": {
        "Diluted EPS": 0.32,
        "Total Revenue": 17,
        "Gross Profit": 4,
        "Operating Income": 1,
        "EBIT": 1,
        "Net Income": 9
    },
    "2015-09-30": {
        "Diluted EPS": 0.01,
        "Total Revenue": 18,
        "Gross Profit": 4,
        "Operating Income": 0,
        "EBIT": 1,
        "Net Income": 0
    },
    "2015-06-30": {
        "Diluted EPS": 0.03,
        "Total Revenue": 21,
        "Gross Profit": 5,
        "Operating Income": 1,
        "EBIT": 1,
        "Net Income": 1
    },
    "2015-03-31": {
        "Diluted EPS": 0.02,
        "Total Revenue": 23,
        "Gross Profit": 4,
        "Operating Income": 0,
        "EBIT": 1,
        "Net Income": 1
    },
    "2014-12-31": {
        "Diluted EPS": 0.02,
        "Total Revenue": 27,
        "Gross Profit": 5,
        "Operating Income": 1,
        "EBIT": 2,
        "Net Income": 1
    },
    "2014-09-30": {
        "Diluted EPS": 0.07,
        "Total Revenue": 27,
        "Gross Profit": 6,
        "Operating Income": 2,
        "EBIT": 3,
        "Net Income": 2
    },
    "2014-06-30": {
        "Diluted EPS": 0.06,
        "Total Revenue": 27,
        "Gross Profit": 6,
        "Operating Income": 2,
        "EBIT": 2,
        "Net Income": 2
    },
    "2014-03-31": {
        "Diluted EPS": 0.07,
        "Total Revenue": 27,
        "Gross Profit": 6,
        "Operating Income": 2,
        "EBIT": 3,
        "Net Income": 2
    },
    "2013-12-31": {
        "Diluted EPS": -0.12,
        "Total Revenue": 25,
        "Gross Profit": 5,
        "Operating Income": 0,
        "EBIT": 1,
        "Net Income": -3
    },
    "2013-09-30": {
        "Diluted EPS": 0.0,
        "Total Revenue": 43,
        "Gross Profit": 5,
        "Operating Income": 0,
        "EBIT": 0,
        "Net Income": 0
    },
    "2013-06-30": {
        "Diluted EPS": -0.06,
        "Total Revenue": 51,
        "Gross Profit": 6,
        "Operating Income": -1,
        "EBIT": 0,
        "Net Income": -2
    },
    "2013-03-31": {
        "Diluted EPS": 0.07,
        "Total Revenue": 50,
        "Gross Profit": 6,
        "Operating Income": 0,
        "EBIT": 0,
        "Net Income": 2
    },
    "2012-12-31": {
        "Diluted EPS": -0.04,
        "Total Revenue": 52,
        "Gross Profit": 4,
        "Operating Income": 0,
        "EBIT": 0,
        "Net Income": -1
    },
    "2012-09-30": {
        "Diluted EPS": -0.83,
        "Total Revenue": 57,
        "Gross Profit": 3,
        "Operating Income": -17,
        "EBIT": -17,
        "Net Income": -22
    },
    "2012-06-30": {
        "Diluted EPS": -0.37,
        "Total Revenue": 59,
        "Gross Profit": 5,
        "Operating Income": -3,
        "EBIT": -2,
        "Net Income": -10
    },
    "2012-03-31": {
        "Diluted EPS": -0.01,
        "Total Revenue": 59,
        "Gross Profit": 7,
        "Operating Income": -1,
        "EBIT": 0,
        "Net Income": 0
    },
    "2011-12-31": {
        "Diluted EPS": -0.16,
        "Total Revenue": 35,
        "Gross Profit": 1,
        "Operating Income": -2,
        "EBIT": -2,
        "Net Income": -4
    },
    "2011-09-30": {
        "Diluted EPS": -0.05,
        "Total Revenue": 60,
        "Gross Profit": 7,
        "Operating Income": 0,
        "EBIT": 1,
        "Net Income": -1
    },
    "2011-06-30": {
        "Diluted EPS": 0.01,
        "Total Revenue": 73,
        "Gross Profit": 8,
        "Operating Income": 1,
        "EBIT": 2,
        "Net Income": 0
    },
    "2011-03-31": {
        "Diluted EPS": -0.07,
        "Total Revenue": 69,
        "Gross Profit": 5,
        "Operating Income": -3,
        "EBIT": -2,
        "Net Income": -2
    },
    "2010-12-31": {
        "Diluted EPS": -0.02,
        "Total Revenue": 83,
        "Gross Profit": 7,
        "Operating Income": -1,
        "EBIT": 0,
        "Net Income": 0
    },
    "2010-09-30": {
        "Diluted EPS": -0.19,
        "Total Revenue": 82,
        "Gross Profit": 6,
        "Operating Income": -8,
        "EBIT": -7,
        "Net Income": -5
    },
    "2010-06-30": {
        "Diluted EPS": -0.16,
        "Total Revenue": 74,
        "Gross Profit": 4,
        "Operating Income": -6,
        "EBIT": -5,
        "Net Income": -5
    },
    "2010-03-31": {
        "Diluted EPS": -0.06,
        "Total Revenue": 68,
        "Gross Profit": 5,
        "Operating Income": -3,
        "EBIT": -1,
        "Net Income": -2
    },
    "2009-12-31": {
        "Diluted EPS": -0.02,
        "Total Revenue": 83,
        "Gross Profit": 6,
        "Operating Income": -1,
        "EBIT": 0,
        "Net Income": -1
    },
    "2009-09-30": {
        "Diluted EPS": 0.0,
        "Total Revenue": 87,
        "Gross Profit": 7,
        "Operating Income": 0,
        "EBIT": 1,
        "Net Income": 0
    },
    "2009-06-30": {
        "Diluted EPS": 0.0,
        "Total Revenue": 80,
        "Gross Profit": 7,
        "Operating Income": 0,
        "EBIT": 2,
        "Net Income": 0
    },
    "2009-03-31": {
        "Diluted EPS": 0.07,
        "Total Revenue": 93,
        "Gross Profit": 10,
        "Operating Income": 3,
        "EBIT": 5,
        "Net Income": 2
    },
    "2023-06-30": {
        "Tax Effect Of Unusual Items": NaN,
        "Tax Rate For Calcs": NaN,
        "Normalized EBITDA": NaN,
        "Net Income From Continuing Operation Net Minority Interest": NaN,
        "Reconciled Depreciation": NaN,
        "Reconciled Cost Of Revenue": NaN,
        "EBITDA": NaN,
        "EBIT": NaN,
        "Net Interest Income": NaN,
        "Interest Expense": NaN,
        "Normalized Income": NaN,
        "Net Income From Continuing And Discontinued Operation": NaN,
        "Total Expenses": NaN,
        "Total Operating Income As Reported": NaN,
        "Diluted Average Shares": 4970000.0,
        "Basic Average Shares": 4970000.0,
        "Diluted EPS": -0.87,
        "Basic EPS": -0.87,
        "Diluted NI Availto Com Stockholders": NaN,
        "Net Income Common Stockholders": NaN,
        "Net Income": NaN,
        "Net Income Including Noncontrolling Interests": NaN,
        "Net Income Continuous Operations": NaN,
        "Tax Provision": NaN,
        "Pretax Income": NaN,
        "Other Income Expense": NaN,
        "Other Non Operating Income Expenses": NaN,
        "Net Non Operating Interest Income Expense": NaN,
        "Interest Expense Non Operating": NaN,
        "Operating Income": NaN,
        "Operating Expense": NaN,
        "Selling General And Administration": NaN,
        "Gross Profit": NaN,
        "Cost Of Revenue": NaN,
        "Total Revenue": NaN,
        "Operating Revenue": NaN
    },
    "2023-09-30": {
        "Tax Effect Of Unusual Items": 0.0,
        "Tax Rate For Calcs": 0.21,
        "Normalized EBITDA": -552000.0,
        "Net Income From Continuing Operation Net Minority Interest": -721000.0,
        "Reconciled Depreciation": 120000.0,
        "Reconciled Cost Of Revenue": 7613000.0,
        "EBITDA": -552000.0,
        "EBIT": -672000.0,
        "Net Interest Income": -27000.0,
        "Interest Expense": 27000.0,
        "Normalized Income": -721000.0,
        "Net Income From Continuing And Discontinued Operation": -721000.0,
        "Total Expenses": 10125000.0,
        "Total Operating Income As Reported": -675000.0,
        "Diluted Average Shares": 5104000.0,
        "Basic Average Shares": 5104000.0,
        "Diluted EPS": -0.14,
        "Basic EPS": -0.14,
        "Diluted NI Availto Com Stockholders": -721000.0,
        "Net Income Common Stockholders": -721000.0,
        "Net Income": -721000.0,
        "Net Income Including Noncontrolling Interests": -721000.0,
        "Net Income Continuous Operations": -721000.0,
        "Tax Provision": 22000.0,
        "Pretax Income": -699000.0,
        "Other Income Expense": 3000.0,
        "Other Non Operating Income Expenses": 3000.0,
        "Net Non Operating Interest Income Expense": -27000.0,
        "Interest Expense Non Operating": 27000.0,
        "Operating Income": -675000.0,
        "Operating Expense": 2512000.0,
        "Selling General And Administration": 2512000.0,
        "Gross Profit": 1837000.0,
        "Cost Of Revenue": 7613000.0,
        "Total Revenue": 9450000.0,
        "Operating Revenue": 9450000.0
    },
    "2023-12-31": {
        "Tax Effect Of Unusual Items": 0.0,
        "Tax Rate For Calcs": 0.21,
        "Normalized EBITDA": -3182000.0,
        "Net Income From Continuing Operation Net Minority Interest": -3764000.0,
        "Reconciled Depreciation": 483000.0,
        "Reconciled Cost Of Revenue": 6654000.0,
        "EBITDA": -3182000.0,
        "EBIT": -3665000.0,
        "Net Interest Income": -61000.0,
        "Interest Expense": 61000.0,
        "Normalized Income": -3764000.0,
        "Net Income From Continuing And Discontinued Operation": -3764000.0,
        "Total Expenses": 10331000.0,
        "Total Operating Income As Reported": -3676000.0,
        "Diluted Average Shares": NaN,
        "Basic Average Shares": NaN,
        "Diluted EPS": NaN,
        "Basic EPS": NaN,
        "Diluted NI Availto Com Stockholders": -3764000.0,
        "Net Income Common Stockholders": -3764000.0,
        "Net Income": -3764000.0,
        "Net Income Including Noncontrolling Interests": -3764000.0,
        "Net Income Continuous Operations": -3764000.0,
        "Tax Provision": 38000.0,
        "Pretax Income": -3726000.0,
        "Other Income Expense": 11000.0,
        "Other Non Operating Income Expenses": 11000.0,
        "Net Non Operating Interest Income Expense": -61000.0,
        "Interest Expense Non Operating": 61000.0,
        "Operating Income": -3676000.0,
        "Operating Expense": 3677000.0,
        "Selling General And Administration": 3677000.0,
        "Gross Profit": 1000.0,
        "Cost Of Revenue": 6654000.0,
        "Total Revenue": 6655000.0,
        "Operating Revenue": 6655000.0
    },
    "2024-03-31": {
        "Tax Effect Of Unusual Items": 0.0,
        "Tax Rate For Calcs": 0.21,
        "Normalized EBITDA": -1107000.0,
        "Net Income From Continuing Operation Net Minority Interest": -1396000.0,
        "Reconciled Depreciation": 224000.0,
        "Reconciled Cost Of Revenue": 6064000.0,
        "EBITDA": -1107000.0,
        "EBIT": -1331000.0,
        "Net Interest Income": -43000.0,
        "Interest Expense": 43000.0,
        "Normalized Income": -1396000.0,
        "Net Income From Continuing And Discontinued Operation": -1396000.0,
        "Total Expenses": 8081000.0,
        "Total Operating Income As Reported": -1553000.0,
        "Diluted Average Shares": 5156000.0,
        "Basic Average Shares": 5156000.0,
        "Diluted EPS": -0.27,
        "Basic EPS": -0.27,
        "Diluted NI Availto Com Stockholders": -1396000.0,
        "Net Income Common Stockholders": -1396000.0,
        "Net Income": -1396000.0,
        "Net Income Including Noncontrolling Interests": -1396000.0,
        "Net Income Continuous Operations": -1396000.0,
        "Tax Provision": 22000.0,
        "Pretax Income": -1374000.0,
        "Other Income Expense": 222000.0,
        "Other Non Operating Income Expenses": 222000.0,
        "Net Non Operating Interest Income Expense": -43000.0,
        "Interest Expense Non Operating": 43000.0,
        "Operating Income": -1553000.0,
        "Operating Expense": 2017000.0,
        "Selling General And Administration": 2017000.0,
        "Gross Profit": 464000.0,
        "Cost Of Revenue": 6064000.0,
        "Total Revenue": 6528000.0,
        "Operating Revenue": 6528000.0
    },
    "2024-06-30": {
        "Tax Effect Of Unusual Items": 0.0,
        "Tax Rate For Calcs": 0.21,
        "Normalized EBITDA": -928000.0,
        "Net Income From Continuing Operation Net Minority Interest": -1206000.0,
        "Reconciled Depreciation": 195000.0,
        "Reconciled Cost Of Revenue": 5389000.0,
        "EBITDA": -928000.0,
        "EBIT": -1123000.0,
        "Net Interest Income": -61000.0,
        "Interest Expense": 61000.0,
        "Normalized Income": -1206000.0,
        "Net Income From Continuing And Discontinued Operation": -1206000.0,
        "Total Expenses": 7269000.0,
        "Total Operating Income As Reported": -1129000.0,
        "Diluted Average Shares": 5157000.0,
        "Basic Average Shares": 5157000.0,
        "Diluted EPS": -0.23,
        "Basic EPS": -0.23,
        "Diluted NI Availto Com Stockholders": -1206000.0,
        "Net Income Common Stockholders": -1206000.0,
        "Net Income": -1206000.0,
        "Net Income Including Noncontrolling Interests": -1206000.0,
        "Net Income Continuous Operations": -1206000.0,
        "Tax Provision": 22000.0,
        "Pretax Income": -1184000.0,
        "Other Income Expense": 6000.0,
        "Other Non Operating Income Expenses": 6000.0,
        "Net Non Operating Interest Income Expense": -61000.0,
        "Interest Expense Non Operating": 61000.0,
        "Operating Income": -1129000.0,
        "Operating Expense": 1880000.0,
        "Selling General And Administration": 1880000.0,
        "Gross Profit": 751000.0,
        "Cost Of Revenue": 5389000.0,
        "Total Revenue": 6140000.0,
        "Operating Revenue": 6140000.0
    },
    "2024-09-30": {
        "Tax Effect Of Unusual Items": 0.0,
        "Tax Rate For Calcs": 0.21,
        "Normalized EBITDA": -368000.0,
        "Net Income From Continuing Operation Net Minority Interest": -500000.0,
        "Reconciled Depreciation": 48000.0,
        "Reconciled Cost Of Revenue": 5207000.0,
        "EBITDA": -368000.0,
        "EBIT": -416000.0,
        "Net Interest Income": -62000.0,
        "Interest Expense": 62000.0,
        "Normalized Income": -500000.0,
        "Net Income From Continuing And Discontinued Operation": -500000.0,
        "Total Expenses": 6101000.0,
        "Total Operating Income As Reported": -419000.0,
        "Diluted Average Shares": 5157000.0,
        "Basic Average Shares": 5157000.0,
        "Diluted EPS": -0.1,
        "Basic EPS": -0.1,
        "Diluted NI Availto Com Stockholders": -500000.0,
        "Net Income Common Stockholders": -500000.0,
        "Net Income": -500000.0,
        "Net Income Including Noncontrolling Interests": -500000.0,
        "Net Income Continuous Operations": -500000.0,
        "Tax Provision": 22000.0,
        "Pretax Income": -478000.0,
        "Other Income Expense": 3000.0,
        "Other Non Operating Income Expenses": 3000.0,
        "Net Non Operating Interest Income Expense": -62000.0,
        "Interest Expense Non Operating": 62000.0,
        "Operating Income": -419000.0,
        "Operating Expense": 894000.0,
        "Selling General And Administration": 894000.0,
        "Gross Profit": 475000.0,
        "Cost Of Revenue": 5207000.0,
        "Total Revenue": 5682000.0,
        "Operating Revenue": 5682000.0
    }
}