{
    "2023-03-31": {
        "Tax Effect Of Unusual Items": -624495.0,
        "Tax Rate For Calcs": 0.237,
        "Normalized EBITDA": 30319000.0,
        "Total Unusual Items": -2635000.0,
        "Total Unusual Items Excluding Goodwill": -2635000.0,
        "Net Income From Continuing Operation Net Minority Interest": -23038000.0,
        "Reconciled Depreciation": 51991000.0,
        "Reconciled Cost Of Revenue": 151135000.0,
        "EBITDA": 27684000.0,
        "EBIT": -24307000.0,
        "Net Interest Income": -5652000.0,
        "Interest Expense": 5652000.0,
        "Normalized Income": -21027495.0,
        "Net Income From Continuing And Discontinued Operation": -23350000.0,
        "Total Expenses": 428484000.0,
        "Total Operating Income As Reported": -24968000.0,
        "Diluted Average Shares": 54325396.0,
        "Basic Average Shares": 54325396.0,
        "Diluted EPS": -0.43,
        "Basic EPS": -0.43,
        "Diluted NI Availto Com Stockholders": -23350000.0,
        "Net Income Common Stockholders": -23350000.0,
        "Net Income": -23350000.0,
        "Minority Interests": -192000.0,
        "Net Income Including Noncontrolling Interests": -23158000.0,
        "Net Income Discontinuous Operations": -312000.0,
        "Net Income Continuous Operations": -22846000.0,
        "Tax Provision": -7113000.0,
        "Pretax Income": -29959000.0,
        "Other Income Expense": -1974000.0,
        "Other Non Operating Income Expenses": 661000.0,
        "Special Income Charges": -2635000.0,
        "Other Special Charges": NaN,
        "Restructuring And Mergern Acquisition": 2635000.0,
        "Gain On Sale Of Security": NaN,
        "Net Non Operating Interest Income Expense": -5652000.0,
        "Interest Expense Non Operating": 5652000.0,
        "Operating Income": -22333000.0,
        "Operating Expense": 257398000.0,
        "Depreciation Amortization Depletion Income Statement": 32040000.0,
        "Depreciation And Amortization In Income Statement": 32040000.0,
        "Amortization": 32040000.0,
        "Amortization Of Intangibles Income Statement": 32040000.0,
        "Research And Development": 18193000.0,
        "Selling General And Administration": 207165000.0,
        "Gross Profit": 235065000.0,
        "Cost Of Revenue": 171086000.0,
        "Total Revenue": 406151000.0,
        "Operating Revenue": 406151000.0
    },
    "2022-12-31": {
        "Tax Effect Of Unusual Items": NaN,
        "Tax Rate For Calcs": NaN,
        "Normalized EBITDA": NaN,
        "Total Unusual Items": NaN,
        "Total Unusual Items Excluding Goodwill": NaN,
        "Net Income From Continuing Operation Net Minority Interest": NaN,
        "Reconciled Depreciation": NaN,
        "Reconciled Cost Of Revenue": NaN,
        "EBITDA": NaN,
        "EBIT": NaN,
        "Net Interest Income": NaN,
        "Interest Expense": NaN,
        "Normalized Income": NaN,
        "Net Income From Continuing And Discontinued Operation": NaN,
        "Total Expenses": NaN,
        "Total Operating Income As Reported": NaN,
        "Diluted Average Shares": NaN,
        "Basic Average Shares": NaN,
        "Diluted EPS": NaN,
        "Basic EPS": NaN,
        "Diluted NI Availto Com Stockholders": NaN,
        "Net Income Common Stockholders": NaN,
        "Net Income": NaN,
        "Minority Interests": NaN,
        "Net Income Including Noncontrolling Interests": NaN,
        "Net Income Discontinuous Operations": NaN,
        "Net Income Continuous Operations": NaN,
        "Tax Provision": NaN,
        "Pretax Income": NaN,
        "Other Income Expense": NaN,
        "Other Non Operating Income Expenses": NaN,
        "Special Income Charges": NaN,
        "Other Special Charges": -4354000.0,
        "Restructuring And Mergern Acquisition": NaN,
        "Gain On Sale Of Security": 30257000.0,
        "Net Non Operating Interest Income Expense": NaN,
        "Interest Expense Non Operating": NaN,
        "Operating Income": NaN,
        "Operating Expense": NaN,
        "Depreciation Amortization Depletion Income Statement": NaN,
        "Depreciation And Amortization In Income Statement": NaN,
        "Amortization": NaN,
        "Amortization Of Intangibles Income Statement": NaN,
        "Research And Development": NaN,
        "Selling General And Administration": NaN,
        "Gross Profit": NaN,
        "Cost Of Revenue": NaN,
        "Total Revenue": NaN,
        "Operating Revenue": NaN
    },
    "2022-09-30": {
        "Tax Effect Of Unusual Items": NaN,
        "Tax Rate For Calcs": NaN,
        "Normalized EBITDA": NaN,
        "Total Unusual Items": NaN,
        "Total Unusual Items Excluding Goodwill": NaN,
        "Net Income From Continuing Operation Net Minority Interest": NaN,
        "Reconciled Depreciation": NaN,
        "Reconciled Cost Of Revenue": NaN,
        "EBITDA": NaN,
        "EBIT": NaN,
        "Net Interest Income": NaN,
        "Interest Expense": NaN,
        "Normalized Income": NaN,
        "Net Income From Continuing And Discontinued Operation": NaN,
        "Total Expenses": NaN,
        "Total Operating Income As Reported": NaN,
        "Diluted Average Shares": NaN,
        "Basic Average Shares": NaN,
        "Diluted EPS": NaN,
        "Basic EPS": NaN,
        "Diluted NI Availto Com Stockholders": NaN,
        "Net Income Common Stockholders": NaN,
        "Net Income": NaN,
        "Minority Interests": NaN,
        "Net Income Including Noncontrolling Interests": NaN,
        "Net Income Discontinuous Operations": NaN,
        "Net Income Continuous Operations": NaN,
        "Tax Provision": NaN,
        "Pretax Income": NaN,
        "Other Income Expense": NaN,
        "Other Non Operating Income Expenses": NaN,
        "Special Income Charges": NaN,
        "Other Special Charges": 975000.0,
        "Restructuring And Mergern Acquisition": NaN,
        "Gain On Sale Of Security": -54325000.0,
        "Net Non Operating Interest Income Expense": NaN,
        "Interest Expense Non Operating": NaN,
        "Operating Income": NaN,
        "Operating Expense": NaN,
        "Depreciation Amortization Depletion Income Statement": NaN,
        "Depreciation And Amortization In Income Statement": NaN,
        "Amortization": NaN,
        "Amortization Of Intangibles Income Statement": NaN,
        "Research And Development": NaN,
        "Selling General And Administration": NaN,
        "Gross Profit": NaN,
        "Cost Of Revenue": NaN,
        "Total Revenue": NaN,
        "Operating Revenue": NaN
    },
    "2022-06-30": {
        "Tax Effect Of Unusual Items": 58488800.0,
        "Tax Rate For Calcs": 0.4,
        "Normalized EBITDA": 26038000.0,
        "Total Unusual Items": 146222000.0,
        "Total Unusual Items Excluding Goodwill": 146222000.0,
        "Net Income From Continuing Operation Net Minority Interest": 120521000.0,
        "Reconciled Depreciation": 51274000.0,
        "Reconciled Cost Of Revenue": 179211000.0,
        "EBITDA": 172260000.0,
        "EBIT": 120986000.0,
        "Net Interest Income": -4546000.0,
        "Interest Expense": 4546000.0,
        "Normalized Income": 32787800.0,
        "Net Income From Continuing And Discontinued Operation": 76855000.0,
        "Total Expenses": 420353000.0,
        "Total Operating Income As Reported": 5553000.0,
        "Diluted Average Shares": 54521849.0,
        "Basic Average Shares": 54080549.0,
        "Diluted EPS": 1.41,
        "Basic EPS": 1.42,
        "Diluted NI Availto Com Stockholders": 76855000.0,
        "Net Income Common Stockholders": 76855000.0,
        "Net Income": 76855000.0,
        "Minority Interests": -130000.0,
        "Net Income Including Noncontrolling Interests": 76985000.0,
        "Net Income Discontinuous Operations": -43666000.0,
        "Net Income Continuous Operations": 120651000.0,
        "Tax Provision": -4211000.0,
        "Pretax Income": 116440000.0,
        "Other Income Expense": 146222000.0,
        "Other Non Operating Income Expenses": NaN,
        "Special Income Charges": 10685000.0,
        "Other Special Charges": -12930000.0,
        "Restructuring And Mergern Acquisition": 2245000.0,
        "Gain On Sale Of Security": 135537000.0,
        "Net Non Operating Interest Income Expense": -4546000.0,
        "Interest Expense Non Operating": 4546000.0,
        "Operating Income": -25236000.0,
        "Operating Expense": 241142000.0,
        "Depreciation Amortization Depletion Income Statement": NaN,
        "Depreciation And Amortization In Income Statement": NaN,
        "Amortization": NaN,
        "Amortization Of Intangibles Income Statement": NaN,
        "Research And Development": 15661000.0,
        "Selling General And Administration": 225481000.0,
        "Gross Profit": 215906000.0,
        "Cost Of Revenue": 179211000.0,
        "Total Revenue": 395117000.0,
        "Operating Revenue": 395117000.0
    },
    "2023-06-30": {
        "Tax Effect Of Unusual Items": -928420.0,
        "Tax Rate For Calcs": 0.244,
        "Normalized EBITDA": 41600000.0,
        "Total Unusual Items": -3805000.0,
        "Total Unusual Items Excluding Goodwill": -3805000.0,
        "Net Income From Continuing Operation Net Minority Interest": -14792000.0,
        "Reconciled Depreciation": 53042000.0,
        "Reconciled Cost Of Revenue": 159350000.0,
        "EBITDA": 37795000.0,
        "EBIT": -15247000.0,
        "Net Interest Income": -4076000.0,
        "Interest Expense": 4076000.0,
        "Normalized Income": -11915420.0,
        "Net Income From Continuing And Discontinued Operation": -9995000.0,
        "Total Expenses": 439191000.0,
        "Total Operating Income As Reported": -14494000.0,
        "Diluted Average Shares": 54510688.0,
        "Basic Average Shares": 54510688.0,
        "Diluted EPS": -0.18,
        "Basic EPS": -0.18,
        "Diluted NI Availto Com Stockholders": -9995000.0,
        "Net Income Common Stockholders": -9995000.0,
        "Net Income": -9995000.0,
        "Minority Interests": -182000.0,
        "Net Income Including Noncontrolling Interests": -9813000.0,
        "Net Income Discontinuous Operations": 4797000.0,
        "Net Income Continuous Operations": -14610000.0,
        "Tax Provision": -4713000.0,
        "Pretax Income": -19323000.0,
        "Other Income Expense": -4558000.0,
        "Other Non Operating Income Expenses": -753000.0,
        "Special Income Charges": -3805000.0,
        "Restructuring And Mergern Acquisition": 3805000.0,
        "Net Non Operating Interest Income Expense": -4076000.0,
        "Interest Expense Non Operating": 4076000.0,
        "Operating Income": -10689000.0,
        "Operating Expense": 259048000.0,
        "Depreciation Amortization Depletion Income Statement": 32249000.0,
        "Depreciation And Amortization In Income Statement": 32249000.0,
        "Amortization": 32249000.0,
        "Amortization Of Intangibles Income Statement": 32249000.0,
        "Research And Development": 18918000.0,
        "Selling General And Administration": 207881000.0,
        "Gross Profit": 248359000.0,
        "Cost Of Revenue": 180143000.0,
        "Total Revenue": 428502000.0,
        "Operating Revenue": 428502000.0
    },
    "2022-03-31": {
        "Diluted EPS": 0.28,
        "Total Revenue": 375,
        "Gross Profit": 206,
        "Operating Income": -31,
        "EBIT": 35,
        "Net Income": 15
    },
    "2021-12-31": {
        "Diluted EPS": -0.05,
        "Total Revenue": -169,
        "Gross Profit": 8,
        "Operating Income": -98,
        "EBIT": -32,
        "Net Income": -2
    },
    "2021-09-30": {
        "Diluted EPS": 0.49,
        "Total Revenue": 360,
        "Gross Profit": 198,
        "Operating Income": -16,
        "EBIT": 53,
        "Net Income": 26
    },
    "2021-06-30": {
        "Diluted EPS": 0.56,
        "Total Revenue": 356,
        "Gross Profit": 201,
        "Operating Income": -10,
        "EBIT": 56,
        "Net Income": 29
    },
    "2021-03-31": {
        "Diluted EPS": 0.4,
        "Total Revenue": 879,
        "Gross Profit": 371,
        "Operating Income": 61,
        "EBIT": 124,
        "Net Income": 19
    },
    "2020-12-31": {
        "Diluted EPS": 0.72,
        "Total Revenue": NaN,
        "Gross Profit": -330,
        "Operating Income": -170,
        "EBIT": -105,
        "Net Income": 33
    },
    "2020-09-30": {
        "Diluted EPS": 0.3,
        "Total Revenue": 806,
        "Gross Profit": 344,
        "Operating Income": 62,
        "EBIT": 123,
        "Net Income": 13
    },
    "2020-06-30": {
        "Diluted EPS": -0.18,
        "Total Revenue": 620,
        "Gross Profit": 241,
        "Operating Income": -5,
        "EBIT": 57,
        "Net Income": -8
    },
    "2020-03-31": {
        "Diluted EPS": 0.09,
        "Total Revenue": 816,
        "Gross Profit": 348,
        "Operating Income": 47,
        "EBIT": 105,
        "Net Income": 4
    },
    "2019-12-31": {
        "Diluted EPS": -0.39,
        "Total Revenue": 888,
        "Gross Profit": 396,
        "Operating Income": 92,
        "EBIT": 137,
        "Net Income": -17
    },
    "2019-09-30": {
        "Diluted EPS": 0.24,
        "Total Revenue": 847,
        "Gross Profit": 368,
        "Operating Income": 68,
        "EBIT": 138,
        "Net Income": 10
    },
    "2019-06-30": {
        "Diluted EPS": -10.35,
        "Total Revenue": 909,
        "Gross Profit": 376,
        "Operating Income": 42,
        "EBIT": 117,
        "Net Income": -469
    },
    "2019-03-31": {
        "Diluted EPS": -1.17,
        "Total Revenue": 684,
        "Gross Profit": 261,
        "Operating Income": 2,
        "EBIT": 47,
        "Net Income": -52
    },
    "2018-12-31": {
        "Diluted EPS": 1.17,
        "Total Revenue": 227,
        "Gross Profit": 96,
        "Operating Income": 9,
        "EBIT": 47,
        "Net Income": 46
    },
    "2018-09-30": {
        "Diluted EPS": 0.78,
        "Total Revenue": 524,
        "Gross Profit": 171,
        "Operating Income": 35,
        "EBIT": 74,
        "Net Income": 31
    },
    "2018-06-30": {
        "Diluted EPS": 0.93,
        "Total Revenue": 561,
        "Gross Profit": 192,
        "Operating Income": 45,
        "EBIT": 80,
        "Net Income": 38
    },
    "2018-03-31": {
        "Diluted EPS": 0.6,
        "Total Revenue": 881,
        "Gross Profit": 271,
        "Operating Income": 62,
        "EBIT": 99,
        "Net Income": 25
    },
    "2017-12-31": {
        "Diluted EPS": 0.33,
        "Total Revenue": -489,
        "Gross Profit": -90,
        "Operating Income": -70,
        "EBIT": 145,
        "Net Income": 13
    },
    "2017-09-30": {
        "Diluted EPS": 1.11,
        "Total Revenue": 845,
        "Gross Profit": 264,
        "Operating Income": 75,
        "EBIT": 108,
        "Net Income": 46
    },
    "2017-06-30": {
        "Diluted EPS": 1.29,
        "Total Revenue": 848,
        "Gross Profit": 258,
        "Operating Income": 70,
        "EBIT": 107,
        "Net Income": 53
    },
    "2017-03-31": {
        "Diluted EPS": 0.93,
        "Total Revenue": 734,
        "Gross Profit": 240,
        "Operating Income": 60,
        "EBIT": 92,
        "Net Income": 39
    },
    "2016-12-31": {
        "Diluted EPS": 0.93,
        "Total Revenue": 585,
        "Gross Profit": 172,
        "Operating Income": 57,
        "EBIT": 93,
        "Net Income": 38
    },
    "2016-09-30": {
        "Diluted EPS": 0.69,
        "Total Revenue": 767,
        "Gross Profit": 238,
        "Operating Income": 59,
        "EBIT": 92,
        "Net Income": 28
    },
    "2016-06-30": {
        "Diluted EPS": 0.96,
        "Total Revenue": 957,
        "Gross Profit": 301,
        "Operating Income": 73,
        "EBIT": 109,
        "Net Income": 40
    },
    "2016-03-31": {
        "Diluted EPS": 0.54,
        "Total Revenue": 877,
        "Gross Profit": 281,
        "Operating Income": 48,
        "EBIT": 86,
        "Net Income": 23
    },
    "2015-12-31": {
        "Diluted EPS": 1.05,
        "Total Revenue": 529,
        "Gross Profit": 153,
        "Operating Income": 46,
        "EBIT": 90,
        "Net Income": 44
    },
    "2015-09-30": {
        "Diluted EPS": 0.45,
        "Total Revenue": 969,
        "Gross Profit": 296,
        "Operating Income": 46,
        "EBIT": 85,
        "Net Income": 18
    },
    "2015-06-30": {
        "Diluted EPS": 1.26,
        "Total Revenue": NaN,
        "Gross Profit": 328,
        "Operating Income": 97,
        "EBIT": 131,
        "Net Income": 53
    },
    "2015-03-31": {
        "Diluted EPS": 1.26,
        "Total Revenue": 911,
        "Gross Profit": 294,
        "Operating Income": 77,
        "EBIT": 114,
        "Net Income": 52
    },
    "2014-12-31": {
        "Diluted EPS": 2.04,
        "Total Revenue": NaN,
        "Gross Profit": 392,
        "Operating Income": 107,
        "EBIT": 153,
        "Net Income": 80
    },
    "2014-09-30": {
        "Diluted EPS": 1.77,
        "Total Revenue": NaN,
        "Gross Profit": 373,
        "Operating Income": 119,
        "EBIT": 162,
        "Net Income": 73
    },
    "2014-06-30": {
        "Diluted EPS": 4.59,
        "Total Revenue": NaN,
        "Gross Profit": 388,
        "Operating Income": 96,
        "EBIT": 151,
        "Net Income": 192
    },
    "2014-03-31": {
        "Diluted EPS": 0.66,
        "Total Revenue": NaN,
        "Gross Profit": 326,
        "Operating Income": 88,
        "EBIT": 119,
        "Net Income": 25
    },
    "2013-12-31": {
        "Diluted EPS": 0.99,
        "Total Revenue": NaN,
        "Gross Profit": 357,
        "Operating Income": 120,
        "EBIT": 152,
        "Net Income": 35
    },
    "2013-09-30": {
        "Diluted EPS": 1.44,
        "Total Revenue": NaN,
        "Gross Profit": 320,
        "Operating Income": 103,
        "EBIT": 134,
        "Net Income": 50
    },
    "2013-06-30": {
        "Diluted EPS": 1.56,
        "Total Revenue": NaN,
        "Gross Profit": 338,
        "Operating Income": 112,
        "EBIT": 137,
        "Net Income": 53
    },
    "2013-03-31": {
        "Diluted EPS": 0.63,
        "Total Revenue": 947,
        "Gross Profit": 291,
        "Operating Income": 72,
        "EBIT": 102,
        "Net Income": 20
    },
    "2012-12-31": {
        "Diluted EPS": 0.9,
        "Total Revenue": NaN,
        "Gross Profit": 308,
        "Operating Income": 52,
        "EBIT": 84,
        "Net Income": 15
    },
    "2012-09-30": {
        "Diluted EPS": 0.12,
        "Total Revenue": 954,
        "Gross Profit": 288,
        "Operating Income": 52,
        "EBIT": 98,
        "Net Income": 4
    },
    "2012-06-30": {
        "Diluted EPS": 0.21,
        "Total Revenue": NaN,
        "Gross Profit": 315,
        "Operating Income": 60,
        "EBIT": 104,
        "Net Income": 7
    },
    "2012-03-31": {
        "Diluted EPS": -3.99,
        "Total Revenue": 886,
        "Gross Profit": 242,
        "Operating Income": -24,
        "EBIT": 38,
        "Net Income": -109
    },
    "2011-12-31": {
        "Diluted EPS": -1.08,
        "Total Revenue": 178,
        "Gross Profit": 62,
        "Operating Income": -8,
        "EBIT": -3,
        "Net Income": -16
    },
    "2011-09-30": {
        "Diluted EPS": 0.24,
        "Total Revenue": 170,
        "Gross Profit": 61,
        "Operating Income": 5,
        "EBIT": 11,
        "Net Income": 4
    },
    "2011-06-30": {
        "Diluted EPS": 0.69,
        "Total Revenue": 187,
        "Gross Profit": 65,
        "Operating Income": 17,
        "EBIT": 24,
        "Net Income": 10
    },
    "2011-03-31": {
        "Diluted EPS": 0.45,
        "Total Revenue": 159,
        "Gross Profit": 53,
        "Operating Income": 11,
        "EBIT": 17,
        "Net Income": 7
    },
    "2010-12-31": {
        "Diluted EPS": 0.6,
        "Total Revenue": 167,
        "Gross Profit": 60,
        "Operating Income": 20,
        "EBIT": 25,
        "Net Income": 9
    },
    "2010-09-30": {
        "Diluted EPS": 0.39,
        "Total Revenue": 132,
        "Gross Profit": 47,
        "Operating Income": 9,
        "EBIT": 13,
        "Net Income": 6
    },
    "2010-06-30": {
        "Diluted EPS": 0.15,
        "Total Revenue": 123,
        "Gross Profit": 43,
        "Operating Income": 5,
        "EBIT": 9,
        "Net Income": 2
    },
    "2010-03-31": {
        "Diluted EPS": -0.03,
        "Total Revenue": 120,
        "Gross Profit": 42,
        "Operating Income": 1,
        "EBIT": 5,
        "Net Income": 0
    },
    "2009-12-31": {
        "Diluted EPS": 0.48,
        "Total Revenue": 131,
        "Gross Profit": 47,
        "Operating Income": 10,
        "EBIT": 14,
        "Net Income": 7
    },
    "2009-09-30": {
        "Diluted EPS": 0.39,
        "Total Revenue": 129,
        "Gross Profit": 46,
        "Operating Income": 10,
        "EBIT": 14,
        "Net Income": 6
    },
    "2009-06-30": {
        "Diluted EPS": 0.3,
        "Total Revenue": 129,
        "Gross Profit": 45,
        "Operating Income": 8,
        "EBIT": 12,
        "Net Income": 4
    },
    "2009-03-31": {
        "Diluted EPS": 0.48,
        "Total Revenue": 136,
        "Gross Profit": 48,
        "Operating Income": 12,
        "EBIT": 16,
        "Net Income": 7
    },
    "2023-09-30": {
        "Tax Effect Of Unusual Items": -1266054.0,
        "Tax Rate For Calcs": 0.237,
        "Normalized EBITDA": 41067000.0,
        "Total Unusual Items": -5342000.0,
        "Total Unusual Items Excluding Goodwill": -5342000.0,
        "Net Income From Continuing Operation Net Minority Interest": -19491000.0,
        "Reconciled Depreciation": 55460000.0,
        "Reconciled Cost Of Revenue": 153065000.0,
        "EBITDA": 35725000.0,
        "EBIT": -19735000.0,
        "Net Interest Income": -5768000.0,
        "Interest Expense": 5768000.0,
        "Normalized Income": -15415054.0,
        "Net Income From Continuing And Discontinued Operation": -2880000.0,
        "Total Expenses": 432674000.0,
        "Total Operating Income As Reported": -20492000.0,
        "Diluted Average Shares": 54549369.0,
        "Basic Average Shares": 54549369.0,
        "Diluted EPS": -0.05,
        "Basic EPS": -0.05,
        "Diluted NI Availto Com Stockholders": -2880000.0,
        "Net Income Common Stockholders": -2880000.0,
        "Net Income": -2880000.0,
        "Minority Interests": -40000.0,
        "Net Income Including Noncontrolling Interests": -2840000.0,
        "Net Income Discontinuous Operations": 16611000.0,
        "Net Income Continuous Operations": -19451000.0,
        "Tax Provision": -6052000.0,
        "Pretax Income": -25503000.0,
        "Other Income Expense": -4585000.0,
        "Other Non Operating Income Expenses": 757000.0,
        "Special Income Charges": -5342000.0,
        "Restructuring And Mergern Acquisition": 5342000.0,
        "Net Non Operating Interest Income Expense": -5768000.0,
        "Interest Expense Non Operating": 5768000.0,
        "Operating Income": -15150000.0,
        "Operating Expense": 258116000.0,
        "Depreciation Amortization Depletion Income Statement": 33967000.0,
        "Depreciation And Amortization In Income Statement": 33967000.0,
        "Amortization": 33967000.0,
        "Amortization Of Intangibles Income Statement": 33967000.0,
        "Research And Development": 19901000.0,
        "Selling General And Administration": 204248000.0,
        "Gross Profit": 242966000.0,
        "Cost Of Revenue": 174558000.0,
        "Total Revenue": 417524000.0,
        "Operating Revenue": 417524000.0
    },
    "2023-12-31": {
        "Tax Effect Of Unusual Items": -2706060.0,
        "Tax Rate For Calcs": 0.21,
        "Normalized EBITDA": 81403000.0,
        "Total Unusual Items": -12886000.0,
        "Total Unusual Items Excluding Goodwill": -12886000.0,
        "Net Income From Continuing Operation Net Minority Interest": 2952000.0,
        "Reconciled Depreciation": 56607000.0,
        "Reconciled Cost Of Revenue": 169285000.0,
        "EBITDA": 68517000.0,
        "EBIT": 11910000.0,
        "Net Interest Income": -4253000.0,
        "Interest Expense": 4253000.0,
        "Normalized Income": 13131940.0,
        "Net Income From Continuing And Discontinued Operation": 2964000.0,
        "Total Expenses": 455222000.0,
        "Total Operating Income As Reported": -5755000.0,
        "Diluted Average Shares": 59280000.0,
        "Basic Average Shares": 59280000.0,
        "Diluted EPS": 0.05,
        "Basic EPS": 0.05,
        "Diluted NI Availto Com Stockholders": 2964000.0,
        "Net Income Common Stockholders": 2964000.0,
        "Net Income": 2964000.0,
        "Minority Interests": -116000.0,
        "Net Income Including Noncontrolling Interests": 3080000.0,
        "Net Income Discontinuous Operations": 12000.0,
        "Net Income Continuous Operations": 3068000.0,
        "Tax Provision": 4589000.0,
        "Pretax Income": 7657000.0,
        "Other Income Expense": 12112000.0,
        "Other Non Operating Income Expenses": 24998000.0,
        "Special Income Charges": -12886000.0,
        "Restructuring And Mergern Acquisition": 5553000.0,
        "Net Non Operating Interest Income Expense": -4253000.0,
        "Interest Expense Non Operating": 4253000.0,
        "Operating Income": -202000.0,
        "Operating Expense": 264591000.0,
        "Depreciation Amortization Depletion Income Statement": 35261000.0,
        "Depreciation And Amortization In Income Statement": 35261000.0,
        "Amortization": 35261000.0,
        "Amortization Of Intangibles Income Statement": 35261000.0,
        "Research And Development": 18319000.0,
        "Selling General And Administration": 211011000.0,
        "Gross Profit": 264389000.0,
        "Cost Of Revenue": 190631000.0,
        "Total Revenue": 455020000.0,
        "Operating Revenue": 455020000.0
    },
    "2024-03-31": {
        "Tax Effect Of Unusual Items": -1206297.482491,
        "Tax Rate For Calcs": 0.093432,
        "Normalized EBITDA": 27066000.0,
        "Total Unusual Items": -12911000.0,
        "Total Unusual Items Excluding Goodwill": -12911000.0,
        "Net Income From Continuing Operation Net Minority Interest": -71998000.0,
        "Reconciled Depreciation": 73404000.0,
        "Reconciled Cost Of Revenue": 185897000.0,
        "EBITDA": 14155000.0,
        "EBIT": -59249000.0,
        "Net Interest Income": -19996000.0,
        "Interest Expense": 19996000.0,
        "Normalized Income": -60293297.482491,
        "Net Income From Continuing And Discontinued Operation": -71998000.0,
        "Total Expenses": 538369000.0,
        "Total Operating Income As Reported": -35014000.0,
        "Diluted Average Shares": 54686775.0,
        "Basic Average Shares": 54686775.0,
        "Diluted EPS": -1.32,
        "Basic EPS": -1.32,
        "Diluted NI Availto Com Stockholders": -71998000.0,
        "Net Income Common Stockholders": -71998000.0,
        "Net Income": -71998000.0,
        "Minority Interests": -157000.0,
        "Net Income Including Noncontrolling Interests": -71841000.0,
        "Net Income Discontinuous Operations": 0.0,
        "Net Income Continuous Operations": -71841000.0,
        "Tax Provision": -7404000.0,
        "Pretax Income": -79245000.0,
        "Other Income Expense": -37146000.0,
        "Other Non Operating Income Expenses": -24235000.0,
        "Special Income Charges": -12911000.0,
        "Restructuring And Mergern Acquisition": 12911000.0,
        "Net Non Operating Interest Income Expense": -19996000.0,
        "Interest Expense Non Operating": 19996000.0,
        "Operating Income": -22103000.0,
        "Operating Expense": 319999000.0,
        "Other Operating Expenses": NaN,
        "Depreciation Amortization Depletion Income Statement": 40931000.0,
        "Depreciation And Amortization In Income Statement": 40931000.0,
        "Amortization": 40931000.0,
        "Amortization Of Intangibles Income Statement": 40931000.0,
        "Research And Development": 23377000.0,
        "Selling General And Administration": 255691000.0,
        "Gross Profit": 297896000.0,
        "Cost Of Revenue": 218370000.0,
        "Total Revenue": 516266000.0,
        "Operating Revenue": 516266000.0
    },
    "2024-06-30": {
        "Tax Effect Of Unusual Items": -1495362.0,
        "Tax Rate For Calcs": 0.326,
        "Normalized EBITDA": 59967000.0,
        "Total Unusual Items": -4587000.0,
        "Total Unusual Items Excluding Goodwill": -4587000.0,
        "Net Income From Continuing Operation Net Minority Interest": -18570000.0,
        "Reconciled Depreciation": 65763000.0,
        "Reconciled Cost Of Revenue": 211450000.0,
        "EBITDA": 55380000.0,
        "EBIT": -10383000.0,
        "Net Interest Income": -16969000.0,
        "Interest Expense": 16969000.0,
        "Normalized Income": -15478362.0,
        "Net Income From Continuing And Discontinued Operation": -18638000.0,
        "Total Expenses": 564792000.0,
        "Total Operating Income As Reported": -44219000.0,
        "Diluted Average Shares": 54856000.0,
        "Basic Average Shares": 54817647.0,
        "Diluted EPS": -0.34,
        "Basic EPS": -0.34,
        "Diluted NI Availto Com Stockholders": -18638000.0,
        "Net Income Common Stockholders": -18638000.0,
        "Net Income": -18638000.0,
        "Minority Interests": -126000.0,
        "Net Income Including Noncontrolling Interests": -18512000.0,
        "Net Income Discontinuous Operations": -68000.0,
        "Net Income Continuous Operations": -18444000.0,
        "Tax Provision": -8908000.0,
        "Pretax Income": -27352000.0,
        "Other Income Expense": 29249000.0,
        "Other Non Operating Income Expenses": 33836000.0,
        "Special Income Charges": -4587000.0,
        "Restructuring And Mergern Acquisition": 4587000.0,
        "Net Non Operating Interest Income Expense": -16969000.0,
        "Interest Expense Non Operating": 16969000.0,
        "Operating Income": -39632000.0,
        "Operating Expense": 328515000.0,
        "Other Operating Expenses": NaN,
        "Depreciation Amortization Depletion Income Statement": 40936000.0,
        "Depreciation And Amortization In Income Statement": 40936000.0,
        "Amortization": 40936000.0,
        "Amortization Of Intangibles Income Statement": 40936000.0,
        "Research And Development": 23479000.0,
        "Selling General And Administration": 264100000.0,
        "Gross Profit": 288883000.0,
        "Cost Of Revenue": 236277000.0,
        "Total Revenue": 525160000.0,
        "Operating Revenue": 525160000.0
    },
    "2024-09-30": {
        "Tax Effect Of Unusual Items": -1083910.0,
        "Tax Rate For Calcs": 0.214,
        "Normalized EBITDA": 44757000.0,
        "Total Unusual Items": -5065000.0,
        "Total Unusual Items Excluding Goodwill": -5065000.0,
        "Net Income From Continuing Operation Net Minority Interest": -33764000.0,
        "Reconciled Depreciation": 71227000.0,
        "Reconciled Cost Of Revenue": 190322000.0,
        "EBITDA": 39692000.0,
        "EBIT": -31535000.0,
        "Net Interest Income": -11066000.0,
        "Interest Expense": 11066000.0,
        "Normalized Income": -29782910.0,
        "Net Income From Continuing And Discontinued Operation": -31521000.0,
        "Total Expenses": 531894000.0,
        "Total Operating Income As Reported": -31737000.0,
        "Diluted Average Shares": 55666000.0,
        "Basic Average Shares": 54346552.0,
        "Diluted EPS": -0.58,
        "Basic EPS": -0.58,
        "Diluted NI Availto Com Stockholders": -31521000.0,
        "Net Income Common Stockholders": -31521000.0,
        "Net Income": -31521000.0,
        "Minority Interests": -259000.0,
        "Net Income Including Noncontrolling Interests": -31262000.0,
        "Net Income Discontinuous Operations": 2243000.0,
        "Net Income Continuous Operations": -33505000.0,
        "Tax Provision": -9096000.0,
        "Pretax Income": -42601000.0,
        "Other Income Expense": -4863000.0,
        "Other Non Operating Income Expenses": 202000.0,
        "Special Income Charges": -5065000.0,
        "Restructuring And Mergern Acquisition": 5065000.0,
        "Net Non Operating Interest Income Expense": -11066000.0,
        "Interest Expense Non Operating": 11066000.0,
        "Operating Income": -26672000.0,
        "Operating Expense": 313131000.0,
        "Other Operating Expenses": NaN,
        "Depreciation Amortization Depletion Income Statement": 42786000.0,
        "Depreciation And Amortization In Income Statement": 42786000.0,
        "Amortization": 42786000.0,
        "Amortization Of Intangibles Income Statement": 42786000.0,
        "Research And Development": 20491000.0,
        "Selling General And Administration": 249854000.0,
        "Gross Profit": 286459000.0,
        "Cost Of Revenue": 218763000.0,
        "Total Revenue": 505222000.0,
        "Operating Revenue": 505222000.0
    },
    "2024-12-31": {
        "Tax Effect Of Unusual Items": -136442670.0,
        "Tax Rate For Calcs": 0.21,
        "Normalized EBITDA": 59472000.0,
        "Total Unusual Items": -649727000.0,
        "Total Unusual Items Excluding Goodwill": -649727000.0,
        "Net Income From Continuing Operation Net Minority Interest": -703763000.0,
        "Reconciled Depreciation": 74402000.0,
        "Reconciled Cost Of Revenue": 219935000.0,
        "EBITDA": -590255000.0,
        "EBIT": -664657000.0,
        "Net Interest Income": -9069000.0,
        "Interest Expense": 9069000.0,
        "Normalized Income": -190478670.0,
        "Net Income From Continuing And Discontinued Operation": -703337000.0,
        "Total Expenses": 575997000.0,
        "Total Operating Income As Reported": -664749000.0,
        "Diluted Average Shares": 58368216.0,
        "Basic Average Shares": 58368216.0,
        "Diluted EPS": -12.05,
        "Basic EPS": -12.05,
        "Diluted NI Availto Com Stockholders": -703337000.0,
        "Net Income Common Stockholders": -703337000.0,
        "Net Income": -703337000.0,
        "Minority Interests": -137000.0,
        "Net Income Including Noncontrolling Interests": -703200000.0,
        "Net Income Discontinuous Operations": 426000.0,
        "Net Income Continuous Operations": -703626000.0,
        "Tax Provision": 29900000.0,
        "Pretax Income": -673726000.0,
        "Other Income Expense": -649635000.0,
        "Other Non Operating Income Expenses": 92000.0,
        "Special Income Charges": -649727000.0,
        "Restructuring And Mergern Acquisition": 4727000.0,
        "Net Non Operating Interest Income Expense": -9069000.0,
        "Interest Expense Non Operating": 9069000.0,
        "Operating Income": -15022000.0,
        "Operating Expense": 322540000.0,
        "Other Operating Expenses": NaN,
        "Depreciation Amortization Depletion Income Statement": 40880000.0,
        "Depreciation And Amortization In Income Statement": 40880000.0,
        "Amortization": 40880000.0,
        "Amortization Of Intangibles Income Statement": 40880000.0,
        "Research And Development": 23951000.0,
        "Selling General And Administration": 257709000.0,
        "Gross Profit": 307518000.0,
        "Cost Of Revenue": 253457000.0,
        "Total Revenue": 560975000.0,
        "Operating Revenue": 560975000.0
    },
    "2025-03-31": {
        "Tax Effect Of Unusual Items": -119722.0,
        "Tax Rate For Calcs": 0.031,
        "Normalized EBITDA": 27136000.0,
        "Total Unusual Items": -3862000.0,
        "Total Unusual Items Excluding Goodwill": -3862000.0,
        "Net Income From Continuing Operation Net Minority Interest": -55841000.0,
        "Reconciled Depreciation": 71435000.0,
        "Reconciled Cost Of Revenue": 196982000.0,
        "EBITDA": 23274000.0,
        "EBIT": -48161000.0,
        "Net Interest Income": -9188000.0,
        "Interest Expense": 9188000.0,
        "Normalized Income": -52098722.0,
        "Net Income From Continuing And Discontinued Operation": -55966000.0,
        "Total Expenses": 601741000.0,
        "Total Operating Income As Reported": -46769000.0,
        "Diluted Average Shares": 57108163.0,
        "Basic Average Shares": 57108163.0,
        "Diluted EPS": -0.98,
        "Basic EPS": -0.98,
        "Diluted NI Availto Com Stockholders": -55966000.0,
        "Net Income Common Stockholders": -55966000.0,
        "Net Income": -55966000.0,
        "Minority Interests": -261000.0,
        "Net Income Including Noncontrolling Interests": -55705000.0,
        "Net Income Discontinuous Operations": -125000.0,
        "Net Income Continuous Operations": -55580000.0,
        "Tax Provision": -1769000.0,
        "Pretax Income": -57349000.0,
        "Other Income Expense": -5254000.0,
        "Other Non Operating Income Expenses": -1392000.0,
        "Special Income Charges": -3862000.0,
        "Restructuring And Mergern Acquisition": 3862000.0,
        "Net Non Operating Interest Income Expense": -9188000.0,
        "Interest Expense Non Operating": 9188000.0,
        "Operating Income": -42907000.0,
        "Operating Expense": 375136000.0,
        "Other Operating Expenses": 35777000.0,
        "Depreciation Amortization Depletion Income Statement": 41812000.0,
        "Depreciation And Amortization In Income Statement": 41812000.0,
        "Amortization": 41812000.0,
        "Amortization Of Intangibles Income Statement": 41812000.0,
        "Research And Development": 28528000.0,
        "Selling General And Administration": 269019000.0,
        "Gross Profit": 332229000.0,
        "Cost Of Revenue": 226605000.0,
        "Total Revenue": 558834000.0,
        "Operating Revenue": 558834000.0
    },
    "2025-06-30": {
        "Tax Effect Of Unusual Items": -150360.0,
        "Tax Rate For Calcs": 0.21,
        "Normalized EBITDA": 55907000.0,
        "Total Unusual Items": -716000.0,
        "Total Unusual Items Excluding Goodwill": -716000.0,
        "Net Income From Continuing Operation Net Minority Interest": -36646000.0,
        "Reconciled Depreciation": 71551000.0,
        "Reconciled Cost Of Revenue": 201259000.0,
        "EBITDA": 55191000.0,
        "EBIT": -16360000.0,
        "Net Interest Income": -9294000.0,
        "Interest Expense": 9294000.0,
        "Normalized Income": -36080360.0,
        "Net Income From Continuing And Discontinued Operation": -36739000.0,
        "Total Expenses": 580625000.0,
        "Total Operating Income As Reported": -16796000.0,
        "Diluted Average Shares": 57404688.0,
        "Basic Average Shares": 57404688.0,
        "Diluted EPS": -0.64,
        "Basic EPS": -0.64,
        "Diluted NI Availto Com Stockholders": -36739000.0,
        "Net Income Common Stockholders": -36739000.0,
        "Net Income": -36739000.0,
        "Minority Interests": -191000.0,
        "Net Income Including Noncontrolling Interests": -36548000.0,
        "Net Income Discontinuous Operations": -93000.0,
        "Net Income Continuous Operations": -36455000.0,
        "Tax Provision": 10801000.0,
        "Pretax Income": -25654000.0,
        "Other Income Expense": -280000.0,
        "Other Non Operating Income Expenses": 436000.0,
        "Special Income Charges": -716000.0,
        "Restructuring And Mergern Acquisition": 716000.0,
        "Net Non Operating Interest Income Expense": -9294000.0,
        "Interest Expense Non Operating": 9294000.0,
        "Operating Income": -16080000.0,
        "Operating Expense": 350777000.0,
        "Other Operating Expenses": 10041000.0,
        "Depreciation Amortization Depletion Income Statement": 42962000.0,
        "Depreciation And Amortization In Income Statement": 42962000.0,
        "Amortization": 42962000.0,
        "Amortization Of Intangibles Income Statement": 42962000.0,
        "Research And Development": 30700000.0,
        "Selling General And Administration": 267074000.0,
        "Gross Profit": 334697000.0,
        "Cost Of Revenue": 229848000.0,
        "Total Revenue": 564545000.0,
        "Operating Revenue": 564545000.0
    }
}