{
    "2023-06-30": {
        "Tax Effect Of Unusual Items": NaN,
        "Tax Rate For Calcs": NaN,
        "Normalized EBITDA": NaN,
        "Total Unusual Items": NaN,
        "Total Unusual Items Excluding Goodwill": NaN,
        "Net Income From Continuing Operation Net Minority Interest": NaN,
        "Reconciled Depreciation": NaN,
        "Reconciled Cost Of Revenue": NaN,
        "EBITDA": NaN,
        "EBIT": NaN,
        "Net Interest Income": NaN,
        "Interest Expense": NaN,
        "Interest Income": NaN,
        "Normalized Income": NaN,
        "Net Income From Continuing And Discontinued Operation": NaN,
        "Total Expenses": NaN,
        "Total Operating Income As Reported": NaN,
        "Diluted Average Shares": NaN,
        "Basic Average Shares": NaN,
        "Diluted EPS": NaN,
        "Basic EPS": NaN,
        "Diluted NI Availto Com Stockholders": NaN,
        "Average Dilution Earnings": NaN,
        "Net Income Common Stockholders": NaN,
        "Net Income": NaN,
        "Net Income Including Noncontrolling Interests": NaN,
        "Net Income Continuous Operations": NaN,
        "Tax Provision": NaN,
        "Pretax Income": NaN,
        "Other Income Expense": NaN,
        "Other Non Operating Income Expenses": NaN,
        "Special Income Charges": NaN,
        "Other Special Charges": NaN,
        "Write Off": 0.0,
        "Restructuring And Mergern Acquisition": NaN,
        "Net Non Operating Interest Income Expense": NaN,
        "Interest Expense Non Operating": NaN,
        "Interest Income Non Operating": NaN,
        "Operating Income": NaN,
        "Operating Expense": NaN,
        "Research And Development": NaN,
        "Selling General And Administration": NaN,
        "Selling And Marketing Expense": NaN,
        "General And Administrative Expense": NaN,
        "Other Gand A": NaN,
        "Gross Profit": NaN,
        "Cost Of Revenue": NaN,
        "Total Revenue": NaN,
        "Operating Revenue": NaN
    },
    "2023-03-31": {
        "Tax Effect Of Unusual Items": -124294.167277,
        "Tax Rate For Calcs": 0.179357,
        "Normalized EBITDA": 198413000.0,
        "Total Unusual Items": -693000.0,
        "Total Unusual Items Excluding Goodwill": -693000.0,
        "Net Income From Continuing Operation Net Minority Interest": 146873000.0,
        "Reconciled Depreciation": 16591000.0,
        "Reconciled Cost Of Revenue": 399645000.0,
        "EBITDA": 197720000.0,
        "EBIT": 181129000.0,
        "Net Interest Income": 10884000.0,
        "Interest Expense": 2156000.0,
        "Interest Income": 13040000.0,
        "Normalized Income": 147441705.832723,
        "Net Income From Continuing And Discontinued Operation": 146873000.0,
        "Total Expenses": 557660000.0,
        "Total Operating Income As Reported": 167663000.0,
        "Diluted Average Shares": 145986000.0,
        "Basic Average Shares": 136689000.0,
        "Diluted EPS": 1.02,
        "Basic EPS": 1.07,
        "Diluted NI Availto Com Stockholders": 148477000.0,
        "Average Dilution Earnings": 1604000.0,
        "Net Income Common Stockholders": 146873000.0,
        "Net Income": 146873000.0,
        "Net Income Including Noncontrolling Interests": 146873000.0,
        "Net Income Continuous Operations": 146873000.0,
        "Tax Provision": 32100000.0,
        "Pretax Income": 178973000.0,
        "Other Income Expense": -267000.0,
        "Other Non Operating Income Expenses": 426000.0,
        "Special Income Charges": -693000.0,
        "Restructuring And Mergern Acquisition": 693000.0,
        "Net Non Operating Interest Income Expense": 10884000.0,
        "Interest Expense Non Operating": 2156000.0,
        "Interest Income Non Operating": 13040000.0,
        "Operating Income": 168356000.0,
        "Operating Expense": 158015000.0,
        "Research And Development": 57129000.0,
        "Selling General And Administration": 100886000.0,
        "Selling And Marketing Expense": 64621000.0,
        "General And Administrative Expense": 36265000.0,
        "Other Gand A": 36265000.0,
        "Gross Profit": 326371000.0,
        "Cost Of Revenue": 399645000.0,
        "Total Revenue": 726016000.0,
        "Operating Revenue": 726016000.0
    },
    "2022-12-31": {
        "Tax Effect Of Unusual Items": 293169.439522,
        "Tax Rate For Calcs": 0.085772,
        "Normalized EBITDA": 183048000.0,
        "Total Unusual Items": 3418000.0,
        "Total Unusual Items Excluding Goodwill": 3418000.0,
        "Net Income From Continuing Operation Net Minority Interest": 153753000.0,
        "Reconciled Depreciation": 16009000.0,
        "Reconciled Cost Of Revenue": 413951000.0,
        "EBITDA": 186466000.0,
        "EBIT": 170457000.0,
        "Net Interest Income": 6441000.0,
        "Interest Expense": 2279000.0,
        "Interest Income": 8720000.0,
        "Normalized Income": 150628169.439522,
        "Net Income From Continuing And Discontinued Operation": 153753000.0,
        "Total Expenses": 565902000.0,
        "Total Operating Income As Reported": 156960000.0,
        "Diluted Average Shares": 146311000.0,
        "Basic Average Shares": 136167000.0,
        "Diluted EPS": 1.06,
        "Basic EPS": 1.13,
        "Diluted NI Availto Com Stockholders": 154416000.0,
        "Average Dilution Earnings": 663000.0,
        "Net Income Common Stockholders": 153753000.0,
        "Net Income": 153753000.0,
        "Net Income Including Noncontrolling Interests": 153753000.0,
        "Net Income Continuous Operations": 153753000.0,
        "Tax Provision": 14425000.0,
        "Pretax Income": 168178000.0,
        "Other Income Expense": 2987000.0,
        "Other Non Operating Income Expenses": NaN,
        "Special Income Charges": -1790000.0,
        "Restructuring And Mergern Acquisition": 1790000.0,
        "Net Non Operating Interest Income Expense": 6441000.0,
        "Interest Expense Non Operating": 2279000.0,
        "Interest Income Non Operating": 8720000.0,
        "Operating Income": 158750000.0,
        "Operating Expense": 151951000.0,
        "Research And Development": 49683000.0,
        "Selling General And Administration": 102268000.0,
        "Selling And Marketing Expense": 64913000.0,
        "General And Administrative Expense": 37355000.0,
        "Other Gand A": 37355000.0,
        "Gross Profit": 310701000.0,
        "Cost Of Revenue": 413951000.0,
        "Total Revenue": 724652000.0,
        "Operating Revenue": 724652000.0
    },
    "2022-09-30": {
        "Tax Effect Of Unusual Items": NaN,
        "Tax Rate For Calcs": NaN,
        "Normalized EBITDA": NaN,
        "Total Unusual Items": NaN,
        "Total Unusual Items Excluding Goodwill": NaN,
        "Net Income From Continuing Operation Net Minority Interest": NaN,
        "Reconciled Depreciation": NaN,
        "Reconciled Cost Of Revenue": NaN,
        "EBITDA": NaN,
        "EBIT": NaN,
        "Net Interest Income": NaN,
        "Interest Expense": NaN,
        "Interest Income": NaN,
        "Normalized Income": NaN,
        "Net Income From Continuing And Discontinued Operation": NaN,
        "Total Expenses": NaN,
        "Total Operating Income As Reported": NaN,
        "Diluted Average Shares": NaN,
        "Basic Average Shares": NaN,
        "Diluted EPS": NaN,
        "Basic EPS": NaN,
        "Diluted NI Availto Com Stockholders": NaN,
        "Average Dilution Earnings": NaN,
        "Net Income Common Stockholders": NaN,
        "Net Income": NaN,
        "Net Income Including Noncontrolling Interests": NaN,
        "Net Income Continuous Operations": NaN,
        "Tax Provision": NaN,
        "Pretax Income": NaN,
        "Other Income Expense": NaN,
        "Other Non Operating Income Expenses": NaN,
        "Special Income Charges": NaN,
        "Restructuring And Mergern Acquisition": NaN,
        "Gain On Sale Of Security": -2611000.0,
        "Net Non Operating Interest Income Expense": NaN,
        "Interest Expense Non Operating": NaN,
        "Interest Income Non Operating": NaN,
        "Operating Income": NaN,
        "Operating Expense": NaN,
        "Research And Development": NaN,
        "Selling General And Administration": NaN,
        "Selling And Marketing Expense": NaN,
        "General And Administrative Expense": NaN,
        "Other Gand A": NaN,
        "Gross Profit": NaN,
        "Cost Of Revenue": NaN,
        "Total Revenue": NaN,
        "Operating Revenue": NaN
    },
    "2022-06-30": {
        "Tax Effect Of Unusual Items": 0.0,
        "Tax Rate For Calcs": 0.165192,
        "Normalized EBITDA": 109623000.0,
        "Total Unusual Items": 0.0,
        "Total Unusual Items Excluding Goodwill": 0.0,
        "Net Income From Continuing Operation Net Minority Interest": 76976000.0,
        "Reconciled Depreciation": 15247000.0,
        "Reconciled Cost Of Revenue": 311191000.0,
        "EBITDA": 109623000.0,
        "EBIT": 94376000.0,
        "Net Interest Income": -1372000.0,
        "Interest Expense": 2168000.0,
        "Interest Income": 796000.0,
        "Normalized Income": 76976000.0,
        "Net Income From Continuing And Discontinued Operation": 76976000.0,
        "Total Expenses": 436160000.0,
        "Total Operating Income As Reported": 94036000.0,
        "Diluted Average Shares": 143725000.0,
        "Basic Average Shares": 135196000.0,
        "Diluted EPS": 0.54,
        "Basic EPS": 0.57,
        "Diluted NI Availto Com Stockholders": 77638000.0,
        "Average Dilution Earnings": 662000.0,
        "Net Income Common Stockholders": 76976000.0,
        "Net Income": 76976000.0,
        "Net Income Including Noncontrolling Interests": 76976000.0,
        "Net Income Continuous Operations": 76976000.0,
        "Tax Provision": 15232000.0,
        "Pretax Income": 92208000.0,
        "Other Income Expense": -456000.0,
        "Other Non Operating Income Expenses": -456000.0,
        "Special Income Charges": 0.0,
        "Restructuring And Mergern Acquisition": NaN,
        "Gain On Sale Of Security": NaN,
        "Net Non Operating Interest Income Expense": -1372000.0,
        "Interest Expense Non Operating": 2168000.0,
        "Interest Income Non Operating": 796000.0,
        "Operating Income": 94036000.0,
        "Operating Expense": 124969000.0,
        "Research And Development": 39256000.0,
        "Selling General And Administration": 85713000.0,
        "Selling And Marketing Expense": 53588000.0,
        "General And Administrative Expense": 32125000.0,
        "Other Gand A": 32125000.0,
        "Gross Profit": 219005000.0,
        "Cost Of Revenue": 311191000.0,
        "Total Revenue": 530196000.0,
        "Operating Revenue": 530196000.0
    },
    "2022-03-31": {
        "Diluted EPS": 0.37,
        "Total Revenue": 441,
        "Gross Profit": 177,
        "Operating Income": 62,
        "EBIT": 77,
        "Net Income": 52
    },
    "2021-12-31": {
        "Diluted EPS": 0.37,
        "Total Revenue": 413,
        "Gross Profit": 163,
        "Operating Income": 58,
        "EBIT": 69,
        "Net Income": 53
    },
    "2021-09-30": {
        "Diluted EPS": 0.15,
        "Total Revenue": 352,
        "Gross Profit": 140,
        "Operating Income": 37,
        "EBIT": 46,
        "Net Income": 22
    },
    "2021-06-30": {
        "Diluted EPS": 0.28,
        "Total Revenue": 316,
        "Gross Profit": 128,
        "Operating Income": 59,
        "EBIT": 67,
        "Net Income": 39
    },
    "2021-03-31": {
        "Diluted EPS": 0.22,
        "Total Revenue": 302,
        "Gross Profit": 123,
        "Operating Income": 61,
        "EBIT": 67,
        "Net Income": 32
    },
    "2020-12-31": {
        "Diluted EPS": 0.55,
        "Total Revenue": 265,
        "Gross Profit": 122,
        "Operating Income": 79,
        "EBIT": 84,
        "Net Income": 73
    },
    "2020-09-30": {
        "Diluted EPS": 0.28,
        "Total Revenue": 179,
        "Gross Profit": 95,
        "Operating Income": 52,
        "EBIT": 57,
        "Net Income": 39
    },
    "2020-06-30": {
        "Diluted EPS": -0.38,
        "Total Revenue": 126,
        "Gross Profit": 48,
        "Operating Income": 11,
        "EBIT": 15,
        "Net Income": -47
    },
    "2020-03-31": {
        "Diluted EPS": 0.5,
        "Total Revenue": 206,
        "Gross Profit": 81,
        "Operating Income": 45,
        "EBIT": 49,
        "Net Income": 69
    },
    "2019-12-31": {
        "Diluted EPS": 0.9,
        "Total Revenue": 210,
        "Gross Profit": 78,
        "Operating Income": 44,
        "EBIT": 47,
        "Net Income": 117
    },
    "2019-09-30": {
        "Diluted EPS": 0.23,
        "Total Revenue": 180,
        "Gross Profit": 65,
        "Operating Income": 34,
        "EBIT": 38,
        "Net Income": 31
    },
    "2019-06-30": {
        "Diluted EPS": 0.08,
        "Total Revenue": 134,
        "Gross Profit": 45,
        "Operating Income": 17,
        "EBIT": 22,
        "Net Income": 11
    },
    "2019-03-31": {
        "Diluted EPS": 0.02,
        "Total Revenue": 100,
        "Gross Profit": 33,
        "Operating Income": 7,
        "EBIT": 11,
        "Net Income": 3
    },
    "2018-12-31": {
        "Diluted EPS": 0.01,
        "Total Revenue": 92,
        "Gross Profit": 28,
        "Operating Income": 5,
        "EBIT": 6,
        "Net Income": 1
    },
    "2018-09-30": {
        "Diluted EPS": -0.03,
        "Total Revenue": 78,
        "Gross Profit": 25,
        "Operating Income": 0,
        "EBIT": 4,
        "Net Income": -3
    },
    "2018-06-30": {
        "Diluted EPS": -0.04,
        "Total Revenue": 76,
        "Gross Profit": 23,
        "Operating Income": -1,
        "EBIT": 1,
        "Net Income": -4
    },
    "2018-03-31": {
        "Diluted EPS": -0.06,
        "Total Revenue": 70,
        "Gross Profit": 18,
        "Operating Income": -2,
        "EBIT": 0,
        "Net Income": -5
    },
    "2017-12-31": {
        "Diluted EPS": -0.02,
        "Total Revenue": 80,
        "Gross Profit": 19,
        "Operating Income": -2,
        "EBIT": -1,
        "Net Income": -3
    },
    "2017-09-30": {
        "Diluted EPS": -0.08,
        "Total Revenue": 77,
        "Gross Profit": 16,
        "Operating Income": -6,
        "EBIT": -3,
        "Net Income": -7
    },
    "2017-06-30": {
        "Diluted EPS": -0.14,
        "Total Revenue": 75,
        "Gross Profit": 14,
        "Operating Income": -9,
        "EBIT": -7,
        "Net Income": -12
    },
    "2017-03-31": {
        "Diluted EPS": -0.3,
        "Total Revenue": 55,
        "Gross Profit": 7,
        "Operating Income": -22,
        "EBIT": -19,
        "Net Income": -23
    },
    "2016-12-31": {
        "Diluted EPS": -0.17,
        "Total Revenue": 91,
        "Gross Profit": 16,
        "Operating Income": -10,
        "EBIT": -7,
        "Net Income": -13
    },
    "2016-09-30": {
        "Diluted EPS": -0.4,
        "Total Revenue": 89,
        "Gross Profit": 16,
        "Operating Income": -18,
        "EBIT": -15,
        "Net Income": -19
    },
    "2016-06-30": {
        "Diluted EPS": -0.36,
        "Total Revenue": 79,
        "Gross Profit": 14,
        "Operating Income": -16,
        "EBIT": -13,
        "Net Income": -17
    },
    "2016-03-31": {
        "Diluted EPS": -0.41,
        "Total Revenue": 64,
        "Gross Profit": 12,
        "Operating Income": -19,
        "EBIT": -16,
        "Net Income": -19
    },
    "2015-12-31": {
        "Diluted EPS": -0.35,
        "Total Revenue": 66,
        "Gross Profit": 16,
        "Operating Income": -15,
        "EBIT": -12,
        "Net Income": -16
    },
    "2015-09-30": {
        "Diluted EPS": 0.01,
        "Total Revenue": 103,
        "Gross Profit": 31,
        "Operating Income": 2,
        "EBIT": 5,
        "Net Income": 1
    },
    "2015-06-30": {
        "Diluted EPS": -0.01,
        "Total Revenue": 102,
        "Gross Profit": 33,
        "Operating Income": 0,
        "EBIT": 2,
        "Net Income": -1
    },
    "2015-03-31": {
        "Diluted EPS": -0.14,
        "Total Revenue": 87,
        "Gross Profit": 28,
        "Operating Income": -6,
        "EBIT": -3,
        "Net Income": -6
    },
    "2014-12-31": {
        "Diluted EPS": 0.01,
        "Total Revenue": 105,
        "Gross Profit": 35,
        "Operating Income": 2,
        "EBIT": 5,
        "Net Income": 0
    },
    "2014-09-30": {
        "Diluted EPS": 0.02,
        "Total Revenue": 99,
        "Gross Profit": 33,
        "Operating Income": 2,
        "EBIT": 4,
        "Net Income": 1
    },
    "2014-06-30": {
        "Diluted EPS": -0.07,
        "Total Revenue": 82,
        "Gross Profit": 27,
        "Operating Income": -2,
        "EBIT": 0,
        "Net Income": -3
    },
    "2014-03-31": {
        "Diluted EPS": -0.15,
        "Total Revenue": 58,
        "Gross Profit": 19,
        "Operating Income": -6,
        "EBIT": -4,
        "Net Income": -6
    },
    "2013-12-31": {
        "Diluted EPS": -0.07,
        "Total Revenue": 67,
        "Gross Profit": 21,
        "Operating Income": -2,
        "EBIT": 0,
        "Net Income": -3
    },
    "2013-09-30": {
        "Diluted EPS": -0.15,
        "Total Revenue": 62,
        "Gross Profit": 17,
        "Operating Income": -5,
        "EBIT": -4,
        "Net Income": -6
    },
    "2013-06-30": {
        "Diluted EPS": -0.15,
        "Total Revenue": 58,
        "Gross Profit": 16,
        "Operating Income": -5,
        "EBIT": -4,
        "Net Income": -6
    },
    "2013-03-31": {
        "Diluted EPS": -0.25,
        "Total Revenue": 46,
        "Gross Profit": 12,
        "Operating Income": -10,
        "EBIT": -8,
        "Net Income": -10
    },
    "2012-12-31": {
        "Diluted EPS": 5.24,
        "Total Revenue": 58,
        "Gross Profit": 16,
        "Operating Income": -6,
        "EBIT": -5,
        "Net Income": -8
    },
    "2012-09-30": {
        "Diluted EPS": -0.22,
        "Total Revenue": 61,
        "Gross Profit": 16,
        "Operating Income": -8,
        "EBIT": -7,
        "Net Income": -9
    },
    "2012-06-30": {
        "Diluted EPS": -0.29,
        "Total Revenue": 56,
        "Gross Profit": 14,
        "Operating Income": -8,
        "EBIT": -6,
        "Net Income": -11
    },
    "2012-03-31": {
        "Diluted EPS": -5.97,
        "Total Revenue": 43,
        "Gross Profit": 9,
        "Operating Income": -9,
        "EBIT": -8,
        "Net Income": -10
    },
    "2011-12-31": {
        "Diluted EPS": -0.06,
        "Total Revenue": 57,
        "Gross Profit": 13,
        "Operating Income": -4,
        "EBIT": -3,
        "Net Income": -6
    },
    "2011-09-30": {
        "Diluted EPS": -4.77,
        "Total Revenue": 45,
        "Gross Profit": 9,
        "Operating Income": -6,
        "EBIT": -6,
        "Net Income": -7
    },
    "2011-06-30": {
        "Diluted EPS": -9.95,
        "Total Revenue": 30,
        "Gross Profit": 5,
        "Operating Income": -9,
        "EBIT": -9,
        "Net Income": -10
    },
    "2011-03-31": {
        "Diluted EPS": -10.95,
        "Total Revenue": 18,
        "Gross Profit": 3,
        "Operating Income": -9,
        "EBIT": -8,
        "Net Income": -9
    },
    "2010-12-31": {
        "Diluted EPS": 0.0,
        "Total Revenue": 21,
        "Gross Profit": 2,
        "Operating Income": -7,
        "EBIT": -6,
        "Net Income": -7
    },
    "2010-09-30": {
        "Diluted EPS": 0.0,
        "Total Revenue": 19,
        "Gross Profit": 2,
        "Operating Income": -6,
        "EBIT": -5,
        "Net Income": -6
    },
    "2010-06-30": {
        "Diluted EPS": 0.0,
        "Total Revenue": 11,
        "Gross Profit": 1,
        "Operating Income": -5,
        "EBIT": -4,
        "Net Income": -5
    },
    "2010-03-31": {
        "Diluted EPS": 0.0,
        "Total Revenue": 12,
        "Gross Profit": 1,
        "Operating Income": -4,
        "EBIT": -3,
        "Net Income": -4
    },
    "2009-12-31": {
        "Diluted EPS": 0.0,
        "Total Revenue": NaN,
        "Gross Profit": NaN,
        "Operating Income": NaN,
        "EBIT": NaN,
        "Net Income": NaN
    },
    "2023-09-30": {
        "Tax Effect Of Unusual Items": NaN,
        "Tax Rate For Calcs": NaN,
        "Normalized EBITDA": NaN,
        "Total Unusual Items": NaN,
        "Total Unusual Items Excluding Goodwill": NaN,
        "Net Income From Continuing Operation Net Minority Interest": NaN,
        "Reconciled Depreciation": NaN,
        "Reconciled Cost Of Revenue": NaN,
        "EBITDA": NaN,
        "EBIT": NaN,
        "Net Interest Income": NaN,
        "Interest Expense": NaN,
        "Interest Income": NaN,
        "Normalized Income": NaN,
        "Net Income From Continuing And Discontinued Operation": NaN,
        "Total Expenses": NaN,
        "Total Operating Income As Reported": NaN,
        "Diluted Average Shares": NaN,
        "Basic Average Shares": NaN,
        "Diluted EPS": NaN,
        "Basic EPS": NaN,
        "Diluted NI Availto Com Stockholders": NaN,
        "Average Dilution Earnings": NaN,
        "Net Income Common Stockholders": NaN,
        "Net Income": NaN,
        "Net Income Including Noncontrolling Interests": NaN,
        "Net Income Continuous Operations": NaN,
        "Tax Provision": NaN,
        "Pretax Income": NaN,
        "Other Income Expense": NaN,
        "Other Non Operating Income Expenses": NaN,
        "Special Income Charges": NaN,
        "Other Special Charges": NaN,
        "Write Off": 0.0,
        "Restructuring And Mergern Acquisition": NaN,
        "Net Non Operating Interest Income Expense": NaN,
        "Interest Expense Non Operating": NaN,
        "Interest Income Non Operating": NaN,
        "Operating Income": NaN,
        "Operating Expense": NaN,
        "Research And Development": NaN,
        "Selling General And Administration": NaN,
        "Selling And Marketing Expense": NaN,
        "General And Administrative Expense": NaN,
        "Other Gand A": NaN,
        "Gross Profit": NaN,
        "Cost Of Revenue": NaN,
        "Total Revenue": NaN,
        "Operating Revenue": NaN
    },
    "2023-12-31": {
        "Tax Effect Of Unusual Items": -3110940.0,
        "Tax Rate For Calcs": 0.21,
        "Normalized EBITDA": 50150000.0,
        "Total Unusual Items": -14814000.0,
        "Total Unusual Items Excluding Goodwill": -14814000.0,
        "Net Income From Continuing Operation Net Minority Interest": 20919000.0,
        "Reconciled Depreciation": 20841000.0,
        "Reconciled Cost Of Revenue": 155908000.0,
        "EBITDA": 35336000.0,
        "EBIT": 14495000.0,
        "Net Interest Income": 18225000.0,
        "Interest Expense": 2268000.0,
        "Interest Income": 20493000.0,
        "Normalized Income": 32622060.0,
        "Net Income From Continuing And Discontinued Operation": 20919000.0,
        "Total Expenses": 297987000.0,
        "Total Operating Income As Reported": -10231000.0,
        "Diluted Average Shares": 139205000.0,
        "Basic Average Shares": 136092000.0,
        "Diluted EPS": 0.15,
        "Basic EPS": 0.15,
        "Diluted NI Availto Com Stockholders": 18582000.0,
        "Average Dilution Earnings": -2337000.0,
        "Net Income Common Stockholders": 20919000.0,
        "Net Income": 20919000.0,
        "Net Income Including Noncontrolling Interests": 20919000.0,
        "Net Income Continuous Operations": 20919000.0,
        "Tax Provision": -8692000.0,
        "Pretax Income": 12227000.0,
        "Other Income Expense": -10581000.0,
        "Other Non Operating Income Expenses": 4233000.0,
        "Special Income Charges": -14814000.0,
        "Other Special Charges": NaN,
        "Write Off": NaN,
        "Restructuring And Mergern Acquisition": 14814000.0,
        "Net Non Operating Interest Income Expense": 18225000.0,
        "Interest Expense Non Operating": 2268000.0,
        "Interest Income Non Operating": 20493000.0,
        "Operating Income": 4583000.0,
        "Operating Expense": 142079000.0,
        "Research And Development": 55291000.0,
        "Selling General And Administration": 86788000.0,
        "Selling And Marketing Expense": 53409000.0,
        "General And Administrative Expense": 33379000.0,
        "Other Gand A": 33379000.0,
        "Gross Profit": 146662000.0,
        "Cost Of Revenue": 155908000.0,
        "Total Revenue": 302570000.0,
        "Operating Revenue": 302570000.0
    },
    "2024-03-31": {
        "Tax Effect Of Unusual Items": -400470.0,
        "Tax Rate For Calcs": 0.21,
        "Normalized EBITDA": 12741000.0,
        "Total Unusual Items": -1907000.0,
        "Total Unusual Items Excluding Goodwill": -1907000.0,
        "Net Income From Continuing Operation Net Minority Interest": -16097000.0,
        "Reconciled Depreciation": 20137000.0,
        "Reconciled Cost Of Revenue": 147831000.0,
        "EBITDA": 10834000.0,
        "EBIT": -9303000.0,
        "Net Interest Income": 17513000.0,
        "Interest Expense": 2196000.0,
        "Interest Income": 19709000.0,
        "Normalized Income": -14590470.0,
        "Net Income From Continuing And Discontinued Operation": -16097000.0,
        "Total Expenses": 290531000.0,
        "Total Operating Income As Reported": -29099000.0,
        "Diluted Average Shares": 135891000.0,
        "Basic Average Shares": 135891000.0,
        "Diluted EPS": -0.12,
        "Basic EPS": -0.12,
        "Diluted NI Availto Com Stockholders": -16097000.0,
        "Average Dilution Earnings": 0.0,
        "Net Income Common Stockholders": -16097000.0,
        "Net Income": -16097000.0,
        "Net Income Including Noncontrolling Interests": -16097000.0,
        "Net Income Continuous Operations": -16097000.0,
        "Tax Provision": 4598000.0,
        "Pretax Income": -11499000.0,
        "Other Income Expense": -1820000.0,
        "Other Non Operating Income Expenses": 87000.0,
        "Special Income Charges": -1907000.0,
        "Other Special Charges": NaN,
        "Write Off": NaN,
        "Restructuring And Mergern Acquisition": 1907000.0,
        "Net Non Operating Interest Income Expense": 17513000.0,
        "Interest Expense Non Operating": 2196000.0,
        "Interest Income Non Operating": 19709000.0,
        "Operating Income": -27192000.0,
        "Operating Expense": 142700000.0,
        "Research And Development": 54211000.0,
        "Selling General And Administration": 88489000.0,
        "Selling And Marketing Expense": 53307000.0,
        "General And Administrative Expense": 35182000.0,
        "Other Gand A": 35182000.0,
        "Gross Profit": 115508000.0,
        "Cost Of Revenue": 147831000.0,
        "Total Revenue": 263339000.0,
        "Operating Revenue": 263339000.0
    },
    "2024-06-30": {
        "Tax Effect Of Unusual Items": NaN,
        "Tax Rate For Calcs": NaN,
        "Normalized EBITDA": NaN,
        "Total Unusual Items": NaN,
        "Total Unusual Items Excluding Goodwill": NaN,
        "Net Income From Continuing Operation Net Minority Interest": NaN,
        "Reconciled Depreciation": NaN,
        "Reconciled Cost Of Revenue": NaN,
        "EBITDA": NaN,
        "EBIT": NaN,
        "Net Interest Income": NaN,
        "Interest Expense": NaN,
        "Interest Income": NaN,
        "Normalized Income": NaN,
        "Net Income From Continuing And Discontinued Operation": NaN,
        "Total Expenses": NaN,
        "Total Operating Income As Reported": NaN,
        "Diluted Average Shares": NaN,
        "Basic Average Shares": NaN,
        "Diluted EPS": NaN,
        "Basic EPS": NaN,
        "Diluted NI Availto Com Stockholders": NaN,
        "Average Dilution Earnings": NaN,
        "Net Income Common Stockholders": NaN,
        "Net Income": NaN,
        "Net Income Including Noncontrolling Interests": NaN,
        "Net Income Continuous Operations": NaN,
        "Tax Provision": NaN,
        "Pretax Income": NaN,
        "Other Income Expense": NaN,
        "Other Non Operating Income Expenses": NaN,
        "Special Income Charges": NaN,
        "Other Special Charges": 279000.0,
        "Write Off": 53000.0,
        "Restructuring And Mergern Acquisition": NaN,
        "Net Non Operating Interest Income Expense": NaN,
        "Interest Expense Non Operating": NaN,
        "Interest Income Non Operating": NaN,
        "Operating Income": NaN,
        "Operating Expense": NaN,
        "Research And Development": NaN,
        "Selling General And Administration": NaN,
        "Selling And Marketing Expense": NaN,
        "General And Administrative Expense": NaN,
        "Other Gand A": NaN,
        "Gross Profit": NaN,
        "Cost Of Revenue": NaN,
        "Total Revenue": NaN,
        "Operating Revenue": NaN
    },
    "2024-09-30": {
        "Tax Effect Of Unusual Items": -66455.215498,
        "Tax Rate For Calcs": 0.098161,
        "Normalized EBITDA": 73760000.0,
        "Total Unusual Items": -677000.0,
        "Total Unusual Items Excluding Goodwill": -677000.0,
        "Net Income From Continuing Operation Net Minority Interest": 45762000.0,
        "Reconciled Depreciation": 20103000.0,
        "Reconciled Cost Of Revenue": 202702000.0,
        "EBITDA": 73083000.0,
        "EBIT": 52980000.0,
        "Net Interest Income": 17740000.0,
        "Interest Expense": 2237000.0,
        "Interest Income": 19977000.0,
        "Normalized Income": 46372544.784502,
        "Net Income From Continuing And Discontinued Operation": 45762000.0,
        "Total Expenses": 330408000.0,
        "Total Operating Income As Reported": 49788000.0,
        "Diluted Average Shares": 139914000.0,
        "Basic Average Shares": 135329000.0,
        "Diluted EPS": 0.33,
        "Basic EPS": 0.34,
        "Diluted NI Availto Com Stockholders": 46380000.0,
        "Average Dilution Earnings": 618000.0,
        "Net Income Common Stockholders": 45762000.0,
        "Net Income": 45762000.0,
        "Net Income Including Noncontrolling Interests": 45762000.0,
        "Net Income Continuous Operations": 45762000.0,
        "Tax Provision": 4981000.0,
        "Pretax Income": 50743000.0,
        "Other Income Expense": -17462000.0,
        "Other Non Operating Income Expenses": -16785000.0,
        "Special Income Charges": -677000.0,
        "Other Special Charges": -8000.0,
        "Write Off": 580000.0,
        "Restructuring And Mergern Acquisition": 105000.0,
        "Net Non Operating Interest Income Expense": 17740000.0,
        "Interest Expense Non Operating": 2237000.0,
        "Interest Income Non Operating": 19977000.0,
        "Operating Income": 50465000.0,
        "Operating Expense": 127706000.0,
        "Research And Development": 47843000.0,
        "Selling General And Administration": 79863000.0,
        "Selling And Marketing Expense": 49671000.0,
        "General And Administrative Expense": 30192000.0,
        "Other Gand A": 30192000.0,
        "Gross Profit": 178171000.0,
        "Cost Of Revenue": 202702000.0,
        "Total Revenue": 380873000.0,
        "Operating Revenue": 380873000.0
    },
    "2024-12-31": {
        "Tax Effect Of Unusual Items": -1016643.868635,
        "Tax Rate For Calcs": 0.108165,
        "Normalized EBITDA": 102015000.0,
        "Total Unusual Items": -9399000.0,
        "Total Unusual Items Excluding Goodwill": -9399000.0,
        "Net Income From Continuing Operation Net Minority Interest": 62160000.0,
        "Reconciled Depreciation": 20665000.0,
        "Reconciled Cost Of Revenue": 184420000.0,
        "EBITDA": 92616000.0,
        "EBIT": 71951000.0,
        "Net Interest Income": 16165000.0,
        "Interest Expense": 2252000.0,
        "Interest Income": 18417000.0,
        "Normalized Income": 70542356.131365,
        "Net Income From Continuing And Discontinued Operation": 62160000.0,
        "Total Expenses": 318510000.0,
        "Total Operating Income As Reported": 54804000.0,
        "Diluted Average Shares": 138128000.0,
        "Basic Average Shares": 133815000.0,
        "Diluted EPS": 0.45,
        "Basic EPS": 0.46,
        "Diluted NI Availto Com Stockholders": 64646000.0,
        "Average Dilution Earnings": 2486000.0,
        "Net Income Common Stockholders": 62160000.0,
        "Net Income": 62160000.0,
        "Net Income Including Noncontrolling Interests": 62160000.0,
        "Net Income Continuous Operations": 62160000.0,
        "Tax Provision": 7539000.0,
        "Pretax Income": 69699000.0,
        "Other Income Expense": -10669000.0,
        "Other Non Operating Income Expenses": -1270000.0,
        "Special Income Charges": -9399000.0,
        "Other Special Charges": NaN,
        "Write Off": NaN,
        "Restructuring And Mergern Acquisition": 11940000.0,
        "Net Non Operating Interest Income Expense": 16165000.0,
        "Interest Expense Non Operating": 2252000.0,
        "Interest Income Non Operating": 18417000.0,
        "Operating Income": 64203000.0,
        "Operating Expense": 134090000.0,
        "Research And Development": 50390000.0,
        "Selling General And Administration": 83700000.0,
        "Selling And Marketing Expense": 51799000.0,
        "General And Administrative Expense": 31901000.0,
        "Other Gand A": 31901000.0,
        "Gross Profit": 198293000.0,
        "Cost Of Revenue": 184420000.0,
        "Total Revenue": 382713000.0,
        "Operating Revenue": 382713000.0
    },
    "2025-03-31": {
        "Tax Effect Of Unusual Items": -1157302.923677,
        "Tax Rate For Calcs": 0.366003,
        "Normalized EBITDA": 72017000.0,
        "Total Unusual Items": -3162000.0,
        "Total Unusual Items Excluding Goodwill": -3162000.0,
        "Net Income From Continuing Operation Net Minority Interest": 29730000.0,
        "Reconciled Depreciation": 19915000.0,
        "Reconciled Cost Of Revenue": 187843000.0,
        "EBITDA": 68855000.0,
        "EBIT": 48940000.0,
        "Net Interest Income": 14985000.0,
        "Interest Expense": 2047000.0,
        "Interest Income": 17032000.0,
        "Normalized Income": 31734697.076323,
        "Net Income From Continuing And Discontinued Operation": 29730000.0,
        "Total Expenses": 321000000.0,
        "Total Operating Income As Reported": 31922000.0,
        "Diluted Average Shares": 136208000.0,
        "Basic Average Shares": 131869000.0,
        "Diluted EPS": 0.22,
        "Basic EPS": 0.23,
        "Diluted NI Availto Com Stockholders": 30335000.0,
        "Average Dilution Earnings": 605000.0,
        "Net Income Common Stockholders": 29730000.0,
        "Net Income": 29730000.0,
        "Net Income Including Noncontrolling Interests": 29730000.0,
        "Net Income Continuous Operations": 29730000.0,
        "Tax Provision": 17163000.0,
        "Pretax Income": 46893000.0,
        "Other Income Expense": -3176000.0,
        "Other Non Operating Income Expenses": -14000.0,
        "Special Income Charges": -3162000.0,
        "Other Special Charges": NaN,
        "Write Off": NaN,
        "Restructuring And Mergern Acquisition": 3162000.0,
        "Net Non Operating Interest Income Expense": 14985000.0,
        "Interest Expense Non Operating": 2047000.0,
        "Interest Income Non Operating": 17032000.0,
        "Operating Income": 35084000.0,
        "Operating Expense": 133157000.0,
        "Research And Development": 50174000.0,
        "Selling General And Administration": 82983000.0,
        "Selling And Marketing Expense": 48948000.0,
        "General And Administrative Expense": 34035000.0,
        "Other Gand A": 34035000.0,
        "Gross Profit": 168241000.0,
        "Cost Of Revenue": 187843000.0,
        "Total Revenue": 356084000.0,
        "Operating Revenue": 356084000.0
    },
    "2025-06-30": {
        "Tax Effect Of Unusual Items": -405598.057102,
        "Tax Rate For Calcs": 0.122095,
        "Normalized EBITDA": 66427000.0,
        "Total Unusual Items": -3322000.0,
        "Total Unusual Items Excluding Goodwill": -3322000.0,
        "Net Income From Continuing Operation Net Minority Interest": 37052000.0,
        "Reconciled Depreciation": 20085000.0,
        "Reconciled Cost Of Revenue": 192660000.0,
        "EBITDA": 63105000.0,
        "EBIT": 43020000.0,
        "Net Interest Income": 14096000.0,
        "Interest Expense": 815000.0,
        "Interest Income": 14911000.0,
        "Normalized Income": 39968401.942898,
        "Net Income From Continuing And Discontinued Operation": 37052000.0,
        "Total Expenses": 322824000.0,
        "Total Operating Income As Reported": 37007000.0,
        "Diluted Average Shares": 135219000.0,
        "Basic Average Shares": 131031000.0,
        "Diluted EPS": 0.28,
        "Basic EPS": 0.28,
        "Diluted NI Availto Com Stockholders": 37677000.0,
        "Average Dilution Earnings": 625000.0,
        "Net Income Common Stockholders": 37052000.0,
        "Net Income": 37052000.0,
        "Net Income Including Noncontrolling Interests": 37052000.0,
        "Net Income Continuous Operations": 37052000.0,
        "Tax Provision": 5153000.0,
        "Pretax Income": 42205000.0,
        "Other Income Expense": -12220000.0,
        "Other Non Operating Income Expenses": -8898000.0,
        "Special Income Charges": -3322000.0,
        "Other Special Charges": 805000.0,
        "Write Off": 1538000.0,
        "Restructuring And Mergern Acquisition": 979000.0,
        "Net Non Operating Interest Income Expense": 14096000.0,
        "Interest Expense Non Operating": 815000.0,
        "Interest Income Non Operating": 14911000.0,
        "Operating Income": 40329000.0,
        "Operating Expense": 130164000.0,
        "Research And Development": 45421000.0,
        "Selling General And Administration": 84743000.0,
        "Selling And Marketing Expense": 50708000.0,
        "General And Administrative Expense": 34035000.0,
        "Other Gand A": 34035000.0,
        "Gross Profit": 170493000.0,
        "Cost Of Revenue": 192660000.0,
        "Total Revenue": 363153000.0,
        "Operating Revenue": 363153000.0
    },
    "2025-09-30": {
        "Tax Effect Of Unusual Items": -173468.196159,
        "Tax Rate For Calcs": 0.134785,
        "Normalized EBITDA": 99354000.0,
        "Total Unusual Items": -1287000.0,
        "Total Unusual Items Excluding Goodwill": -1287000.0,
        "Net Income From Continuing Operation Net Minority Interest": 66638000.0,
        "Reconciled Depreciation": 20218000.0,
        "Reconciled Cost Of Revenue": 214188000.0,
        "EBITDA": 98067000.0,
        "EBIT": 77849000.0,
        "Net Interest Income": 14599000.0,
        "Interest Expense": 830000.0,
        "Interest Income": 15429000.0,
        "Normalized Income": 67751531.803841,
        "Net Income From Continuing And Discontinued Operation": 66638000.0,
        "Total Expenses": 342981000.0,
        "Total Operating Income As Reported": 66159000.0,
        "Diluted Average Shares": 132995000.0,
        "Basic Average Shares": 130797000.0,
        "Diluted EPS": 0.5,
        "Basic EPS": 0.51,
        "Diluted NI Availto Com Stockholders": 66881000.0,
        "Average Dilution Earnings": 243000.0,
        "Net Income Common Stockholders": 66638000.0,
        "Net Income": 66638000.0,
        "Net Income Including Noncontrolling Interests": 66638000.0,
        "Net Income Continuous Operations": 66638000.0,
        "Tax Provision": 10381000.0,
        "Pretax Income": 77019000.0,
        "Other Income Expense": -5026000.0,
        "Other Non Operating Income Expenses": -3739000.0,
        "Special Income Charges": -1287000.0,
        "Other Special Charges": 701000.0,
        "Write Off": 0.0,
        "Restructuring And Mergern Acquisition": 586000.0,
        "Net Non Operating Interest Income Expense": 14599000.0,
        "Interest Expense Non Operating": 830000.0,
        "Interest Income Non Operating": 15429000.0,
        "Operating Income": 67446000.0,
        "Operating Expense": 128793000.0,
        "Research And Development": 47266000.0,
        "Selling General And Administration": 81527000.0,
        "Selling And Marketing Expense": 48429000.0,
        "General And Administrative Expense": 33098000.0,
        "Other Gand A": 33098000.0,
        "Gross Profit": 196239000.0,
        "Cost Of Revenue": 214188000.0,
        "Total Revenue": 410427000.0,
        "Operating Revenue": 410427000.0
    }
}