{
    "2023-03-31": {
        "Tax Effect Of Unusual Items": NaN,
        "Tax Rate For Calcs": NaN,
        "Normalized EBITDA": NaN,
        "Net Income From Continuing Operation Net Minority Interest": NaN,
        "Reconciled Depreciation": NaN,
        "EBITDA": NaN,
        "EBIT": NaN,
        "Net Interest Income": NaN,
        "Interest Expense": NaN,
        "Interest Income": NaN,
        "Normalized Income": NaN,
        "Net Income From Continuing And Discontinued Operation": NaN,
        "Total Expenses": NaN,
        "Total Operating Income As Reported": NaN,
        "Diluted Average Shares": 21035000.0,
        "Basic Average Shares": 21035000.0,
        "Diluted EPS": -1.79,
        "Basic EPS": -1.79,
        "Diluted NI Availto Com Stockholders": NaN,
        "Net Income Common Stockholders": NaN,
        "Net Income": NaN,
        "Net Income Including Noncontrolling Interests": NaN,
        "Net Income Continuous Operations": NaN,
        "Tax Provision": NaN,
        "Pretax Income": NaN,
        "Net Non Operating Interest Income Expense": NaN,
        "Interest Expense Non Operating": NaN,
        "Interest Income Non Operating": NaN,
        "Operating Income": NaN,
        "Operating Expense": NaN,
        "Research And Development": NaN,
        "Selling General And Administration": NaN,
        "General And Administrative Expense": NaN,
        "Other Gand A": NaN,
        "Total Revenue": NaN,
        "Operating Revenue": NaN
    },
    "2022-12-31": {
        "Tax Effect Of Unusual Items": NaN,
        "Tax Rate For Calcs": NaN,
        "Normalized EBITDA": NaN,
        "Net Income From Continuing Operation Net Minority Interest": NaN,
        "Reconciled Depreciation": NaN,
        "EBITDA": NaN,
        "EBIT": NaN,
        "Net Interest Income": NaN,
        "Interest Expense": NaN,
        "Interest Income": NaN,
        "Normalized Income": NaN,
        "Net Income From Continuing And Discontinued Operation": NaN,
        "Total Expenses": NaN,
        "Total Operating Income As Reported": NaN,
        "Diluted Average Shares": NaN,
        "Basic Average Shares": NaN,
        "Diluted EPS": NaN,
        "Basic EPS": NaN,
        "Diluted NI Availto Com Stockholders": NaN,
        "Net Income Common Stockholders": NaN,
        "Net Income": NaN,
        "Net Income Including Noncontrolling Interests": NaN,
        "Net Income Continuous Operations": NaN,
        "Tax Provision": NaN,
        "Pretax Income": NaN,
        "Other Income Expense": 993000.0,
        "Other Non Operating Income Expenses": 993000.0,
        "Net Non Operating Interest Income Expense": NaN,
        "Interest Expense Non Operating": NaN,
        "Interest Income Non Operating": NaN,
        "Operating Income": NaN,
        "Operating Expense": NaN,
        "Research And Development": NaN,
        "Selling General And Administration": NaN,
        "General And Administrative Expense": NaN,
        "Other Gand A": NaN,
        "Total Revenue": NaN,
        "Operating Revenue": NaN
    },
    "2022-09-30": {
        "Tax Effect Of Unusual Items": NaN,
        "Tax Rate For Calcs": NaN,
        "Normalized EBITDA": NaN,
        "Net Income From Continuing Operation Net Minority Interest": NaN,
        "Reconciled Depreciation": NaN,
        "EBITDA": NaN,
        "EBIT": NaN,
        "Net Interest Income": NaN,
        "Interest Expense": NaN,
        "Interest Income": NaN,
        "Normalized Income": NaN,
        "Net Income From Continuing And Discontinued Operation": NaN,
        "Total Expenses": NaN,
        "Total Operating Income As Reported": NaN,
        "Diluted Average Shares": NaN,
        "Basic Average Shares": NaN,
        "Diluted EPS": NaN,
        "Basic EPS": NaN,
        "Diluted NI Availto Com Stockholders": NaN,
        "Net Income Common Stockholders": NaN,
        "Net Income": NaN,
        "Net Income Including Noncontrolling Interests": NaN,
        "Net Income Continuous Operations": NaN,
        "Tax Provision": NaN,
        "Pretax Income": NaN,
        "Other Income Expense": -859000.0,
        "Other Non Operating Income Expenses": NaN,
        "Net Non Operating Interest Income Expense": NaN,
        "Interest Expense Non Operating": NaN,
        "Interest Income Non Operating": NaN,
        "Operating Income": NaN,
        "Operating Expense": NaN,
        "Research And Development": NaN,
        "Selling General And Administration": NaN,
        "General And Administrative Expense": NaN,
        "Other Gand A": NaN,
        "Total Revenue": NaN,
        "Operating Revenue": NaN
    },
    "2022-06-30": {
        "Tax Effect Of Unusual Items": 0.0,
        "Tax Rate For Calcs": 0.013905,
        "Normalized EBITDA": -31824000.0,
        "Net Income From Continuing Operation Net Minority Interest": -31700000.0,
        "Reconciled Depreciation": 716000.0,
        "EBITDA": -31824000.0,
        "EBIT": -32540000.0,
        "Net Interest Income": NaN,
        "Interest Expense": NaN,
        "Interest Income": NaN,
        "Normalized Income": -31700000.0,
        "Net Income From Continuing And Discontinued Operation": -31700000.0,
        "Total Expenses": 52019000.0,
        "Total Operating Income As Reported": -32540000.0,
        "Diluted Average Shares": 20710000.0,
        "Basic Average Shares": 20710000.0,
        "Diluted EPS": -1.53,
        "Basic EPS": -1.53,
        "Diluted NI Availto Com Stockholders": -31700000.0,
        "Net Income Common Stockholders": -31700000.0,
        "Net Income": -31700000.0,
        "Net Income Including Noncontrolling Interests": -31700000.0,
        "Net Income Continuous Operations": -31700000.0,
        "Tax Provision": -447000.0,
        "Pretax Income": -32147000.0,
        "Other Income Expense": 393000.0,
        "Other Non Operating Income Expenses": 393000.0,
        "Net Non Operating Interest Income Expense": NaN,
        "Interest Expense Non Operating": NaN,
        "Interest Income Non Operating": NaN,
        "Operating Income": -32540000.0,
        "Operating Expense": 52019000.0,
        "Research And Development": 39090000.0,
        "Selling General And Administration": 12929000.0,
        "General And Administrative Expense": 12929000.0,
        "Other Gand A": 12929000.0,
        "Total Revenue": 19479000.0,
        "Operating Revenue": 19479000.0
    },
    "2022-03-31": {
        "Diluted EPS": -1.63,
        "Total Revenue": 19,
        "Gross Profit": 19,
        "Operating Income": -34,
        "EBIT": -33,
        "Net Income": -34
    },
    "2021-12-31": {
        "Diluted EPS": -1.48,
        "Total Revenue": 28,
        "Gross Profit": 28,
        "Operating Income": -30,
        "EBIT": -29,
        "Net Income": -30
    },
    "2021-09-30": {
        "Diluted EPS": -1.23,
        "Total Revenue": 24,
        "Gross Profit": 24,
        "Operating Income": -34,
        "EBIT": -32,
        "Net Income": -25
    },
    "2021-06-30": {
        "Diluted EPS": -1.19,
        "Total Revenue": 22,
        "Gross Profit": 22,
        "Operating Income": -34,
        "EBIT": -32,
        "Net Income": -24
    },
    "2021-03-31": {
        "Diluted EPS": -1.09,
        "Total Revenue": 20,
        "Gross Profit": 20,
        "Operating Income": -30,
        "EBIT": -28,
        "Net Income": -22
    },
    "2020-12-31": {
        "Diluted EPS": -0.41,
        "Total Revenue": 32,
        "Gross Profit": 32,
        "Operating Income": -12,
        "EBIT": -11,
        "Net Income": -8
    },
    "2020-09-30": {
        "Diluted EPS": -1.45,
        "Total Revenue": 24,
        "Gross Profit": 24,
        "Operating Income": -20,
        "EBIT": -18,
        "Net Income": -29
    },
    "2020-06-30": {
        "Diluted EPS": -0.71,
        "Total Revenue": 19,
        "Gross Profit": 19,
        "Operating Income": -23,
        "EBIT": -22,
        "Net Income": -14
    },
    "2020-03-31": {
        "Diluted EPS": -0.3,
        "Total Revenue": 28,
        "Gross Profit": 28,
        "Operating Income": -12,
        "EBIT": -11,
        "Net Income": -6
    },
    "2019-12-31": {
        "Diluted EPS": 0.65,
        "Total Revenue": 53,
        "Gross Profit": 53,
        "Operating Income": 13,
        "EBIT": 13,
        "Net Income": 13
    },
    "2019-09-30": {
        "Diluted EPS": 0.43,
        "Total Revenue": 51,
        "Gross Profit": 51,
        "Operating Income": 6,
        "EBIT": 6,
        "Net Income": 9
    },
    "2019-06-30": {
        "Diluted EPS": 0.33,
        "Total Revenue": 44,
        "Gross Profit": 44,
        "Operating Income": 4,
        "EBIT": 3,
        "Net Income": 7
    },
    "2019-03-31": {
        "Diluted EPS": 0.2,
        "Total Revenue": 40,
        "Gross Profit": 40,
        "Operating Income": -1,
        "EBIT": -2,
        "Net Income": 4
    },
    "2018-12-31": {
        "Diluted EPS": 1.25,
        "Total Revenue": 70,
        "Gross Profit": 70,
        "Operating Income": 28,
        "EBIT": 28,
        "Net Income": 26
    },
    "2018-09-30": {
        "Diluted EPS": 1.31,
        "Total Revenue": 67,
        "Gross Profit": 67,
        "Operating Income": 34,
        "EBIT": 35,
        "Net Income": 27
    },
    "2018-06-30": {
        "Diluted EPS": 0.97,
        "Total Revenue": 57,
        "Gross Profit": 57,
        "Operating Income": 23,
        "EBIT": 23,
        "Net Income": 20
    },
    "2018-03-31": {
        "Diluted EPS": 0.61,
        "Total Revenue": 44,
        "Gross Profit": 44,
        "Operating Income": 17,
        "EBIT": 17,
        "Net Income": 13
    },
    "2017-12-31": {
        "Diluted EPS": 0.59,
        "Total Revenue": 38,
        "Gross Profit": 38,
        "Operating Income": 14,
        "EBIT": 15,
        "Net Income": 12
    },
    "2017-09-30": {
        "Diluted EPS": 1.89,
        "Total Revenue": 76,
        "Gross Profit": 76,
        "Operating Income": 54,
        "EBIT": 55,
        "Net Income": 37
    },
    "2017-06-30": {
        "Diluted EPS": -0.44,
        "Total Revenue": 8,
        "Gross Profit": 8,
        "Operating Income": -13,
        "EBIT": -12,
        "Net Income": -8
    },
    "2017-03-31": {
        "Diluted EPS": -0.28,
        "Total Revenue": 9,
        "Gross Profit": 9,
        "Operating Income": -10,
        "EBIT": -9,
        "Net Income": -5
    },
    "2016-12-31": {
        "Diluted EPS": -0.26,
        "Total Revenue": 10,
        "Gross Profit": 10,
        "Operating Income": -7,
        "EBIT": -6,
        "Net Income": -5
    },
    "2016-09-30": {
        "Diluted EPS": -0.08,
        "Total Revenue": 13,
        "Gross Profit": 13,
        "Operating Income": -3,
        "EBIT": -2,
        "Net Income": -2
    },
    "2016-06-30": {
        "Diluted EPS": -0.06,
        "Total Revenue": 14,
        "Gross Profit": 14,
        "Operating Income": -1,
        "EBIT": 0,
        "Net Income": -1
    },
    "2016-03-31": {
        "Diluted EPS": -0.09,
        "Total Revenue": 13,
        "Gross Profit": 13,
        "Operating Income": -1,
        "EBIT": 0,
        "Net Income": -2
    },
    "2015-12-31": {
        "Diluted EPS": 1.36,
        "Total Revenue": 48,
        "Gross Profit": 48,
        "Operating Income": 36,
        "EBIT": 36,
        "Net Income": 26
    },
    "2015-09-30": {
        "Diluted EPS": 0.29,
        "Total Revenue": 14,
        "Gross Profit": 14,
        "Operating Income": 4,
        "EBIT": 4,
        "Net Income": 6
    },
    "2015-06-30": {
        "Diluted EPS": 0.13,
        "Total Revenue": 12,
        "Gross Profit": 12,
        "Operating Income": 2,
        "EBIT": 2,
        "Net Income": 2
    },
    "2015-03-31": {
        "Diluted EPS": 1.49,
        "Total Revenue": 57,
        "Gross Profit": 57,
        "Operating Income": 49,
        "EBIT": 49,
        "Net Income": 29
    },
    "2014-12-31": {
        "Diluted EPS": 2.18,
        "Total Revenue": 77,
        "Gross Profit": 77,
        "Operating Income": 70,
        "EBIT": 71,
        "Net Income": 42
    },
    "2014-09-30": {
        "Diluted EPS": -0.27,
        "Total Revenue": 3,
        "Gross Profit": 3,
        "Operating Income": -5,
        "EBIT": -5,
        "Net Income": -5
    },
    "2014-06-30": {
        "Diluted EPS": 2.61,
        "Total Revenue": 42,
        "Gross Profit": 42,
        "Operating Income": 35,
        "EBIT": 35,
        "Net Income": 50
    },
    "2014-03-31": {
        "Diluted EPS": -0.28,
        "Total Revenue": 2,
        "Gross Profit": 2,
        "Operating Income": -5,
        "EBIT": -4,
        "Net Income": -5
    },
    "2013-12-31": {
        "Diluted EPS": -0.3,
        "Total Revenue": 1,
        "Gross Profit": 1,
        "Operating Income": -5,
        "EBIT": -5,
        "Net Income": -5
    },
    "2013-09-30": {
        "Diluted EPS": -0.25,
        "Total Revenue": 1,
        "Gross Profit": 1,
        "Operating Income": -5,
        "EBIT": -4,
        "Net Income": -4
    },
    "2013-06-30": {
        "Diluted EPS": -0.23,
        "Total Revenue": 2,
        "Gross Profit": 2,
        "Operating Income": -4,
        "EBIT": -4,
        "Net Income": -4
    },
    "2013-03-31": {
        "Diluted EPS": -2.28,
        "Total Revenue": 1,
        "Gross Profit": 1,
        "Operating Income": -4,
        "EBIT": -4,
        "Net Income": -5
    },
    "2012-12-31": {
        "Diluted EPS": 1.45,
        "Total Revenue": 28,
        "Gross Profit": 28,
        "Operating Income": 22,
        "EBIT": 22,
        "Net Income": 2
    },
    "2012-09-30": {
        "Diluted EPS": -4.78,
        "Total Revenue": 2,
        "Gross Profit": 2,
        "Operating Income": 2,
        "EBIT": 2,
        "Net Income": -5
    },
    "2012-06-30": {
        "Diluted EPS": -4.31,
        "Total Revenue": 3,
        "Gross Profit": 3,
        "Operating Income": -4,
        "EBIT": -3,
        "Net Income": -5
    },
    "2012-03-31": {
        "Diluted EPS": 2.17,
        "Total Revenue": 37,
        "Gross Profit": 37,
        "Operating Income": 32,
        "EBIT": 32,
        "Net Income": 3
    },
    "2011-09-30": {
        "Diluted EPS": 0.0,
        "Total Revenue": NaN,
        "Gross Profit": NaN,
        "Operating Income": NaN,
        "EBIT": NaN,
        "Net Income": NaN
    },
    "2010-09-30": {
        "Diluted EPS": 0.0,
        "Total Revenue": NaN,
        "Gross Profit": NaN,
        "Operating Income": NaN,
        "EBIT": NaN,
        "Net Income": NaN
    },
    "2023-06-30": {
        "Tax Effect Of Unusual Items": NaN,
        "Tax Rate For Calcs": NaN,
        "Normalized EBITDA": NaN,
        "Net Income From Continuing Operation Net Minority Interest": NaN,
        "Reconciled Depreciation": NaN,
        "EBITDA": NaN,
        "EBIT": NaN,
        "Net Interest Income": NaN,
        "Interest Expense": NaN,
        "Interest Income": NaN,
        "Normalized Income": NaN,
        "Net Income From Continuing And Discontinued Operation": NaN,
        "Total Expenses": NaN,
        "Total Operating Income As Reported": NaN,
        "Diluted Average Shares": 21054000.0,
        "Basic Average Shares": 21054000.0,
        "Diluted EPS": -1.86,
        "Basic EPS": -1.86,
        "Diluted NI Availto Com Stockholders": NaN,
        "Net Income Common Stockholders": NaN,
        "Net Income": NaN,
        "Net Income Including Noncontrolling Interests": NaN,
        "Net Income Continuous Operations": NaN,
        "Tax Provision": NaN,
        "Pretax Income": NaN,
        "Net Non Operating Interest Income Expense": NaN,
        "Interest Expense Non Operating": NaN,
        "Interest Income Non Operating": NaN,
        "Operating Income": NaN,
        "Operating Expense": NaN,
        "Research And Development": NaN,
        "Selling General And Administration": NaN,
        "General And Administrative Expense": NaN,
        "Other Gand A": NaN,
        "Total Revenue": NaN,
        "Operating Revenue": NaN
    },
    "2023-09-30": {
        "Tax Effect Of Unusual Items": 0.0,
        "Tax Rate For Calcs": 0.047769,
        "Normalized EBITDA": -25697000.0,
        "Net Income From Continuing Operation Net Minority Interest": -28107000.0,
        "Reconciled Depreciation": 669000.0,
        "EBITDA": -25697000.0,
        "EBIT": -26366000.0,
        "Net Interest Income": 1513000.0,
        "Interest Expense": 3151000.0,
        "Interest Income": 4664000.0,
        "Normalized Income": -28107000.0,
        "Net Income From Continuing And Discontinued Operation": -28107000.0,
        "Total Expenses": 49962000.0,
        "Total Operating Income As Reported": -31030000.0,
        "Diluted Average Shares": NaN,
        "Basic Average Shares": NaN,
        "Diluted EPS": NaN,
        "Basic EPS": NaN,
        "Diluted NI Availto Com Stockholders": -28107000.0,
        "Net Income Common Stockholders": -28107000.0,
        "Net Income": -28107000.0,
        "Net Income Including Noncontrolling Interests": -28107000.0,
        "Net Income Continuous Operations": -28107000.0,
        "Tax Provision": -1410000.0,
        "Pretax Income": -29517000.0,
        "Net Non Operating Interest Income Expense": 1513000.0,
        "Interest Expense Non Operating": 3151000.0,
        "Interest Income Non Operating": 4664000.0,
        "Operating Income": -31030000.0,
        "Operating Expense": 49962000.0,
        "Research And Development": 36167000.0,
        "Selling General And Administration": 13795000.0,
        "General And Administrative Expense": 13795000.0,
        "Other Gand A": 13795000.0,
        "Total Revenue": 18932000.0,
        "Operating Revenue": 18932000.0
    },
    "2023-12-31": {
        "Tax Effect Of Unusual Items": 0.0,
        "Tax Rate For Calcs": 0.018279,
        "Normalized EBITDA": -29946000.0,
        "Net Income From Continuing Operation Net Minority Interest": -33407000.0,
        "Reconciled Depreciation": 642000.0,
        "EBITDA": -29946000.0,
        "EBIT": -30588000.0,
        "Net Interest Income": 857000.0,
        "Interest Expense": 3441000.0,
        "Interest Income": 4298000.0,
        "Normalized Income": -33407000.0,
        "Net Income From Continuing And Discontinued Operation": -33407000.0,
        "Total Expenses": 52889000.0,
        "Total Operating Income As Reported": -34886000.0,
        "Diluted Average Shares": 21088000.0,
        "Basic Average Shares": 21088000.0,
        "Diluted EPS": -1.58,
        "Basic EPS": -1.58,
        "Diluted NI Availto Com Stockholders": -33407000.0,
        "Net Income Common Stockholders": -33407000.0,
        "Net Income": -33407000.0,
        "Net Income Including Noncontrolling Interests": -33407000.0,
        "Net Income Continuous Operations": -33407000.0,
        "Tax Provision": -622000.0,
        "Pretax Income": -34029000.0,
        "Net Non Operating Interest Income Expense": 857000.0,
        "Interest Expense Non Operating": 3441000.0,
        "Interest Income Non Operating": 4298000.0,
        "Operating Income": -34886000.0,
        "Operating Expense": 52889000.0,
        "Research And Development": 36371000.0,
        "Selling General And Administration": 16518000.0,
        "General And Administrative Expense": 16518000.0,
        "Other Gand A": 16518000.0,
        "Total Revenue": 18003000.0,
        "Operating Revenue": 18003000.0
    },
    "2024-03-31": {
        "Tax Effect Of Unusual Items": 0.0,
        "Tax Rate For Calcs": 0.011516,
        "Normalized EBITDA": -28336000.0,
        "Net Income From Continuing Operation Net Minority Interest": -31157000.0,
        "Reconciled Depreciation": 621000.0,
        "EBITDA": -28336000.0,
        "EBIT": -28957000.0,
        "Net Interest Income": 1246000.0,
        "Interest Expense": 2563000.0,
        "Interest Income": 3809000.0,
        "Normalized Income": -31157000.0,
        "Net Income From Continuing And Discontinued Operation": -31157000.0,
        "Total Expenses": 49820000.0,
        "Total Operating Income As Reported": -32766000.0,
        "Diluted Average Shares": 21167000.0,
        "Basic Average Shares": 21167000.0,
        "Diluted EPS": -1.47,
        "Basic EPS": -1.47,
        "Diluted NI Availto Com Stockholders": -31157000.0,
        "Net Income Common Stockholders": -31157000.0,
        "Net Income": -31157000.0,
        "Net Income Including Noncontrolling Interests": -31157000.0,
        "Net Income Continuous Operations": -31157000.0,
        "Tax Provision": -363000.0,
        "Pretax Income": -31520000.0,
        "Net Non Operating Interest Income Expense": 1246000.0,
        "Interest Expense Non Operating": 2563000.0,
        "Interest Income Non Operating": 3809000.0,
        "Operating Income": -32766000.0,
        "Operating Expense": 49820000.0,
        "Research And Development": 35585000.0,
        "Selling General And Administration": 14235000.0,
        "General And Administrative Expense": 14235000.0,
        "Other Gand A": 14235000.0,
        "Total Revenue": 17054000.0,
        "Operating Revenue": 17054000.0
    },
    "2024-06-30": {
        "Tax Effect Of Unusual Items": 0.0,
        "Tax Rate For Calcs": 0.017134,
        "Normalized EBITDA": -20104000.0,
        "Net Income From Continuing Operation Net Minority Interest": -22658000.0,
        "Reconciled Depreciation": 594000.0,
        "EBITDA": -20104000.0,
        "EBIT": -20698000.0,
        "Net Interest Income": 1132000.0,
        "Interest Expense": 2355000.0,
        "Interest Income": 3487000.0,
        "Normalized Income": -22658000.0,
        "Net Income From Continuing And Discontinued Operation": -22658000.0,
        "Total Expenses": 42156000.0,
        "Total Operating Income As Reported": -24185000.0,
        "Diluted Average Shares": 21180000.0,
        "Basic Average Shares": 21180000.0,
        "Diluted EPS": -1.07,
        "Basic EPS": -1.07,
        "Diluted NI Availto Com Stockholders": -22658000.0,
        "Net Income Common Stockholders": -22658000.0,
        "Net Income": -22658000.0,
        "Net Income Including Noncontrolling Interests": -22658000.0,
        "Net Income Continuous Operations": -22658000.0,
        "Tax Provision": -395000.0,
        "Pretax Income": -23053000.0,
        "Net Non Operating Interest Income Expense": 1132000.0,
        "Interest Expense Non Operating": 2355000.0,
        "Interest Income Non Operating": 3487000.0,
        "Operating Income": -24185000.0,
        "Operating Expense": 42156000.0,
        "Research And Development": 28742000.0,
        "Selling General And Administration": 13414000.0,
        "General And Administrative Expense": 13414000.0,
        "Other Gand A": 13414000.0,
        "Total Revenue": 17971000.0,
        "Operating Revenue": 17971000.0
    },
    "2024-09-30": {
        "Tax Effect Of Unusual Items": 0.0,
        "Tax Rate For Calcs": 0.012437,
        "Normalized EBITDA": -26126000.0,
        "Net Income From Continuing Operation Net Minority Interest": -28823000.0,
        "Reconciled Depreciation": 479000.0,
        "EBITDA": -26126000.0,
        "EBIT": -26605000.0,
        "Net Interest Income": 595000.0,
        "Interest Expense": 2581000.0,
        "Interest Income": 3176000.0,
        "Normalized Income": -28823000.0,
        "Net Income From Continuing And Discontinued Operation": -28823000.0,
        "Total Expenses": 44461000.0,
        "Total Operating Income As Reported": -29854000.0,
        "Diluted Average Shares": 21190000.0,
        "Basic Average Shares": 21190000.0,
        "Diluted EPS": -1.36,
        "Basic EPS": -1.36,
        "Diluted NI Availto Com Stockholders": -28823000.0,
        "Net Income Common Stockholders": -28823000.0,
        "Net Income": -28823000.0,
        "Net Income Including Noncontrolling Interests": -28823000.0,
        "Net Income Continuous Operations": -28823000.0,
        "Tax Provision": -363000.0,
        "Pretax Income": -29186000.0,
        "Net Non Operating Interest Income Expense": 595000.0,
        "Interest Expense Non Operating": 2581000.0,
        "Interest Income Non Operating": 3176000.0,
        "Operating Income": -29854000.0,
        "Operating Expense": 44461000.0,
        "Research And Development": 30778000.0,
        "Selling General And Administration": 13683000.0,
        "General And Administrative Expense": 13683000.0,
        "Other Gand A": 13683000.0,
        "Total Revenue": 14607000.0,
        "Operating Revenue": 14607000.0
    },
    "2024-12-31": {
        "Tax Effect Of Unusual Items": 0.0,
        "Tax Rate For Calcs": 0.018321,
        "Normalized EBITDA": -19855000.0,
        "Net Income From Continuing Operation Net Minority Interest": -22290000.0,
        "Reconciled Depreciation": 889000.0,
        "EBITDA": -19855000.0,
        "EBIT": -20744000.0,
        "Net Interest Income": 837000.0,
        "Interest Expense": 1962000.0,
        "Interest Income": 2799000.0,
        "Normalized Income": -22290000.0,
        "Net Income From Continuing And Discontinued Operation": -22290000.0,
        "Total Expenses": 40502000.0,
        "Total Operating Income As Reported": -23543000.0,
        "Diluted Average Shares": 21238000.0,
        "Basic Average Shares": 21238000.0,
        "Diluted EPS": -1.05,
        "Basic EPS": -1.05,
        "Diluted NI Availto Com Stockholders": -22290000.0,
        "Net Income Common Stockholders": -22290000.0,
        "Net Income": -22290000.0,
        "Net Income Including Noncontrolling Interests": -22290000.0,
        "Net Income Continuous Operations": -22290000.0,
        "Tax Provision": -416000.0,
        "Pretax Income": -22706000.0,
        "Net Non Operating Interest Income Expense": 837000.0,
        "Interest Expense Non Operating": 1962000.0,
        "Interest Income Non Operating": 2799000.0,
        "Operating Income": -23543000.0,
        "Operating Expense": 40502000.0,
        "Research And Development": 27656000.0,
        "Selling General And Administration": 12846000.0,
        "General And Administrative Expense": 12846000.0,
        "Other Gand A": 12846000.0,
        "Total Revenue": 16959000.0,
        "Operating Revenue": 16959000.0
    },
    "2025-03-31": {
        "Tax Effect Of Unusual Items": 0.0,
        "Tax Rate For Calcs": 0.054491,
        "Normalized EBITDA": -21032000.0,
        "Net Income From Continuing Operation Net Minority Interest": -22644000.0,
        "Reconciled Depreciation": 1203000.0,
        "EBITDA": -21032000.0,
        "EBIT": -22235000.0,
        "Net Interest Income": 578000.0,
        "Interest Expense": 1714000.0,
        "Interest Income": 2292000.0,
        "Normalized Income": -22644000.0,
        "Net Income From Continuing And Discontinued Operation": -22644000.0,
        "Total Expenses": 39453000.0,
        "Total Operating Income As Reported": -24527000.0,
        "Diluted Average Shares": 21355000.0,
        "Basic Average Shares": 21355000.0,
        "Diluted EPS": -1.06,
        "Basic EPS": -1.06,
        "Diluted NI Availto Com Stockholders": -22644000.0,
        "Net Income Common Stockholders": -22644000.0,
        "Net Income": -22644000.0,
        "Net Income Including Noncontrolling Interests": -22644000.0,
        "Net Income Continuous Operations": -22644000.0,
        "Tax Provision": -1305000.0,
        "Pretax Income": -23949000.0,
        "Net Non Operating Interest Income Expense": 578000.0,
        "Interest Expense Non Operating": 1714000.0,
        "Interest Income Non Operating": 2292000.0,
        "Operating Income": -24527000.0,
        "Operating Expense": 39453000.0,
        "Research And Development": 28065000.0,
        "Selling General And Administration": 11388000.0,
        "General And Administrative Expense": 11388000.0,
        "Other Gand A": 11388000.0,
        "Total Revenue": 14926000.0,
        "Operating Revenue": 14926000.0
    }
}