{
    "2023-04-30": {
        "Tax Effect Of Unusual Items": NaN,
        "Tax Rate For Calcs": NaN,
        "Normalized EBITDA": NaN,
        "Total Unusual Items": NaN,
        "Total Unusual Items Excluding Goodwill": NaN,
        "Net Income From Continuing Operation Net Minority Interest": NaN,
        "Reconciled Depreciation": NaN,
        "Reconciled Cost Of Revenue": NaN,
        "EBITDA": NaN,
        "EBIT": NaN,
        "Net Interest Income": NaN,
        "Normalized Income": NaN,
        "Net Income From Continuing And Discontinued Operation": NaN,
        "Total Expenses": NaN,
        "Total Operating Income As Reported": NaN,
        "Diluted Average Shares": 49384000.0,
        "Basic Average Shares": 49384000.0,
        "Diluted EPS": -0.31,
        "Basic EPS": -0.31,
        "Diluted NI Availto Com Stockholders": NaN,
        "Net Income Common Stockholders": NaN,
        "Net Income": NaN,
        "Net Income Including Noncontrolling Interests": NaN,
        "Net Income Discontinuous Operations": NaN,
        "Net Income Continuous Operations": NaN,
        "Tax Provision": NaN,
        "Pretax Income": NaN,
        "Other Income Expense": NaN,
        "Other Non Operating Income Expenses": NaN,
        "Special Income Charges": NaN,
        "Other Special Charges": NaN,
        "Gain On Sale Of Security": NaN,
        "Net Non Operating Interest Income Expense": NaN,
        "Total Other Finance Cost": NaN,
        "Operating Income": NaN,
        "Operating Expense": NaN,
        "Research And Development": NaN,
        "Selling General And Administration": NaN,
        "General And Administrative Expense": NaN,
        "Other Gand A": NaN,
        "Gross Profit": NaN,
        "Cost Of Revenue": NaN,
        "Total Revenue": NaN,
        "Operating Revenue": NaN
    },
    "2023-01-31": {
        "Tax Effect Of Unusual Items": NaN,
        "Tax Rate For Calcs": NaN,
        "Normalized EBITDA": NaN,
        "Total Unusual Items": NaN,
        "Total Unusual Items Excluding Goodwill": NaN,
        "Net Income From Continuing Operation Net Minority Interest": NaN,
        "Reconciled Depreciation": NaN,
        "Reconciled Cost Of Revenue": NaN,
        "EBITDA": NaN,
        "EBIT": NaN,
        "Net Interest Income": NaN,
        "Interest Income": 62000.0,
        "Normalized Income": NaN,
        "Net Income From Continuing And Discontinued Operation": NaN,
        "Total Expenses": NaN,
        "Total Operating Income As Reported": NaN,
        "Diluted Average Shares": 48729000.0,
        "Basic Average Shares": 48729000.0,
        "Diluted EPS": -0.23,
        "Basic EPS": -0.23,
        "Diluted NI Availto Com Stockholders": NaN,
        "Net Income Common Stockholders": NaN,
        "Net Income": NaN,
        "Net Income Including Noncontrolling Interests": NaN,
        "Net Income Discontinuous Operations": -8428000.0,
        "Net Income Continuous Operations": NaN,
        "Tax Provision": NaN,
        "Pretax Income": NaN,
        "Other Income Expense": NaN,
        "Other Non Operating Income Expenses": NaN,
        "Special Income Charges": NaN,
        "Other Special Charges": NaN,
        "Gain On Sale Of Security": NaN,
        "Net Non Operating Interest Income Expense": NaN,
        "Total Other Finance Cost": NaN,
        "Interest Income Non Operating": 62000.0,
        "Operating Income": NaN,
        "Operating Expense": NaN,
        "Research And Development": NaN,
        "Selling General And Administration": NaN,
        "General And Administrative Expense": 5430000.0,
        "Other Gand A": 5430000.0,
        "Gross Profit": NaN,
        "Cost Of Revenue": NaN,
        "Total Revenue": NaN,
        "Operating Revenue": NaN
    },
    "2022-10-31": {
        "Tax Effect Of Unusual Items": NaN,
        "Tax Rate For Calcs": NaN,
        "Normalized EBITDA": NaN,
        "Total Unusual Items": NaN,
        "Total Unusual Items Excluding Goodwill": NaN,
        "Net Income From Continuing Operation Net Minority Interest": NaN,
        "Reconciled Depreciation": NaN,
        "Reconciled Cost Of Revenue": NaN,
        "EBITDA": NaN,
        "EBIT": NaN,
        "Net Interest Income": NaN,
        "Interest Income": NaN,
        "Normalized Income": NaN,
        "Net Income From Continuing And Discontinued Operation": NaN,
        "Total Expenses": NaN,
        "Total Operating Income As Reported": NaN,
        "Diluted Average Shares": 48720000.0,
        "Basic Average Shares": 48720000.0,
        "Diluted EPS": -0.22,
        "Basic EPS": -0.22,
        "Diluted NI Availto Com Stockholders": NaN,
        "Net Income Common Stockholders": NaN,
        "Net Income": NaN,
        "Net Income Including Noncontrolling Interests": NaN,
        "Net Income Discontinuous Operations": -5281000.0,
        "Net Income Continuous Operations": NaN,
        "Tax Provision": NaN,
        "Pretax Income": NaN,
        "Other Income Expense": NaN,
        "Other Non Operating Income Expenses": NaN,
        "Special Income Charges": NaN,
        "Other Special Charges": NaN,
        "Gain On Sale Of Security": NaN,
        "Net Non Operating Interest Income Expense": NaN,
        "Total Other Finance Cost": NaN,
        "Interest Income Non Operating": NaN,
        "Operating Income": NaN,
        "Operating Expense": NaN,
        "Research And Development": NaN,
        "Selling General And Administration": NaN,
        "General And Administrative Expense": 5437000.0,
        "Other Gand A": 5437000.0,
        "Gross Profit": NaN,
        "Cost Of Revenue": NaN,
        "Total Revenue": NaN,
        "Operating Revenue": NaN
    },
    "2022-07-31": {
        "Tax Effect Of Unusual Items": 0.0,
        "Tax Rate For Calcs": 0.0,
        "Normalized EBITDA": -17814000.0,
        "Total Unusual Items": 5026000.0,
        "Total Unusual Items Excluding Goodwill": 5026000.0,
        "Net Income From Continuing Operation Net Minority Interest": -8433000.0,
        "Reconciled Depreciation": 689000.0,
        "Reconciled Cost Of Revenue": 15944000.0,
        "EBITDA": -12788000.0,
        "EBIT": -13477000.0,
        "Net Interest Income": -2000.0,
        "Interest Income": NaN,
        "Normalized Income": -13459000.0,
        "Net Income From Continuing And Discontinued Operation": -8433000.0,
        "Total Expenses": 33761000.0,
        "Total Operating Income As Reported": -8116000.0,
        "Diluted Average Shares": 48720000.0,
        "Basic Average Shares": 48720000.0,
        "Diluted EPS": -0.18,
        "Basic EPS": -0.18,
        "Diluted NI Availto Com Stockholders": -8433000.0,
        "Net Income Common Stockholders": -8433000.0,
        "Net Income": -8433000.0,
        "Net Income Including Noncontrolling Interests": -8433000.0,
        "Net Income Continuous Operations": -8433000.0,
        "Tax Provision": 0.0,
        "Pretax Income": -8433000.0,
        "Other Income Expense": 5046000.0,
        "Other Non Operating Income Expenses": 20000.0,
        "Special Income Charges": 5361000.0,
        "Other Special Charges": -5361000.0,
        "Gain On Sale Of Security": -335000.0,
        "Net Non Operating Interest Income Expense": -2000.0,
        "Total Other Finance Cost": 2000.0,
        "Interest Income Non Operating": NaN,
        "Operating Income": -13477000.0,
        "Operating Expense": 17817000.0,
        "Research And Development": 1070000.0,
        "Selling General And Administration": 16747000.0,
        "General And Administrative Expense": NaN,
        "Other Gand A": NaN,
        "Gross Profit": 4340000.0,
        "Cost Of Revenue": 15944000.0,
        "Total Revenue": 20284000.0,
        "Operating Revenue": 20284000.0
    },
    "2022-04-30": {
        "Diluted EPS": -0.1,
        "Total Revenue": 26,
        "Gross Profit": 10,
        "Operating Income": -3,
        "EBIT": -2,
        "Net Income": -5
    },
    "2022-01-31": {
        "Diluted EPS": -0.05,
        "Total Revenue": 34,
        "Gross Profit": 16,
        "Operating Income": -2,
        "EBIT": -1,
        "Net Income": -3
    },
    "2021-10-31": {
        "Diluted EPS": -0.05,
        "Total Revenue": 27,
        "Gross Profit": 11,
        "Operating Income": -2,
        "EBIT": -1,
        "Net Income": -2
    },
    "2021-07-31": {
        "Diluted EPS": 0.06,
        "Total Revenue": 25,
        "Gross Profit": 10,
        "Operating Income": -4,
        "EBIT": -3,
        "Net Income": 3
    },
    "2021-04-30": {
        "Diluted EPS": 0.04,
        "Total Revenue": 33,
        "Gross Profit": 16,
        "Operating Income": 2,
        "EBIT": 3,
        "Net Income": 2
    },
    "2021-01-31": {
        "Diluted EPS": 0.05,
        "Total Revenue": 31,
        "Gross Profit": 16,
        "Operating Income": 2,
        "EBIT": 2,
        "Net Income": 2
    },
    "2020-10-31": {
        "Diluted EPS": 0.01,
        "Total Revenue": 29,
        "Gross Profit": 12,
        "Operating Income": 0,
        "EBIT": 1,
        "Net Income": 0
    },
    "2020-07-31": {
        "Diluted EPS": -0.07,
        "Total Revenue": 20,
        "Gross Profit": 8,
        "Operating Income": -4,
        "EBIT": -4,
        "Net Income": -3
    },
    "2020-04-30": {
        "Diluted EPS": -0.21,
        "Total Revenue": 17,
        "Gross Profit": 4,
        "Operating Income": -10,
        "EBIT": -9,
        "Net Income": -10
    },
    "2020-01-31": {
        "Diluted EPS": -0.16,
        "Total Revenue": 19,
        "Gross Profit": 6,
        "Operating Income": -8,
        "EBIT": -7,
        "Net Income": -8
    },
    "2019-10-31": {
        "Diluted EPS": -0.16,
        "Total Revenue": 20,
        "Gross Profit": 6,
        "Operating Income": -8,
        "EBIT": -7,
        "Net Income": -8
    },
    "2019-07-31": {
        "Diluted EPS": -0.11,
        "Total Revenue": 21,
        "Gross Profit": 6,
        "Operating Income": -6,
        "EBIT": -5,
        "Net Income": -5
    },
    "2019-04-30": {
        "Diluted EPS": 0.47,
        "Total Revenue": 20,
        "Gross Profit": 5,
        "Operating Income": 22,
        "EBIT": 23,
        "Net Income": 22
    },
    "2019-01-31": {
        "Diluted EPS": -0.18,
        "Total Revenue": 19,
        "Gross Profit": 5,
        "Operating Income": -9,
        "EBIT": -8,
        "Net Income": -8
    },
    "2018-10-31": {
        "Diluted EPS": -0.13,
        "Total Revenue": 21,
        "Gross Profit": 7,
        "Operating Income": -6,
        "EBIT": -5,
        "Net Income": -6
    },
    "2018-07-31": {
        "Diluted EPS": -0.13,
        "Total Revenue": 23,
        "Gross Profit": 8,
        "Operating Income": -6,
        "EBIT": -5,
        "Net Income": -6
    },
    "2018-04-30": {
        "Diluted EPS": -0.06,
        "Total Revenue": 25,
        "Gross Profit": 11,
        "Operating Income": -3,
        "EBIT": -2,
        "Net Income": -3
    },
    "2018-01-31": {
        "Diluted EPS": -0.02,
        "Total Revenue": 26,
        "Gross Profit": 11,
        "Operating Income": -3,
        "EBIT": -2,
        "Net Income": -1
    },
    "2017-10-31": {
        "Diluted EPS": -0.01,
        "Total Revenue": 27,
        "Gross Profit": 11,
        "Operating Income": -1,
        "EBIT": 0,
        "Net Income": -1
    },
    "2017-07-31": {
        "Diluted EPS": 0.0,
        "Total Revenue": 25,
        "Gross Profit": 10,
        "Operating Income": -1,
        "EBIT": 0,
        "Net Income": 0
    },
    "2017-04-30": {
        "Diluted EPS": 0.0,
        "Total Revenue": 27,
        "Gross Profit": 12,
        "Operating Income": 0,
        "EBIT": 1,
        "Net Income": 0
    },
    "2017-01-31": {
        "Diluted EPS": -0.02,
        "Total Revenue": 26,
        "Gross Profit": 12,
        "Operating Income": -1,
        "EBIT": 0,
        "Net Income": -1
    },
    "2016-10-31": {
        "Diluted EPS": -0.03,
        "Total Revenue": 26,
        "Gross Profit": 12,
        "Operating Income": -1,
        "EBIT": 0,
        "Net Income": -1
    },
    "2016-07-31": {
        "Diluted EPS": 0.77,
        "Total Revenue": 27,
        "Gross Profit": 12,
        "Operating Income": 37,
        "EBIT": 38,
        "Net Income": 36
    },
    "2016-04-30": {
        "Diluted EPS": -0.05,
        "Total Revenue": 26,
        "Gross Profit": 11,
        "Operating Income": -3,
        "EBIT": -2,
        "Net Income": -2
    },
    "2016-01-31": {
        "Diluted EPS": 0.15,
        "Total Revenue": 25,
        "Gross Profit": 11,
        "Operating Income": 7,
        "EBIT": 8,
        "Net Income": 7
    },
    "2015-10-31": {
        "Diluted EPS": 0.1,
        "Total Revenue": 25,
        "Gross Profit": 11,
        "Operating Income": 5,
        "EBIT": 6,
        "Net Income": 4
    },
    "2015-07-31": {
        "Diluted EPS": 0.18,
        "Total Revenue": 26,
        "Gross Profit": 11,
        "Operating Income": 9,
        "EBIT": 10,
        "Net Income": 8
    },
    "2015-04-30": {
        "Diluted EPS": -0.06,
        "Total Revenue": 24,
        "Gross Profit": 10,
        "Operating Income": -3,
        "EBIT": -2,
        "Net Income": -3
    },
    "2015-01-31": {
        "Diluted EPS": -0.09,
        "Total Revenue": 23,
        "Gross Profit": 10,
        "Operating Income": -4,
        "EBIT": -3,
        "Net Income": -4
    },
    "2014-10-31": {
        "Diluted EPS": -0.08,
        "Total Revenue": 25,
        "Gross Profit": 11,
        "Operating Income": -3,
        "EBIT": -2,
        "Net Income": -4
    },
    "2014-07-31": {
        "Diluted EPS": -0.06,
        "Total Revenue": 25,
        "Gross Profit": 11,
        "Operating Income": -3,
        "EBIT": -2,
        "Net Income": -3
    },
    "2014-04-30": {
        "Diluted EPS": -0.01,
        "Total Revenue": 24,
        "Gross Profit": 10,
        "Operating Income": -1,
        "EBIT": 0,
        "Net Income": 0
    },
    "2014-01-31": {
        "Diluted EPS": -0.09,
        "Total Revenue": 23,
        "Gross Profit": 10,
        "Operating Income": -4,
        "EBIT": -3,
        "Net Income": -4
    },
    "2013-10-31": {
        "Diluted EPS": -0.07,
        "Total Revenue": 24,
        "Gross Profit": 11,
        "Operating Income": -3,
        "EBIT": -2,
        "Net Income": -3
    },
    "2013-07-31": {
        "Diluted EPS": -0.08,
        "Total Revenue": 23,
        "Gross Profit": 9,
        "Operating Income": -3,
        "EBIT": -2,
        "Net Income": -3
    },
    "2013-04-30": {
        "Diluted EPS": -0.15,
        "Total Revenue": 23,
        "Gross Profit": 9,
        "Operating Income": -6,
        "EBIT": -4,
        "Net Income": -6
    },
    "2013-01-31": {
        "Diluted EPS": -0.14,
        "Total Revenue": 22,
        "Gross Profit": 9,
        "Operating Income": -6,
        "EBIT": -5,
        "Net Income": -6
    },
    "2012-10-31": {
        "Diluted EPS": -0.09,
        "Total Revenue": 26,
        "Gross Profit": 12,
        "Operating Income": -4,
        "EBIT": -3,
        "Net Income": -4
    },
    "2012-07-31": {
        "Diluted EPS": -0.69,
        "Total Revenue": 26,
        "Gross Profit": 12,
        "Operating Income": -29,
        "EBIT": -28,
        "Net Income": -27
    },
    "2012-04-30": {
        "Diluted EPS": -0.09,
        "Total Revenue": 26,
        "Gross Profit": 12,
        "Operating Income": -4,
        "EBIT": -2,
        "Net Income": -3
    },
    "2012-01-31": {
        "Diluted EPS": -0.11,
        "Total Revenue": 25,
        "Gross Profit": 12,
        "Operating Income": -4,
        "EBIT": -3,
        "Net Income": -4
    },
    "2011-10-31": {
        "Diluted EPS": -0.12,
        "Total Revenue": 26,
        "Gross Profit": 12,
        "Operating Income": -4,
        "EBIT": -3,
        "Net Income": -4
    },
    "2011-07-31": {
        "Diluted EPS": -0.11,
        "Total Revenue": 27,
        "Gross Profit": 12,
        "Operating Income": -4,
        "EBIT": -3,
        "Net Income": -4
    },
    "2011-04-30": {
        "Diluted EPS": -0.05,
        "Total Revenue": 26,
        "Gross Profit": 12,
        "Operating Income": -2,
        "EBIT": -1,
        "Net Income": -2
    },
    "2011-01-31": {
        "Diluted EPS": -0.15,
        "Total Revenue": 24,
        "Gross Profit": 10,
        "Operating Income": -6,
        "EBIT": -4,
        "Net Income": -6
    },
    "2010-10-31": {
        "Diluted EPS": -0.03,
        "Total Revenue": 26,
        "Gross Profit": 13,
        "Operating Income": -1,
        "EBIT": 0,
        "Net Income": -1
    },
    "2010-07-31": {
        "Diluted EPS": -0.15,
        "Total Revenue": 25,
        "Gross Profit": 10,
        "Operating Income": -6,
        "EBIT": -5,
        "Net Income": -6
    },
    "2010-04-30": {
        "Diluted EPS": -0.12,
        "Total Revenue": 24,
        "Gross Profit": 11,
        "Operating Income": -4,
        "EBIT": -3,
        "Net Income": -5
    },
    "2010-01-31": {
        "Diluted EPS": -0.27,
        "Total Revenue": 23,
        "Gross Profit": 11,
        "Operating Income": -10,
        "EBIT": -9,
        "Net Income": -10
    },
    "2009-10-31": {
        "Diluted EPS": -0.05,
        "Total Revenue": 25,
        "Gross Profit": 13,
        "Operating Income": -2,
        "EBIT": -1,
        "Net Income": -2
    },
    "2009-07-31": {
        "Diluted EPS": -0.15,
        "Total Revenue": 25,
        "Gross Profit": 11,
        "Operating Income": -6,
        "EBIT": -4,
        "Net Income": -5
    },
    "2009-04-30": {
        "Diluted EPS": -0.11,
        "Total Revenue": 23,
        "Gross Profit": 10,
        "Operating Income": -4,
        "EBIT": -3,
        "Net Income": -4
    },
    "2009-01-31": {
        "Diluted EPS": -0.2,
        "Total Revenue": 21,
        "Gross Profit": 8,
        "Operating Income": -7,
        "EBIT": -7,
        "Net Income": -8
    },
    "2023-07-31": {
        "Tax Effect Of Unusual Items": NaN,
        "Tax Rate For Calcs": NaN,
        "Normalized EBITDA": NaN,
        "Total Unusual Items": NaN,
        "Total Unusual Items Excluding Goodwill": NaN,
        "Net Income From Continuing Operation Net Minority Interest": NaN,
        "Reconciled Depreciation": NaN,
        "Reconciled Cost Of Revenue": NaN,
        "EBITDA": NaN,
        "EBIT": NaN,
        "Net Interest Income": NaN,
        "Normalized Income": NaN,
        "Net Income From Continuing And Discontinued Operation": NaN,
        "Total Expenses": NaN,
        "Total Operating Income As Reported": NaN,
        "Diluted Average Shares": NaN,
        "Basic Average Shares": NaN,
        "Diluted EPS": NaN,
        "Basic EPS": NaN,
        "Diluted NI Availto Com Stockholders": NaN,
        "Net Income Common Stockholders": NaN,
        "Net Income": NaN,
        "Net Income Including Noncontrolling Interests": NaN,
        "Net Income Discontinuous Operations": NaN,
        "Net Income Continuous Operations": NaN,
        "Tax Provision": NaN,
        "Pretax Income": NaN,
        "Other Income Expense": NaN,
        "Other Non Operating Income Expenses": NaN,
        "Special Income Charges": 1156000.0,
        "Other Special Charges": -1156000.0,
        "Gain On Sale Of Security": NaN,
        "Net Non Operating Interest Income Expense": NaN,
        "Total Other Finance Cost": 1217000.0,
        "Operating Income": NaN,
        "Operating Expense": NaN,
        "Research And Development": NaN,
        "Selling General And Administration": NaN,
        "General And Administrative Expense": NaN,
        "Other Gand A": NaN,
        "Gross Profit": NaN,
        "Cost Of Revenue": NaN,
        "Total Revenue": NaN,
        "Operating Revenue": NaN
    },
    "2023-10-31": {
        "Tax Effect Of Unusual Items": 0.0,
        "Tax Rate For Calcs": 0.0,
        "Normalized EBITDA": -1722000.0,
        "Total Unusual Items": -2409000.0,
        "Total Unusual Items Excluding Goodwill": -2409000.0,
        "Net Income From Continuing Operation Net Minority Interest": -5675000.0,
        "Reconciled Depreciation": 270000.0,
        "Reconciled Cost Of Revenue": 4351000.0,
        "EBITDA": -4131000.0,
        "EBIT": -4401000.0,
        "Net Interest Income": 977000.0,
        "Normalized Income": -3266000.0,
        "Net Income From Continuing And Discontinued Operation": -6616000.0,
        "Total Expenses": 12207000.0,
        "Total Operating Income As Reported": -5476000.0,
        "Diluted Average Shares": 50184000.0,
        "Basic Average Shares": 50184000.0,
        "Diluted EPS": -0.13,
        "Basic EPS": -0.13,
        "Diluted NI Availto Com Stockholders": -6616000.0,
        "Net Income Common Stockholders": -6616000.0,
        "Net Income": -6616000.0,
        "Net Income Including Noncontrolling Interests": -6616000.0,
        "Net Income Discontinuous Operations": -941000.0,
        "Net Income Continuous Operations": -5675000.0,
        "Tax Provision": 0.0,
        "Pretax Income": -5675000.0,
        "Other Income Expense": -2251000.0,
        "Other Non Operating Income Expenses": 158000.0,
        "Special Income Charges": -1075000.0,
        "Other Special Charges": 1075000.0,
        "Gain On Sale Of Security": -1334000.0,
        "Net Non Operating Interest Income Expense": 977000.0,
        "Total Other Finance Cost": -977000.0,
        "Operating Income": -4401000.0,
        "Operating Expense": 7856000.0,
        "Research And Development": 849000.0,
        "Selling General And Administration": 7007000.0,
        "General And Administrative Expense": 7007000.0,
        "Other Gand A": 7007000.0,
        "Gross Profit": 3455000.0,
        "Cost Of Revenue": 4351000.0,
        "Total Revenue": 7806000.0,
        "Operating Revenue": 7806000.0
    },
    "2024-01-31": {
        "Tax Effect Of Unusual Items": 0.0,
        "Tax Rate For Calcs": 0.0,
        "Normalized EBITDA": -706000.0,
        "Total Unusual Items": -451000.0,
        "Total Unusual Items Excluding Goodwill": -451000.0,
        "Net Income From Continuing Operation Net Minority Interest": -863000.0,
        "Reconciled Depreciation": 267000.0,
        "Reconciled Cost Of Revenue": 4329000.0,
        "EBITDA": -1157000.0,
        "EBIT": -1424000.0,
        "Net Interest Income": 893000.0,
        "Normalized Income": -412000.0,
        "Net Income From Continuing And Discontinued Operation": -3061000.0,
        "Total Expenses": 9977000.0,
        "Total Operating Income As Reported": -2185000.0,
        "Diluted Average Shares": 50490000.0,
        "Basic Average Shares": 50490000.0,
        "Diluted EPS": -0.06,
        "Basic EPS": -0.06,
        "Diluted NI Availto Com Stockholders": -3061000.0,
        "Net Income Common Stockholders": -3061000.0,
        "Net Income": -3061000.0,
        "Net Income Including Noncontrolling Interests": -3061000.0,
        "Net Income Discontinuous Operations": -2198000.0,
        "Net Income Continuous Operations": -863000.0,
        "Tax Provision": 0.0,
        "Pretax Income": -863000.0,
        "Other Income Expense": -332000.0,
        "Other Non Operating Income Expenses": 119000.0,
        "Special Income Charges": -761000.0,
        "Other Special Charges": 761000.0,
        "Gain On Sale Of Security": 310000.0,
        "Net Non Operating Interest Income Expense": 893000.0,
        "Total Other Finance Cost": -893000.0,
        "Operating Income": -1424000.0,
        "Operating Expense": 5648000.0,
        "Research And Development": 580000.0,
        "Selling General And Administration": 5068000.0,
        "General And Administrative Expense": 5068000.0,
        "Other Gand A": 5068000.0,
        "Gross Profit": 4224000.0,
        "Cost Of Revenue": 4329000.0,
        "Total Revenue": 8553000.0,
        "Operating Revenue": 8553000.0
    },
    "2024-04-30": {
        "Tax Effect Of Unusual Items": 0.0,
        "Tax Rate For Calcs": 0.0,
        "Normalized EBITDA": 586000.0,
        "Total Unusual Items": -1600000.0,
        "Total Unusual Items Excluding Goodwill": -1600000.0,
        "Net Income From Continuing Operation Net Minority Interest": -2131000.0,
        "Reconciled Depreciation": 337000.0,
        "Reconciled Cost Of Revenue": 4289000.0,
        "EBITDA": -1014000.0,
        "EBIT": -1351000.0,
        "Net Interest Income": 726000.0,
        "Normalized Income": -531000.0,
        "Net Income From Continuing And Discontinued Operation": -3020000.0,
        "Total Expenses": 9373000.0,
        "Total Operating Income As Reported": -2043000.0,
        "Diluted Average Shares": 51214000.0,
        "Basic Average Shares": 51214000.0,
        "Diluted EPS": -0.06,
        "Basic EPS": -0.06,
        "Diluted NI Availto Com Stockholders": -3020000.0,
        "Net Income Common Stockholders": -3020000.0,
        "Net Income": -3020000.0,
        "Net Income Including Noncontrolling Interests": -3020000.0,
        "Net Income Discontinuous Operations": -889000.0,
        "Net Income Continuous Operations": -2131000.0,
        "Tax Provision": 0.0,
        "Pretax Income": -2131000.0,
        "Other Income Expense": -1506000.0,
        "Other Non Operating Income Expenses": 94000.0,
        "Special Income Charges": -692000.0,
        "Other Special Charges": 692000.0,
        "Gain On Sale Of Security": -908000.0,
        "Net Non Operating Interest Income Expense": 726000.0,
        "Total Other Finance Cost": -726000.0,
        "Operating Income": -1351000.0,
        "Operating Expense": 5084000.0,
        "Research And Development": 605000.0,
        "Selling General And Administration": 4479000.0,
        "General And Administrative Expense": 4479000.0,
        "Other Gand A": 4479000.0,
        "Gross Profit": 3733000.0,
        "Cost Of Revenue": 4289000.0,
        "Total Revenue": 8022000.0,
        "Operating Revenue": 8022000.0
    },
    "2024-07-31": {
        "Tax Effect Of Unusual Items": 0.0,
        "Tax Rate For Calcs": 0.0,
        "Normalized EBITDA": -5226000.0,
        "Total Unusual Items": 3177000.0,
        "Total Unusual Items Excluding Goodwill": 3177000.0,
        "Net Income From Continuing Operation Net Minority Interest": -1148000.0,
        "Reconciled Depreciation": 398000.0,
        "Reconciled Cost Of Revenue": 4306000.0,
        "EBITDA": -2049000.0,
        "EBIT": -2447000.0,
        "Net Interest Income": 746000.0,
        "Normalized Income": -4325000.0,
        "Net Income From Continuing And Discontinued Operation": -13381000.0,
        "Total Expenses": 12718000.0,
        "Total Operating Income As Reported": -2665000.0,
        "Diluted Average Shares": NaN,
        "Basic Average Shares": NaN,
        "Diluted EPS": NaN,
        "Basic EPS": NaN,
        "Diluted NI Availto Com Stockholders": -13381000.0,
        "Net Income Common Stockholders": -13381000.0,
        "Net Income": -13381000.0,
        "Net Income Including Noncontrolling Interests": -13381000.0,
        "Net Income Discontinuous Operations": -12233000.0,
        "Net Income Continuous Operations": -1148000.0,
        "Tax Provision": 0.0,
        "Pretax Income": -1148000.0,
        "Other Income Expense": 3298000.0,
        "Other Non Operating Income Expenses": 121000.0,
        "Special Income Charges": NaN,
        "Other Special Charges": NaN,
        "Gain On Sale Of Security": 650000.0,
        "Net Non Operating Interest Income Expense": 746000.0,
        "Total Other Finance Cost": NaN,
        "Operating Income": -5192000.0,
        "Operating Expense": 8412000.0,
        "Research And Development": 607000.0,
        "Selling General And Administration": 7805000.0,
        "General And Administrative Expense": 7805000.0,
        "Other Gand A": 7805000.0,
        "Gross Profit": 3220000.0,
        "Cost Of Revenue": 4306000.0,
        "Total Revenue": 7526000.0,
        "Operating Revenue": 7526000.0
    },
    "2024-10-31": {
        "Tax Effect Of Unusual Items": 0.0,
        "Tax Rate For Calcs": 0.0,
        "Normalized EBITDA": -2195000.0,
        "Total Unusual Items": -650000.0,
        "Total Unusual Items Excluding Goodwill": -650000.0,
        "Net Income From Continuing Operation Net Minority Interest": -3071000.0,
        "Reconciled Depreciation": 319000.0,
        "Reconciled Cost Of Revenue": 3933000.0,
        "EBITDA": -2845000.0,
        "EBIT": -3164000.0,
        "Net Interest Income": 620000.0,
        "Normalized Income": -2421000.0,
        "Net Income From Continuing And Discontinued Operation": -3376000.0,
        "Total Expenses": 9377000.0,
        "Total Operating Income As Reported": -3622000.0,
        "Diluted Average Shares": 52244000.0,
        "Basic Average Shares": 52244000.0,
        "Diluted EPS": -0.07,
        "Basic EPS": -0.07,
        "Diluted NI Availto Com Stockholders": -3376000.0,
        "Net Income Common Stockholders": -3376000.0,
        "Net Income": -3376000.0,
        "Net Income Including Noncontrolling Interests": -3376000.0,
        "Net Income Discontinuous Operations": -305000.0,
        "Net Income Continuous Operations": -3071000.0,
        "Tax Provision": 0.0,
        "Pretax Income": -3071000.0,
        "Other Income Expense": -527000.0,
        "Other Non Operating Income Expenses": 123000.0,
        "Special Income Charges": -458000.0,
        "Other Special Charges": 458000.0,
        "Gain On Sale Of Security": -192000.0,
        "Net Non Operating Interest Income Expense": 620000.0,
        "Total Other Finance Cost": -620000.0,
        "Operating Income": -3164000.0,
        "Operating Expense": 5444000.0,
        "Research And Development": 562000.0,
        "Selling General And Administration": 4882000.0,
        "General And Administrative Expense": 4882000.0,
        "Other Gand A": 4882000.0,
        "Gross Profit": 2280000.0,
        "Cost Of Revenue": 3933000.0,
        "Total Revenue": 6213000.0,
        "Operating Revenue": 6213000.0
    }
}