{
    "2023-03-31": {
        "Tax Effect Of Unusual Items": NaN,
        "Tax Rate For Calcs": NaN,
        "Normalized EBITDA": NaN,
        "Total Unusual Items": NaN,
        "Total Unusual Items Excluding Goodwill": NaN,
        "Net Income From Continuing Operation Net Minority Interest": NaN,
        "Reconciled Depreciation": NaN,
        "Reconciled Cost Of Revenue": NaN,
        "EBITDA": NaN,
        "EBIT": NaN,
        "Net Interest Income": NaN,
        "Interest Expense": NaN,
        "Interest Income": NaN,
        "Normalized Income": NaN,
        "Net Income From Continuing And Discontinued Operation": NaN,
        "Total Expenses": NaN,
        "Total Operating Income As Reported": NaN,
        "Diluted Average Shares": 56475572.0,
        "Basic Average Shares": 56475572.0,
        "Diluted EPS": -0.26,
        "Basic EPS": -0.26,
        "Diluted NI Availto Com Stockholders": NaN,
        "Net Income Common Stockholders": NaN,
        "Net Income": NaN,
        "Net Income Including Noncontrolling Interests": NaN,
        "Net Income Continuous Operations": NaN,
        "Tax Provision": NaN,
        "Pretax Income": NaN,
        "Other Income Expense": NaN,
        "Other Non Operating Income Expenses": NaN,
        "Special Income Charges": NaN,
        "Other Special Charges": NaN,
        "Net Non Operating Interest Income Expense": NaN,
        "Interest Expense Non Operating": NaN,
        "Interest Income Non Operating": NaN,
        "Operating Income": NaN,
        "Operating Expense": NaN,
        "Depreciation Amortization Depletion Income Statement": NaN,
        "Depreciation And Amortization In Income Statement": NaN,
        "Research And Development": NaN,
        "Selling General And Administration": NaN,
        "Gross Profit": NaN,
        "Cost Of Revenue": NaN,
        "Total Revenue": NaN,
        "Operating Revenue": NaN
    },
    "2022-12-31": {
        "Tax Effect Of Unusual Items": NaN,
        "Tax Rate For Calcs": NaN,
        "Normalized EBITDA": NaN,
        "Total Unusual Items": 0.0,
        "Total Unusual Items Excluding Goodwill": 0.0,
        "Net Income From Continuing Operation Net Minority Interest": NaN,
        "Reconciled Depreciation": NaN,
        "Reconciled Cost Of Revenue": NaN,
        "EBITDA": NaN,
        "EBIT": NaN,
        "Net Interest Income": NaN,
        "Interest Expense": NaN,
        "Interest Income": NaN,
        "Normalized Income": NaN,
        "Net Income From Continuing And Discontinued Operation": NaN,
        "Total Expenses": NaN,
        "Total Operating Income As Reported": NaN,
        "Diluted Average Shares": 56266000.0,
        "Basic Average Shares": 56266000.0,
        "Diluted EPS": -0.23,
        "Basic EPS": -0.23,
        "Diluted NI Availto Com Stockholders": NaN,
        "Net Income Common Stockholders": NaN,
        "Net Income": NaN,
        "Net Income Including Noncontrolling Interests": NaN,
        "Net Income Continuous Operations": NaN,
        "Tax Provision": NaN,
        "Pretax Income": NaN,
        "Other Income Expense": NaN,
        "Other Non Operating Income Expenses": NaN,
        "Special Income Charges": 0.0,
        "Other Special Charges": 0.0,
        "Net Non Operating Interest Income Expense": NaN,
        "Interest Expense Non Operating": NaN,
        "Interest Income Non Operating": NaN,
        "Operating Income": NaN,
        "Operating Expense": NaN,
        "Depreciation Amortization Depletion Income Statement": NaN,
        "Depreciation And Amortization In Income Statement": NaN,
        "Research And Development": NaN,
        "Selling General And Administration": NaN,
        "Gross Profit": NaN,
        "Cost Of Revenue": NaN,
        "Total Revenue": NaN,
        "Operating Revenue": NaN
    },
    "2022-09-30": {
        "Tax Effect Of Unusual Items": NaN,
        "Tax Rate For Calcs": NaN,
        "Normalized EBITDA": NaN,
        "Total Unusual Items": 0.0,
        "Total Unusual Items Excluding Goodwill": 0.0,
        "Net Income From Continuing Operation Net Minority Interest": NaN,
        "Reconciled Depreciation": NaN,
        "Reconciled Cost Of Revenue": NaN,
        "EBITDA": NaN,
        "EBIT": NaN,
        "Net Interest Income": NaN,
        "Interest Expense": NaN,
        "Interest Income": NaN,
        "Normalized Income": NaN,
        "Net Income From Continuing And Discontinued Operation": NaN,
        "Total Expenses": NaN,
        "Total Operating Income As Reported": NaN,
        "Diluted Average Shares": NaN,
        "Basic Average Shares": NaN,
        "Diluted EPS": NaN,
        "Basic EPS": NaN,
        "Diluted NI Availto Com Stockholders": NaN,
        "Net Income Common Stockholders": NaN,
        "Net Income": NaN,
        "Net Income Including Noncontrolling Interests": NaN,
        "Net Income Continuous Operations": NaN,
        "Tax Provision": NaN,
        "Pretax Income": NaN,
        "Other Income Expense": NaN,
        "Other Non Operating Income Expenses": NaN,
        "Special Income Charges": 0.0,
        "Other Special Charges": NaN,
        "Net Non Operating Interest Income Expense": NaN,
        "Interest Expense Non Operating": NaN,
        "Interest Income Non Operating": NaN,
        "Operating Income": NaN,
        "Operating Expense": NaN,
        "Depreciation Amortization Depletion Income Statement": NaN,
        "Depreciation And Amortization In Income Statement": NaN,
        "Research And Development": NaN,
        "Selling General And Administration": NaN,
        "Gross Profit": NaN,
        "Cost Of Revenue": NaN,
        "Total Revenue": NaN,
        "Operating Revenue": NaN
    },
    "2022-06-30": {
        "Tax Effect Of Unusual Items": -800000.0,
        "Tax Rate For Calcs": 0.4,
        "Normalized EBITDA": -18515000.0,
        "Total Unusual Items": -2000000.0,
        "Total Unusual Items Excluding Goodwill": -2000000.0,
        "Net Income From Continuing Operation Net Minority Interest": -23471000.0,
        "Reconciled Depreciation": 853000.0,
        "Reconciled Cost Of Revenue": 15819000.0,
        "EBITDA": -20515000.0,
        "EBIT": -21368000.0,
        "Net Interest Income": -2071000.0,
        "Interest Expense": 2075000.0,
        "Interest Income": 4000.0,
        "Normalized Income": -22271000.0,
        "Net Income From Continuing And Discontinued Operation": -23471000.0,
        "Total Expenses": 55097000.0,
        "Total Operating Income As Reported": -21348000.0,
        "Diluted Average Shares": 56080000.0,
        "Basic Average Shares": 56080000.0,
        "Diluted EPS": -0.42,
        "Basic EPS": -0.42,
        "Diluted NI Availto Com Stockholders": -23471000.0,
        "Net Income Common Stockholders": -23471000.0,
        "Net Income": -23471000.0,
        "Net Income Including Noncontrolling Interests": -23471000.0,
        "Net Income Continuous Operations": -23471000.0,
        "Tax Provision": 28000.0,
        "Pretax Income": -23443000.0,
        "Other Income Expense": -3438000.0,
        "Other Non Operating Income Expenses": -1438000.0,
        "Special Income Charges": -2000000.0,
        "Other Special Charges": 2000000.0,
        "Net Non Operating Interest Income Expense": -2071000.0,
        "Interest Expense Non Operating": 2075000.0,
        "Interest Income Non Operating": 4000.0,
        "Operating Income": -17934000.0,
        "Operating Expense": 39278000.0,
        "Depreciation Amortization Depletion Income Statement": 853000.0,
        "Depreciation And Amortization In Income Statement": 853000.0,
        "Research And Development": 1550000.0,
        "Selling General And Administration": 36875000.0,
        "Gross Profit": 21344000.0,
        "Cost Of Revenue": 15819000.0,
        "Total Revenue": 37163000.0,
        "Operating Revenue": 37163000.0
    },
    "2023-06-30": {
        "Tax Effect Of Unusual Items": NaN,
        "Tax Rate For Calcs": NaN,
        "Normalized EBITDA": NaN,
        "Total Unusual Items": -4441000.0,
        "Total Unusual Items Excluding Goodwill": -4441000.0,
        "Net Income From Continuing Operation Net Minority Interest": NaN,
        "Reconciled Depreciation": NaN,
        "Reconciled Cost Of Revenue": NaN,
        "EBITDA": NaN,
        "EBIT": NaN,
        "Net Interest Income": NaN,
        "Interest Expense": NaN,
        "Interest Income": NaN,
        "Normalized Income": NaN,
        "Net Income From Continuing And Discontinued Operation": NaN,
        "Total Expenses": NaN,
        "Total Operating Income As Reported": NaN,
        "Diluted Average Shares": NaN,
        "Basic Average Shares": NaN,
        "Diluted EPS": NaN,
        "Basic EPS": NaN,
        "Diluted NI Availto Com Stockholders": NaN,
        "Net Income Common Stockholders": NaN,
        "Net Income": NaN,
        "Net Income Including Noncontrolling Interests": NaN,
        "Net Income Continuous Operations": NaN,
        "Tax Provision": NaN,
        "Pretax Income": NaN,
        "Other Income Expense": NaN,
        "Other Non Operating Income Expenses": NaN,
        "Special Income Charges": -4441000.0,
        "Other Special Charges": 4441000.0,
        "Net Non Operating Interest Income Expense": NaN,
        "Interest Expense Non Operating": NaN,
        "Interest Income Non Operating": NaN,
        "Operating Income": NaN,
        "Operating Expense": NaN,
        "Depreciation Amortization Depletion Income Statement": NaN,
        "Depreciation And Amortization In Income Statement": NaN,
        "Research And Development": NaN,
        "Selling General And Administration": NaN,
        "Gross Profit": NaN,
        "Cost Of Revenue": NaN,
        "Total Revenue": NaN,
        "Operating Revenue": NaN
    },
    "2022-03-31": {
        "Diluted EPS": -0.31,
        "Total Revenue": 34,
        "Gross Profit": 21,
        "Operating Income": -15,
        "EBIT": -14,
        "Net Income": -18
    },
    "2021-12-31": {
        "Diluted EPS": -0.44,
        "Total Revenue": 35,
        "Gross Profit": 19,
        "Operating Income": -18,
        "EBIT": -17,
        "Net Income": -18
    },
    "2021-09-30": {
        "Diluted EPS": -0.35,
        "Total Revenue": 27,
        "Gross Profit": 15,
        "Operating Income": -19,
        "EBIT": -18,
        "Net Income": -19
    },
    "2021-06-30": {
        "Diluted EPS": -0.31,
        "Total Revenue": 26,
        "Gross Profit": 15,
        "Operating Income": -15,
        "EBIT": -13,
        "Net Income": -16
    },
    "2021-03-31": {
        "Diluted EPS": 0.16,
        "Total Revenue": 12,
        "Gross Profit": 7,
        "Operating Income": 8,
        "EBIT": 11,
        "Net Income": 6
    },
    "2020-12-31": {
        "Diluted EPS": -3.27,
        "Total Revenue": 21,
        "Gross Profit": 13,
        "Operating Income": -108,
        "EBIT": -105,
        "Net Income": -111
    },
    "2020-09-30": {
        "Diluted EPS": -0.34,
        "Total Revenue": 18,
        "Gross Profit": 13,
        "Operating Income": -9,
        "EBIT": -6,
        "Net Income": -11
    },
    "2020-06-30": {
        "Diluted EPS": -0.63,
        "Total Revenue": 8,
        "Gross Profit": 6,
        "Operating Income": -19,
        "EBIT": -17,
        "Net Income": -21
    },
    "2020-03-31": {
        "Diluted EPS": -0.59,
        "Total Revenue": 10,
        "Gross Profit": 6,
        "Operating Income": -17,
        "EBIT": -15,
        "Net Income": -20
    },
    "2019-12-31": {
        "Diluted EPS": -0.44,
        "Total Revenue": 19,
        "Gross Profit": 16,
        "Operating Income": -13,
        "EBIT": -10,
        "Net Income": -15
    },
    "2019-09-30": {
        "Diluted EPS": -0.98,
        "Total Revenue": 13,
        "Gross Profit": 9,
        "Operating Income": -25,
        "EBIT": -23,
        "Net Income": -27
    },
    "2019-06-30": {
        "Diluted EPS": -1.37,
        "Total Revenue": 2,
        "Gross Profit": 2,
        "Operating Income": -36,
        "EBIT": -35,
        "Net Income": -38
    },
    "2019-03-31": {
        "Diluted EPS": -0.4,
        "Total Revenue": NaN,
        "Gross Profit": NaN,
        "Operating Income": -25,
        "EBIT": -24,
        "Net Income": -11
    },
    "2018-12-31": {
        "Diluted EPS": -0.45,
        "Total Revenue": NaN,
        "Gross Profit": NaN,
        "Operating Income": -13,
        "EBIT": -12,
        "Net Income": -12
    },
    "2018-09-30": {
        "Diluted EPS": -0.48,
        "Total Revenue": NaN,
        "Gross Profit": NaN,
        "Operating Income": -11,
        "EBIT": -11,
        "Net Income": -12
    },
    "2018-06-30": {
        "Diluted EPS": -0.69,
        "Total Revenue": NaN,
        "Gross Profit": NaN,
        "Operating Income": -16,
        "EBIT": -16,
        "Net Income": -16
    },
    "2018-03-31": {
        "Diluted EPS": -0.3,
        "Total Revenue": NaN,
        "Gross Profit": NaN,
        "Operating Income": -6,
        "EBIT": -6,
        "Net Income": -6
    },
    "2017-12-31": {
        "Diluted EPS": 0.24,
        "Total Revenue": NaN,
        "Gross Profit": NaN,
        "Operating Income": -3,
        "EBIT": -3,
        "Net Income": 4
    },
    "2017-09-30": {
        "Diluted EPS": -0.16,
        "Total Revenue": NaN,
        "Gross Profit": NaN,
        "Operating Income": -3,
        "EBIT": -3,
        "Net Income": -3
    },
    "2017-06-30": {
        "Diluted EPS": -0.14,
        "Total Revenue": NaN,
        "Gross Profit": NaN,
        "Operating Income": -2,
        "EBIT": -2,
        "Net Income": -2
    },
    "2017-03-31": {
        "Diluted EPS": -0.24,
        "Total Revenue": NaN,
        "Gross Profit": NaN,
        "Operating Income": -4,
        "EBIT": -4,
        "Net Income": -4
    },
    "2016-12-31": {
        "Diluted EPS": 0.0,
        "Total Revenue": NaN,
        "Gross Profit": NaN,
        "Operating Income": NaN,
        "EBIT": NaN,
        "Net Income": NaN
    },
    "2015-12-31": {
        "Diluted EPS": 0.0,
        "Total Revenue": NaN,
        "Gross Profit": NaN,
        "Operating Income": NaN,
        "EBIT": NaN,
        "Net Income": NaN
    },
    "2023-09-30": {
        "Tax Effect Of Unusual Items": NaN,
        "Tax Rate For Calcs": NaN,
        "Normalized EBITDA": NaN,
        "Total Unusual Items": NaN,
        "Total Unusual Items Excluding Goodwill": NaN,
        "Net Income From Continuing Operation Net Minority Interest": NaN,
        "Reconciled Depreciation": NaN,
        "Reconciled Cost Of Revenue": NaN,
        "EBITDA": NaN,
        "EBIT": NaN,
        "Net Interest Income": NaN,
        "Interest Expense": NaN,
        "Interest Income": NaN,
        "Normalized Income": NaN,
        "Net Income From Continuing And Discontinued Operation": NaN,
        "Total Expenses": NaN,
        "Total Operating Income As Reported": NaN,
        "Diluted Average Shares": 57023000.0,
        "Basic Average Shares": 57023000.0,
        "Diluted EPS": -0.3,
        "Basic EPS": -0.3,
        "Diluted NI Availto Com Stockholders": NaN,
        "Net Income Common Stockholders": NaN,
        "Net Income": NaN,
        "Net Income Including Noncontrolling Interests": NaN,
        "Net Income Continuous Operations": NaN,
        "Tax Provision": NaN,
        "Pretax Income": NaN,
        "Other Income Expense": NaN,
        "Other Non Operating Income Expenses": NaN,
        "Special Income Charges": NaN,
        "Other Special Charges": NaN,
        "Net Non Operating Interest Income Expense": NaN,
        "Interest Expense Non Operating": NaN,
        "Interest Income Non Operating": NaN,
        "Operating Income": NaN,
        "Operating Expense": NaN,
        "Depreciation Amortization Depletion Income Statement": NaN,
        "Depreciation And Amortization In Income Statement": NaN,
        "Research And Development": NaN,
        "Selling General And Administration": NaN,
        "Gross Profit": NaN,
        "Cost Of Revenue": NaN,
        "Total Revenue": NaN,
        "Operating Revenue": NaN
    },
    "2023-12-31": {
        "Tax Effect Of Unusual Items": 0.0,
        "Tax Rate For Calcs": 0.21,
        "Normalized EBITDA": -6133000.0,
        "Total Unusual Items": NaN,
        "Total Unusual Items Excluding Goodwill": NaN,
        "Net Income From Continuing Operation Net Minority Interest": -11831000.0,
        "Reconciled Depreciation": 1517000.0,
        "Reconciled Cost Of Revenue": 19126000.0,
        "EBITDA": -6133000.0,
        "EBIT": -7650000.0,
        "Net Interest Income": -3784000.0,
        "Interest Expense": 4075000.0,
        "Interest Income": 291000.0,
        "Normalized Income": -11831000.0,
        "Net Income From Continuing And Discontinued Operation": -11831000.0,
        "Total Expenses": 70509000.0,
        "Total Operating Income As Reported": -8635000.0,
        "Diluted Average Shares": NaN,
        "Basic Average Shares": NaN,
        "Diluted EPS": NaN,
        "Basic EPS": NaN,
        "Diluted NI Availto Com Stockholders": -11831000.0,
        "Net Income Common Stockholders": -11831000.0,
        "Net Income": -11831000.0,
        "Net Income Including Noncontrolling Interests": -11831000.0,
        "Net Income Continuous Operations": -11831000.0,
        "Tax Provision": 106000.0,
        "Pretax Income": -11725000.0,
        "Other Income Expense": 1569000.0,
        "Other Non Operating Income Expenses": 1569000.0,
        "Special Income Charges": NaN,
        "Other Special Charges": NaN,
        "Net Non Operating Interest Income Expense": -3784000.0,
        "Interest Expense Non Operating": 4075000.0,
        "Interest Income Non Operating": 291000.0,
        "Operating Income": -9510000.0,
        "Operating Expense": 51239000.0,
        "Depreciation Amortization Depletion Income Statement": 1373000.0,
        "Depreciation And Amortization In Income Statement": 1373000.0,
        "Research And Development": 6808000.0,
        "Selling General And Administration": 43058000.0,
        "Gross Profit": 41729000.0,
        "Cost Of Revenue": 19270000.0,
        "Total Revenue": 60999000.0,
        "Operating Revenue": 60999000.0
    },
    "2024-03-31": {
        "Tax Effect Of Unusual Items": 0.0,
        "Tax Rate For Calcs": 0.21,
        "Normalized EBITDA": -6803000.0,
        "Total Unusual Items": NaN,
        "Total Unusual Items Excluding Goodwill": NaN,
        "Net Income From Continuing Operation Net Minority Interest": -13109000.0,
        "Reconciled Depreciation": 1557000.0,
        "Reconciled Cost Of Revenue": 17919000.0,
        "EBITDA": -6803000.0,
        "EBIT": -8360000.0,
        "Net Interest Income": -4185000.0,
        "Interest Expense": 4702000.0,
        "Interest Income": 517000.0,
        "Normalized Income": -13109000.0,
        "Net Income From Continuing And Discontinued Operation": -13109000.0,
        "Total Expenses": 66677000.0,
        "Total Operating Income As Reported": -8922000.0,
        "Diluted Average Shares": 58797311.0,
        "Basic Average Shares": 58797311.0,
        "Diluted EPS": -0.22,
        "Basic EPS": -0.22,
        "Diluted NI Availto Com Stockholders": -13109000.0,
        "Net Income Common Stockholders": -13109000.0,
        "Net Income": -13109000.0,
        "Net Income Including Noncontrolling Interests": -13109000.0,
        "Net Income Continuous Operations": -13109000.0,
        "Tax Provision": 47000.0,
        "Pretax Income": -13062000.0,
        "Other Income Expense": -1533000.0,
        "Other Non Operating Income Expenses": -1533000.0,
        "Special Income Charges": NaN,
        "Other Special Charges": NaN,
        "Net Non Operating Interest Income Expense": -4185000.0,
        "Interest Expense Non Operating": 4702000.0,
        "Interest Income Non Operating": 517000.0,
        "Operating Income": -7344000.0,
        "Operating Expense": 48610000.0,
        "Depreciation Amortization Depletion Income Statement": 1409000.0,
        "Depreciation And Amortization In Income Statement": 1409000.0,
        "Research And Development": 2078000.0,
        "Selling General And Administration": 45123000.0,
        "Gross Profit": 41266000.0,
        "Cost Of Revenue": 18067000.0,
        "Total Revenue": 59333000.0,
        "Operating Revenue": 59333000.0
    },
    "2024-06-30": {
        "Tax Effect Of Unusual Items": 0.0,
        "Tax Rate For Calcs": 0.21,
        "Normalized EBITDA": -5031000.0,
        "Total Unusual Items": NaN,
        "Total Unusual Items Excluding Goodwill": NaN,
        "Net Income From Continuing Operation Net Minority Interest": -11350000.0,
        "Reconciled Depreciation": 1580000.0,
        "Reconciled Cost Of Revenue": 18924000.0,
        "EBITDA": -5031000.0,
        "EBIT": -6611000.0,
        "Net Interest Income": -3667000.0,
        "Interest Expense": 4696000.0,
        "Interest Income": 1029000.0,
        "Normalized Income": -11350000.0,
        "Net Income From Continuing And Discontinued Operation": -11350000.0,
        "Total Expenses": 73006000.0,
        "Total Operating Income As Reported": -7702000.0,
        "Diluted Average Shares": 62724604.0,
        "Basic Average Shares": 62724604.0,
        "Diluted EPS": -0.18,
        "Basic EPS": -0.18,
        "Diluted NI Availto Com Stockholders": -11350000.0,
        "Net Income Common Stockholders": -11350000.0,
        "Net Income": -11350000.0,
        "Net Income Including Noncontrolling Interests": -11350000.0,
        "Net Income Continuous Operations": -11350000.0,
        "Tax Provision": 43000.0,
        "Pretax Income": -11307000.0,
        "Other Income Expense": -1543000.0,
        "Other Non Operating Income Expenses": -1543000.0,
        "Special Income Charges": NaN,
        "Other Special Charges": NaN,
        "Net Non Operating Interest Income Expense": -3667000.0,
        "Interest Expense Non Operating": 4696000.0,
        "Interest Income Non Operating": 1029000.0,
        "Operating Income": -6097000.0,
        "Operating Expense": 53929000.0,
        "Depreciation Amortization Depletion Income Statement": 1427000.0,
        "Depreciation And Amortization In Income Statement": 1427000.0,
        "Research And Development": 2350000.0,
        "Selling General And Administration": 50152000.0,
        "Gross Profit": 47832000.0,
        "Cost Of Revenue": 19077000.0,
        "Total Revenue": 66909000.0,
        "Operating Revenue": 66909000.0
    },
    "2024-09-30": {
        "Tax Effect Of Unusual Items": 0.0,
        "Tax Rate For Calcs": 0.21,
        "Normalized EBITDA": -13001000.0,
        "Total Unusual Items": NaN,
        "Total Unusual Items Excluding Goodwill": NaN,
        "Net Income From Continuing Operation Net Minority Interest": -19170000.0,
        "Reconciled Depreciation": 1271000.0,
        "Reconciled Cost Of Revenue": 18039000.0,
        "EBITDA": -13001000.0,
        "EBIT": -14272000.0,
        "Net Interest Income": -3836000.0,
        "Interest Expense": 4764000.0,
        "Interest Income": 928000.0,
        "Normalized Income": -19170000.0,
        "Net Income From Continuing And Discontinued Operation": -19170000.0,
        "Total Expenses": 74130000.0,
        "Total Operating Income As Reported": -15473000.0,
        "Diluted Average Shares": 63148968.0,
        "Basic Average Shares": 63148968.0,
        "Diluted EPS": -0.3,
        "Basic EPS": -0.3,
        "Diluted NI Availto Com Stockholders": -19170000.0,
        "Net Income Common Stockholders": -19170000.0,
        "Net Income": -19170000.0,
        "Net Income Including Noncontrolling Interests": -19170000.0,
        "Net Income Continuous Operations": -19170000.0,
        "Tax Provision": 134000.0,
        "Pretax Income": -19036000.0,
        "Other Income Expense": -2155000.0,
        "Other Non Operating Income Expenses": -2155000.0,
        "Special Income Charges": NaN,
        "Other Special Charges": NaN,
        "Net Non Operating Interest Income Expense": -3836000.0,
        "Interest Expense Non Operating": 4764000.0,
        "Interest Income Non Operating": 928000.0,
        "Operating Income": -13045000.0,
        "Operating Expense": 55907000.0,
        "Depreciation Amortization Depletion Income Statement": 1087000.0,
        "Depreciation And Amortization In Income Statement": 1087000.0,
        "Research And Development": 2314000.0,
        "Selling General And Administration": 52506000.0,
        "Gross Profit": 42862000.0,
        "Cost Of Revenue": 18223000.0,
        "Total Revenue": 61085000.0,
        "Operating Revenue": 61085000.0
    },
    "2024-12-31": {
        "Tax Effect Of Unusual Items": 0.0,
        "Tax Rate For Calcs": 0.21,
        "Normalized EBITDA": -166000.0,
        "Total Unusual Items": NaN,
        "Total Unusual Items Excluding Goodwill": NaN,
        "Net Income From Continuing Operation Net Minority Interest": -6791000.0,
        "Reconciled Depreciation": 1612000.0,
        "Reconciled Cost Of Revenue": 25410000.0,
        "EBITDA": -166000.0,
        "EBIT": -1778000.0,
        "Net Interest Income": -3784000.0,
        "Interest Expense": 4573000.0,
        "Interest Income": 789000.0,
        "Normalized Income": -6791000.0,
        "Net Income From Continuing And Discontinued Operation": -6791000.0,
        "Total Expenses": 79696000.0,
        "Total Operating Income As Reported": -2314000.0,
        "Diluted Average Shares": 63369000.0,
        "Basic Average Shares": 61736364.0,
        "Diluted EPS": -0.11,
        "Basic EPS": -0.11,
        "Diluted NI Availto Com Stockholders": -6791000.0,
        "Net Income Common Stockholders": -6791000.0,
        "Net Income": -6791000.0,
        "Net Income Including Noncontrolling Interests": -6791000.0,
        "Net Income Continuous Operations": -6791000.0,
        "Tax Provision": 440000.0,
        "Pretax Income": -6351000.0,
        "Other Income Expense": -1818000.0,
        "Other Non Operating Income Expenses": -1818000.0,
        "Special Income Charges": NaN,
        "Other Special Charges": NaN,
        "Net Non Operating Interest Income Expense": -3784000.0,
        "Interest Expense Non Operating": 4573000.0,
        "Interest Income Non Operating": 789000.0,
        "Operating Income": -749000.0,
        "Operating Expense": 51093000.0,
        "Depreciation Amortization Depletion Income Statement": -1581000.0,
        "Depreciation And Amortization In Income Statement": -1581000.0,
        "Research And Development": 2430000.0,
        "Selling General And Administration": 50244000.0,
        "Gross Profit": 50344000.0,
        "Cost Of Revenue": 28603000.0,
        "Total Revenue": 78947000.0,
        "Operating Revenue": 78947000.0
    }
}