{
    "2023-05-31": {
        "Tax Effect Of Unusual Items": NaN,
        "Tax Rate For Calcs": NaN,
        "Normalized EBITDA": NaN,
        "Total Unusual Items": NaN,
        "Total Unusual Items Excluding Goodwill": NaN,
        "Net Income From Continuing Operation Net Minority Interest": NaN,
        "Reconciled Depreciation": NaN,
        "Reconciled Cost Of Revenue": NaN,
        "EBITDA": NaN,
        "EBIT": NaN,
        "Net Interest Income": NaN,
        "Interest Expense": NaN,
        "Normalized Income": NaN,
        "Net Income From Continuing And Discontinued Operation": NaN,
        "Total Expenses": NaN,
        "Total Operating Income As Reported": NaN,
        "Diluted Average Shares": NaN,
        "Basic Average Shares": NaN,
        "Diluted EPS": NaN,
        "Basic EPS": NaN,
        "Diluted NI Availto Com Stockholders": NaN,
        "Net Income Common Stockholders": NaN,
        "Net Income": NaN,
        "Net Income Including Noncontrolling Interests": NaN,
        "Net Income Discontinuous Operations": NaN,
        "Net Income Continuous Operations": NaN,
        "Tax Provision": NaN,
        "Pretax Income": NaN,
        "Other Income Expense": NaN,
        "Other Non Operating Income Expenses": NaN,
        "Special Income Charges": NaN,
        "Write Off": 0.0,
        "Impairment Of Capital Assets": 0.0,
        "Restructuring And Mergern Acquisition": NaN,
        "Net Non Operating Interest Income Expense": NaN,
        "Interest Expense Non Operating": NaN,
        "Operating Income": NaN,
        "Operating Expense": NaN,
        "Depreciation Amortization Depletion Income Statement": NaN,
        "Depreciation And Amortization In Income Statement": NaN,
        "Amortization": NaN,
        "Amortization Of Intangibles Income Statement": NaN,
        "Selling General And Administration": NaN,
        "Gross Profit": NaN,
        "Cost Of Revenue": NaN,
        "Total Revenue": NaN,
        "Operating Revenue": NaN
    },
    "2023-02-28": {
        "Tax Effect Of Unusual Items": NaN,
        "Tax Rate For Calcs": NaN,
        "Normalized EBITDA": NaN,
        "Total Unusual Items": NaN,
        "Total Unusual Items Excluding Goodwill": NaN,
        "Net Income From Continuing Operation Net Minority Interest": NaN,
        "Reconciled Depreciation": NaN,
        "Reconciled Cost Of Revenue": NaN,
        "EBITDA": NaN,
        "EBIT": NaN,
        "Net Interest Income": NaN,
        "Interest Expense": NaN,
        "Normalized Income": NaN,
        "Net Income From Continuing And Discontinued Operation": NaN,
        "Total Expenses": NaN,
        "Total Operating Income As Reported": NaN,
        "Diluted Average Shares": NaN,
        "Basic Average Shares": NaN,
        "Diluted EPS": NaN,
        "Basic EPS": NaN,
        "Diluted NI Availto Com Stockholders": NaN,
        "Net Income Common Stockholders": NaN,
        "Net Income": NaN,
        "Net Income Including Noncontrolling Interests": NaN,
        "Net Income Discontinuous Operations": NaN,
        "Net Income Continuous Operations": NaN,
        "Tax Provision": NaN,
        "Pretax Income": NaN,
        "Other Income Expense": NaN,
        "Other Non Operating Income Expenses": NaN,
        "Special Income Charges": NaN,
        "Write Off": NaN,
        "Impairment Of Capital Assets": 0.0,
        "Restructuring And Mergern Acquisition": NaN,
        "Net Non Operating Interest Income Expense": NaN,
        "Interest Expense Non Operating": NaN,
        "Operating Income": NaN,
        "Operating Expense": NaN,
        "Depreciation Amortization Depletion Income Statement": NaN,
        "Depreciation And Amortization In Income Statement": NaN,
        "Amortization": NaN,
        "Amortization Of Intangibles Income Statement": NaN,
        "Selling General And Administration": NaN,
        "Gross Profit": NaN,
        "Cost Of Revenue": NaN,
        "Total Revenue": NaN,
        "Operating Revenue": NaN
    },
    "2022-11-30": {
        "Tax Effect Of Unusual Items": NaN,
        "Tax Rate For Calcs": NaN,
        "Normalized EBITDA": NaN,
        "Total Unusual Items": NaN,
        "Total Unusual Items Excluding Goodwill": NaN,
        "Net Income From Continuing Operation Net Minority Interest": NaN,
        "Reconciled Depreciation": NaN,
        "Reconciled Cost Of Revenue": NaN,
        "EBITDA": NaN,
        "EBIT": NaN,
        "Net Interest Income": NaN,
        "Interest Expense": NaN,
        "Normalized Income": NaN,
        "Net Income From Continuing And Discontinued Operation": NaN,
        "Total Expenses": NaN,
        "Total Operating Income As Reported": NaN,
        "Diluted Average Shares": NaN,
        "Basic Average Shares": NaN,
        "Diluted EPS": NaN,
        "Basic EPS": NaN,
        "Diluted NI Availto Com Stockholders": NaN,
        "Net Income Common Stockholders": NaN,
        "Net Income": NaN,
        "Net Income Including Noncontrolling Interests": NaN,
        "Net Income Discontinuous Operations": NaN,
        "Net Income Continuous Operations": NaN,
        "Tax Provision": NaN,
        "Pretax Income": NaN,
        "Other Income Expense": NaN,
        "Other Non Operating Income Expenses": NaN,
        "Special Income Charges": NaN,
        "Write Off": NaN,
        "Impairment Of Capital Assets": 0.0,
        "Restructuring And Mergern Acquisition": NaN,
        "Net Non Operating Interest Income Expense": NaN,
        "Interest Expense Non Operating": NaN,
        "Operating Income": NaN,
        "Operating Expense": NaN,
        "Depreciation Amortization Depletion Income Statement": NaN,
        "Depreciation And Amortization In Income Statement": NaN,
        "Amortization": NaN,
        "Amortization Of Intangibles Income Statement": NaN,
        "Selling General And Administration": NaN,
        "Gross Profit": NaN,
        "Cost Of Revenue": NaN,
        "Total Revenue": NaN,
        "Operating Revenue": NaN
    },
    "2022-08-31": {
        "Tax Effect Of Unusual Items": -114015.432099,
        "Tax Rate For Calcs": 0.026235,
        "Normalized EBITDA": 19357000.0,
        "Total Unusual Items": -4346000.0,
        "Total Unusual Items Excluding Goodwill": -4346000.0,
        "Net Income From Continuing Operation Net Minority Interest": 11358000.0,
        "Reconciled Depreciation": 1628000.0,
        "Reconciled Cost Of Revenue": 78093000.0,
        "EBITDA": 15011000.0,
        "EBIT": 13383000.0,
        "Net Interest Income": -1719000.0,
        "Interest Expense": 1719000.0,
        "Normalized Income": 15589984.567901,
        "Net Income From Continuing And Discontinued Operation": 11168000.0,
        "Total Expenses": 134355000.0,
        "Total Operating Income As Reported": 13126000.0,
        "Diluted Average Shares": 57963000.0,
        "Basic Average Shares": 57524000.0,
        "Diluted EPS": 0.19,
        "Basic EPS": 0.19,
        "Diluted NI Availto Com Stockholders": 11168000.0,
        "Net Income Common Stockholders": 11168000.0,
        "Net Income": 11168000.0,
        "Net Income Including Noncontrolling Interests": 11168000.0,
        "Net Income Discontinuous Operations": -190000.0,
        "Net Income Continuous Operations": 11358000.0,
        "Tax Provision": 306000.0,
        "Pretax Income": 11664000.0,
        "Other Income Expense": -4089000.0,
        "Other Non Operating Income Expenses": 257000.0,
        "Special Income Charges": -4346000.0,
        "Write Off": NaN,
        "Impairment Of Capital Assets": 1297000.0,
        "Restructuring And Mergern Acquisition": 3049000.0,
        "Net Non Operating Interest Income Expense": -1719000.0,
        "Interest Expense Non Operating": 1719000.0,
        "Operating Income": 17472000.0,
        "Operating Expense": 56262000.0,
        "Depreciation Amortization Depletion Income Statement": 1628000.0,
        "Depreciation And Amortization In Income Statement": 1628000.0,
        "Amortization": 1628000.0,
        "Amortization Of Intangibles Income Statement": 1628000.0,
        "Selling General And Administration": 54634000.0,
        "Gross Profit": 73734000.0,
        "Cost Of Revenue": 78093000.0,
        "Total Revenue": 151827000.0,
        "Operating Revenue": 151827000.0
    },
    "2022-05-31": {
        "Tax Effect Of Unusual Items": -130801.0,
        "Tax Rate For Calcs": 0.253,
        "Normalized EBITDA": 11727000.0,
        "Total Unusual Items": -517000.0,
        "Total Unusual Items Excluding Goodwill": -517000.0,
        "Net Income From Continuing Operation Net Minority Interest": 4061000.0,
        "Reconciled Depreciation": 4821000.0,
        "Reconciled Cost Of Revenue": 76818000.0,
        "EBIT": 6389000.0,
        "Net Interest Income": -951000.0,
        "Interest Expense": 951000.0,
        "Normalized Income": 4447199.0,
        "Net Income From Continuing And Discontinued Operation": 1643000.0,
        "Total Expenses": 144734000.0,
        "Total Operating Income As Reported": 6643000.0,
        "Diluted Average Shares": 60610000.0,
        "Basic Average Shares": 60227000.0,
        "Diluted EPS": 0.03,
        "Basic EPS": 0.03,
        "Diluted NI Availto Com Stockholders": 1643000.0,
        "Net Income Common Stockholders": 1643000.0,
        "Net Income": 1643000.0,
        "Net Income Including Noncontrolling Interests": 1643000.0,
        "Net Income Discontinuous Operations": -2418000.0,
        "Net Income Continuous Operations": 4061000.0,
        "Tax Provision": 1377000.0,
        "Pretax Income": 5438000.0,
        "Other Income Expense": -771000.0,
        "Other Non Operating Income Expenses": -254000.0,
        "Special Income Charges": -517000.0,
        "Write Off": NaN,
        "Impairment Of Capital Assets": 0.0,
        "Restructuring And Mergern Acquisition": 517000.0,
        "Net Non Operating Interest Income Expense": -951000.0,
        "Interest Expense Non Operating": 951000.0,
        "Operating Income": 7160000.0,
        "Operating Expense": 64887000.0,
        "Depreciation Amortization Depletion Income Statement": 1792000.0,
        "Depreciation And Amortization In Income Statement": 1792000.0,
        "Amortization": 1792000.0,
        "Amortization Of Intangibles Income Statement": 1792000.0,
        "Selling General And Administration": 63095000.0,
        "Gross Profit": 72047000.0,
        "Cost Of Revenue": 79847000.0,
        "Total Revenue": 151894000.0,
        "Operating Revenue": 151894000.0
    },
    "2022-02-28": {
        "Diluted EPS": 0.02,
        "Total Revenue": 137,
        "Gross Profit": 60,
        "Operating Income": 4,
        "EBIT": 10,
        "Net Income": 1
    },
    "2021-11-30": {
        "Diluted EPS": 0.05,
        "Total Revenue": 131,
        "Gross Profit": 60,
        "Operating Income": 6,
        "EBIT": 12,
        "Net Income": 3
    },
    "2021-08-31": {
        "Diluted EPS": 0.09,
        "Total Revenue": 145,
        "Gross Profit": 66,
        "Operating Income": 14,
        "EBIT": 19,
        "Net Income": 5
    },
    "2021-05-31": {
        "Diluted EPS": 0.41,
        "Total Revenue": 143,
        "Gross Profit": 67,
        "Operating Income": 23,
        "EBIT": 28,
        "Net Income": 25
    },
    "2021-02-28": {
        "Diluted EPS": 0.05,
        "Total Revenue": 121,
        "Gross Profit": 55,
        "Operating Income": 6,
        "EBIT": 11,
        "Net Income": 3
    },
    "2020-11-30": {
        "Diluted EPS": 0.08,
        "Total Revenue": 119,
        "Gross Profit": 55,
        "Operating Income": 9,
        "EBIT": 15,
        "Net Income": 5
    },
    "2020-08-31": {
        "Diluted EPS": 0.02,
        "Total Revenue": 111,
        "Gross Profit": 44,
        "Operating Income": 3,
        "EBIT": 10,
        "Net Income": 1
    },
    "2020-05-31": {
        "Diluted EPS": -0.08,
        "Total Revenue": 102,
        "Gross Profit": 42,
        "Operating Income": -2,
        "EBIT": 4,
        "Net Income": -5
    },
    "2020-02-29": {
        "Diluted EPS": 0.04,
        "Total Revenue": 133,
        "Gross Profit": 62,
        "Operating Income": 9,
        "EBIT": 14,
        "Net Income": 2
    },
    "2019-11-30": {
        "Diluted EPS": 0.03,
        "Total Revenue": 147,
        "Gross Profit": 69,
        "Operating Income": 14,
        "EBIT": 20,
        "Net Income": 2
    },
    "2019-08-31": {
        "Diluted EPS": -4.38,
        "Total Revenue": 158,
        "Gross Profit": 69,
        "Operating Income": 8,
        "EBIT": 13,
        "Net Income": -267
    },
    "2019-05-31": {
        "Diluted EPS": 0.52,
        "Total Revenue": 178,
        "Gross Profit": 82,
        "Operating Income": 38,
        "EBIT": 45,
        "Net Income": 32
    },
    "2019-02-28": {
        "Diluted EPS": 0.04,
        "Total Revenue": 160,
        "Gross Profit": 71,
        "Operating Income": 12,
        "EBIT": 17,
        "Net Income": 3
    },
    "2018-11-30": {
        "Diluted EPS": -0.29,
        "Total Revenue": 159,
        "Gross Profit": 70,
        "Operating Income": -9,
        "EBIT": -3,
        "Net Income": -17
    },
    "2018-08-31": {
        "Diluted EPS": -0.61,
        "Total Revenue": 166,
        "Gross Profit": 73,
        "Operating Income": 19,
        "EBIT": 10,
        "Net Income": -38
    },
    "2018-05-31": {
        "Diluted EPS": 0.48,
        "Total Revenue": 317,
        "Gross Profit": 117,
        "Operating Income": 33,
        "EBIT": 44,
        "Net Income": 29
    },
    "2018-02-28": {
        "Diluted EPS": -0.3,
        "Total Revenue": 275,
        "Gross Profit": 90,
        "Operating Income": 10,
        "EBIT": 21,
        "Net Income": -18
    },
    "2017-11-30": {
        "Diluted EPS": 0.09,
        "Total Revenue": 289,
        "Gross Profit": 101,
        "Operating Income": 15,
        "EBIT": 25,
        "Net Income": 5
    },
    "2017-08-31": {
        "Diluted EPS": -1.65,
        "Total Revenue": 276,
        "Gross Profit": 97,
        "Operating Income": -99,
        "EBIT": -108,
        "Net Income": -99
    },
    "2017-05-31": {
        "Diluted EPS": 0.37,
        "Total Revenue": 295,
        "Gross Profit": 103,
        "Operating Income": 27,
        "EBIT": 38,
        "Net Income": 23
    },
    "2017-02-28": {
        "Diluted EPS": 0.08,
        "Total Revenue": 259,
        "Gross Profit": 87,
        "Operating Income": 13,
        "EBIT": 24,
        "Net Income": 5
    },
    "2016-11-30": {
        "Diluted EPS": 0.08,
        "Total Revenue": 266,
        "Gross Profit": 93,
        "Operating Income": 8,
        "EBIT": 20,
        "Net Income": 5
    },
    "2016-08-31": {
        "Diluted EPS": 0.3,
        "Total Revenue": 276,
        "Gross Profit": 96,
        "Operating Income": 18,
        "EBIT": 30,
        "Net Income": 17
    },
    "2016-05-31": {
        "Diluted EPS": 0.36,
        "Total Revenue": 305,
        "Gross Profit": 108,
        "Operating Income": 28,
        "EBIT": 40,
        "Net Income": 21
    },
    "2016-02-29": {
        "Diluted EPS": -2.7,
        "Total Revenue": 263,
        "Gross Profit": 91,
        "Operating Income": -172,
        "EBIT": -159,
        "Net Income": -159
    },
    "2015-11-30": {
        "Diluted EPS": 0.26,
        "Total Revenue": 305,
        "Gross Profit": 109,
        "Operating Income": 25,
        "EBIT": 38,
        "Net Income": 15
    },
    "2015-08-31": {
        "Diluted EPS": 0.36,
        "Total Revenue": 300,
        "Gross Profit": 107,
        "Operating Income": 29,
        "EBIT": 42,
        "Net Income": 22
    },
    "2015-05-31": {
        "Diluted EPS": 0.63,
        "Total Revenue": 320,
        "Gross Profit": 119,
        "Operating Income": 43,
        "EBIT": 57,
        "Net Income": 38
    },
    "2015-02-28": {
        "Diluted EPS": -1.05,
        "Total Revenue": 301,
        "Gross Profit": 110,
        "Operating Income": -56,
        "EBIT": -43,
        "Net Income": -65
    },
    "2014-11-30": {
        "Diluted EPS": 0.38,
        "Total Revenue": 328,
        "Gross Profit": 127,
        "Operating Income": 38,
        "EBIT": 52,
        "Net Income": 25
    },
    "2014-08-31": {
        "Diluted EPS": 0.52,
        "Total Revenue": 354,
        "Gross Profit": 142,
        "Operating Income": 62,
        "EBIT": 76,
        "Net Income": 36
    },
    "2014-05-31": {
        "Diluted EPS": 0.7,
        "Total Revenue": 378,
        "Gross Profit": 149,
        "Operating Income": 59,
        "EBIT": 74,
        "Net Income": 51
    },
    "2014-02-28": {
        "Diluted EPS": 0.56,
        "Total Revenue": 328,
        "Gross Profit": 124,
        "Operating Income": 39,
        "EBIT": 55,
        "Net Income": 41
    },
    "2013-11-30": {
        "Diluted EPS": 0.48,
        "Total Revenue": 340,
        "Gross Profit": 132,
        "Operating Income": 44,
        "EBIT": 60,
        "Net Income": 36
    },
    "2013-08-31": {
        "Diluted EPS": 0.77,
        "Total Revenue": 327,
        "Gross Profit": 130,
        "Operating Income": 53,
        "EBIT": 64,
        "Net Income": 58
    },
    "2013-05-31": {
        "Diluted EPS": -1.24,
        "Total Revenue": 344,
        "Gross Profit": 137,
        "Operating Income": 57,
        "EBIT": 71,
        "Net Income": -93
    },
    "2013-02-28": {
        "Diluted EPS": 0.38,
        "Total Revenue": 300,
        "Gross Profit": 116,
        "Operating Income": 37,
        "EBIT": 52,
        "Net Income": 28
    },
    "2012-11-30": {
        "Diluted EPS": 0.49,
        "Total Revenue": 308,
        "Gross Profit": 124,
        "Operating Income": 43,
        "EBIT": 58,
        "Net Income": 36
    },
    "2012-08-31": {
        "Diluted EPS": -0.21,
        "Total Revenue": 162,
        "Gross Profit": 79,
        "Operating Income": 39,
        "EBIT": 53,
        "Net Income": -16
    },
    "2012-05-31": {
        "Diluted EPS": 0.45,
        "Total Revenue": 343,
        "Gross Profit": 139,
        "Operating Income": 59,
        "EBIT": 73,
        "Net Income": 34
    },
    "2012-02-29": {
        "Diluted EPS": 0.43,
        "Total Revenue": 378,
        "Gross Profit": 141,
        "Operating Income": 49,
        "EBIT": 63,
        "Net Income": 32
    },
    "2011-11-30": {
        "Diluted EPS": 0.5,
        "Total Revenue": 393,
        "Gross Profit": 153,
        "Operating Income": 57,
        "EBIT": 71,
        "Net Income": 37
    },
    "2011-08-31": {
        "Diluted EPS": 0.55,
        "Total Revenue": 117,
        "Gross Profit": 64,
        "Operating Income": 36,
        "EBIT": 52,
        "Net Income": 41
    },
    "2011-05-31": {
        "Diluted EPS": 0.49,
        "Total Revenue": 393,
        "Gross Profit": 154,
        "Operating Income": 58,
        "EBIT": 71,
        "Net Income": 36
    },
    "2011-02-28": {
        "Diluted EPS": 0.11,
        "Total Revenue": 331,
        "Gross Profit": 125,
        "Operating Income": 37,
        "EBIT": 51,
        "Net Income": 8
    },
    "2010-11-30": {
        "Diluted EPS": 0.35,
        "Total Revenue": 318,
        "Gross Profit": 122,
        "Operating Income": 42,
        "EBIT": 55,
        "Net Income": 26
    },
    "2010-08-31": {
        "Diluted EPS": -0.22,
        "Total Revenue": 310,
        "Gross Profit": 115,
        "Operating Income": 38,
        "EBIT": 51,
        "Net Income": -17
    },
    "2010-05-31": {
        "Diluted EPS": 0.3,
        "Total Revenue": 310,
        "Gross Profit": 116,
        "Operating Income": 40,
        "EBIT": 53,
        "Net Income": 22
    },
    "2010-02-28": {
        "Diluted EPS": 0.1,
        "Total Revenue": 267,
        "Gross Profit": 96,
        "Operating Income": 17,
        "EBIT": 33,
        "Net Income": 7
    },
    "2009-11-30": {
        "Diluted EPS": 0.17,
        "Total Revenue": 273,
        "Gross Profit": 100,
        "Operating Income": 27,
        "EBIT": 40,
        "Net Income": 12
    },
    "2009-08-31": {
        "Diluted EPS": 0.26,
        "Total Revenue": 168,
        "Gross Profit": 68,
        "Operating Income": 18,
        "EBIT": 36,
        "Net Income": 17
    },
    "2009-05-31": {
        "Diluted EPS": -0.27,
        "Total Revenue": 285,
        "Gross Profit": 95,
        "Operating Income": 11,
        "EBIT": 22,
        "Net Income": -18
    },
    "2009-02-28": {
        "Diluted EPS": 0.06,
        "Total Revenue": 294,
        "Gross Profit": 95,
        "Operating Income": 13,
        "EBIT": 27,
        "Net Income": 3
    },
    "2023-08-31": {
        "Tax Effect Of Unusual Items": NaN,
        "Tax Rate For Calcs": NaN,
        "Normalized EBITDA": NaN,
        "Total Unusual Items": NaN,
        "Total Unusual Items Excluding Goodwill": NaN,
        "Net Income From Continuing Operation Net Minority Interest": NaN,
        "Reconciled Depreciation": NaN,
        "Reconciled Cost Of Revenue": NaN,
        "EBITDA": NaN,
        "EBIT": NaN,
        "Net Interest Income": NaN,
        "Interest Expense": NaN,
        "Normalized Income": NaN,
        "Net Income From Continuing And Discontinued Operation": NaN,
        "Total Expenses": NaN,
        "Total Operating Income As Reported": NaN,
        "Diluted Average Shares": NaN,
        "Basic Average Shares": NaN,
        "Diluted EPS": NaN,
        "Basic EPS": NaN,
        "Diluted NI Availto Com Stockholders": NaN,
        "Net Income Common Stockholders": NaN,
        "Net Income": NaN,
        "Net Income Including Noncontrolling Interests": NaN,
        "Net Income Discontinuous Operations": NaN,
        "Net Income Continuous Operations": NaN,
        "Tax Provision": NaN,
        "Pretax Income": NaN,
        "Other Income Expense": NaN,
        "Other Non Operating Income Expenses": NaN,
        "Special Income Charges": NaN,
        "Write Off": -6155000.0,
        "Impairment Of Capital Assets": NaN,
        "Restructuring And Mergern Acquisition": NaN,
        "Net Non Operating Interest Income Expense": NaN,
        "Interest Expense Non Operating": NaN,
        "Operating Income": NaN,
        "Operating Expense": NaN,
        "Depreciation Amortization Depletion Income Statement": NaN,
        "Depreciation And Amortization In Income Statement": NaN,
        "Amortization": NaN,
        "Amortization Of Intangibles Income Statement": NaN,
        "Selling General And Administration": NaN,
        "Gross Profit": NaN,
        "Cost Of Revenue": NaN,
        "Total Revenue": NaN,
        "Operating Revenue": NaN
    },
    "2023-11-30": {
        "Tax Effect Of Unusual Items": NaN,
        "Tax Rate For Calcs": NaN,
        "Normalized EBITDA": NaN,
        "Total Unusual Items": NaN,
        "Total Unusual Items Excluding Goodwill": NaN,
        "Net Income From Continuing Operation Net Minority Interest": NaN,
        "Reconciled Depreciation": NaN,
        "Reconciled Cost Of Revenue": NaN,
        "EBITDA": NaN,
        "EBIT": NaN,
        "Net Interest Income": NaN,
        "Interest Expense": NaN,
        "Normalized Income": NaN,
        "Net Income From Continuing And Discontinued Operation": NaN,
        "Total Expenses": NaN,
        "Total Operating Income As Reported": NaN,
        "Diluted Average Shares": NaN,
        "Basic Average Shares": NaN,
        "Diluted EPS": NaN,
        "Basic EPS": NaN,
        "Diluted NI Availto Com Stockholders": NaN,
        "Net Income Common Stockholders": NaN,
        "Net Income": NaN,
        "Net Income Including Noncontrolling Interests": NaN,
        "Net Income Discontinuous Operations": NaN,
        "Net Income Continuous Operations": NaN,
        "Tax Provision": NaN,
        "Pretax Income": NaN,
        "Other Income Expense": NaN,
        "Other Non Operating Income Expenses": NaN,
        "Special Income Charges": NaN,
        "Impairment Of Capital Assets": 147000.0,
        "Restructuring And Mergern Acquisition": NaN,
        "Net Non Operating Interest Income Expense": NaN,
        "Interest Expense Non Operating": NaN,
        "Operating Income": NaN,
        "Operating Expense": NaN,
        "Depreciation Amortization Depletion Income Statement": NaN,
        "Depreciation And Amortization In Income Statement": NaN,
        "Amortization": NaN,
        "Amortization Of Intangibles Income Statement": NaN,
        "Selling General And Administration": NaN,
        "Gross Profit": NaN,
        "Cost Of Revenue": NaN,
        "Total Revenue": NaN,
        "Operating Revenue": NaN
    },
    "2024-02-29": {
        "Tax Effect Of Unusual Items": NaN,
        "Tax Rate For Calcs": NaN,
        "Normalized EBITDA": NaN,
        "Total Unusual Items": NaN,
        "Total Unusual Items Excluding Goodwill": NaN,
        "Net Income From Continuing Operation Net Minority Interest": NaN,
        "Reconciled Depreciation": NaN,
        "Reconciled Cost Of Revenue": NaN,
        "EBITDA": NaN,
        "EBIT": NaN,
        "Net Interest Income": NaN,
        "Interest Expense": NaN,
        "Normalized Income": NaN,
        "Net Income From Continuing And Discontinued Operation": NaN,
        "Total Expenses": NaN,
        "Total Operating Income As Reported": NaN,
        "Diluted Average Shares": NaN,
        "Basic Average Shares": NaN,
        "Diluted EPS": NaN,
        "Basic EPS": NaN,
        "Diluted NI Availto Com Stockholders": NaN,
        "Net Income Common Stockholders": NaN,
        "Net Income": NaN,
        "Net Income Including Noncontrolling Interests": NaN,
        "Net Income Discontinuous Operations": NaN,
        "Net Income Continuous Operations": NaN,
        "Tax Provision": NaN,
        "Pretax Income": NaN,
        "Other Income Expense": NaN,
        "Other Non Operating Income Expenses": NaN,
        "Special Income Charges": NaN,
        "Impairment Of Capital Assets": 0.0,
        "Restructuring And Mergern Acquisition": NaN,
        "Net Non Operating Interest Income Expense": NaN,
        "Interest Expense Non Operating": NaN,
        "Operating Income": NaN,
        "Operating Expense": NaN,
        "Depreciation Amortization Depletion Income Statement": NaN,
        "Depreciation And Amortization In Income Statement": NaN,
        "Amortization": NaN,
        "Amortization Of Intangibles Income Statement": NaN,
        "Selling General And Administration": NaN,
        "Gross Profit": NaN,
        "Cost Of Revenue": NaN,
        "Total Revenue": NaN,
        "Operating Revenue": NaN
    },
    "2024-05-31": {
        "Tax Effect Of Unusual Items": -368445.0,
        "Tax Rate For Calcs": 0.231,
        "Normalized EBITDA": 37630000.0,
        "Total Unusual Items": -1595000.0,
        "Total Unusual Items Excluding Goodwill": -1595000.0,
        "Net Income From Continuing Operation Net Minority Interest": 22621000.0,
        "Reconciled Depreciation": 3216000.0,
        "Reconciled Cost Of Revenue": 70114000.0,
        "EBITDA": 36035000.0,
        "EBIT": 32819000.0,
        "Net Interest Income": -3385000.0,
        "Interest Expense": 3385000.0,
        "Normalized Income": 23847555.0,
        "Net Income From Continuing And Discontinued Operation": 25778000.0,
        "Total Expenses": 115431000.0,
        "Total Operating Income As Reported": 33363000.0,
        "Diluted Average Shares": 54826000.0,
        "Basic Average Shares": 54292000.0,
        "Diluted EPS": 0.47,
        "Basic EPS": 0.47,
        "Diluted NI Availto Com Stockholders": 25778000.0,
        "Net Income Common Stockholders": 25778000.0,
        "Net Income": 25778000.0,
        "Net Income Including Noncontrolling Interests": 25778000.0,
        "Net Income Discontinuous Operations": 3157000.0,
        "Net Income Continuous Operations": 22621000.0,
        "Tax Provision": 6813000.0,
        "Pretax Income": 29434000.0,
        "Other Income Expense": -2139000.0,
        "Other Non Operating Income Expenses": -544000.0,
        "Special Income Charges": -1595000.0,
        "Impairment Of Capital Assets": 0.0,
        "Restructuring And Mergern Acquisition": 1595000.0,
        "Net Non Operating Interest Income Expense": -3385000.0,
        "Interest Expense Non Operating": 3385000.0,
        "Operating Income": 34958000.0,
        "Operating Expense": 42925000.0,
        "Depreciation Amortization Depletion Income Statement": 824000.0,
        "Depreciation And Amortization In Income Statement": 824000.0,
        "Amortization": 824000.0,
        "Amortization Of Intangibles Income Statement": 824000.0,
        "Selling General And Administration": 42101000.0,
        "Gross Profit": 77883000.0,
        "Cost Of Revenue": 72506000.0,
        "Total Revenue": 150389000.0,
        "Operating Revenue": 150389000.0
    },
    "2024-08-31": {
        "Tax Effect Of Unusual Items": -384780.397854,
        "Tax Rate For Calcs": 0.127962,
        "Normalized EBITDA": 35887000.0,
        "Total Unusual Items": -3007000.0,
        "Total Unusual Items Excluding Goodwill": -3007000.0,
        "Net Income From Continuing Operation Net Minority Interest": 23409000.0,
        "Reconciled Depreciation": 3305000.0,
        "Reconciled Cost Of Revenue": 78838000.0,
        "EBITDA": 32880000.0,
        "EBIT": 29575000.0,
        "Net Interest Income": -2731000.0,
        "Interest Expense": 2731000.0,
        "Normalized Income": 26031219.602146,
        "Net Income From Continuing And Discontinued Operation": 24416000.0,
        "Total Expenses": 125667000.0,
        "Total Operating Income As Reported": 30040000.0,
        "Diluted Average Shares": 54930000.0,
        "Basic Average Shares": 54313000.0,
        "Diluted EPS": 0.44,
        "Basic EPS": 0.45,
        "Diluted NI Availto Com Stockholders": 24416000.0,
        "Net Income Common Stockholders": 24416000.0,
        "Net Income": 24416000.0,
        "Net Income Including Noncontrolling Interests": 24416000.0,
        "Net Income Discontinuous Operations": 1007000.0,
        "Net Income Continuous Operations": 23409000.0,
        "Tax Provision": 3435000.0,
        "Pretax Income": 26844000.0,
        "Other Income Expense": -3472000.0,
        "Other Non Operating Income Expenses": -465000.0,
        "Special Income Charges": -3007000.0,
        "Impairment Of Capital Assets": NaN,
        "Restructuring And Mergern Acquisition": 3007000.0,
        "Net Non Operating Interest Income Expense": -2731000.0,
        "Interest Expense Non Operating": 2731000.0,
        "Operating Income": 33047000.0,
        "Operating Expense": 44356000.0,
        "Depreciation Amortization Depletion Income Statement": 832000.0,
        "Depreciation And Amortization In Income Statement": 832000.0,
        "Amortization": 832000.0,
        "Amortization Of Intangibles Income Statement": 832000.0,
        "Selling General And Administration": 43524000.0,
        "Gross Profit": 77403000.0,
        "Cost Of Revenue": 81311000.0,
        "Total Revenue": 158714000.0,
        "Operating Revenue": 158714000.0
    },
    "2024-11-30": {
        "Tax Effect Of Unusual Items": 0.0,
        "Tax Rate For Calcs": 0.221,
        "Normalized EBITDA": 34159000.0,
        "Total Unusual Items": 0.0,
        "Total Unusual Items Excluding Goodwill": 0.0,
        "Net Income From Continuing Operation Net Minority Interest": 21723000.0,
        "Reconciled Depreciation": 3514000.0,
        "Reconciled Cost Of Revenue": 68232000.0,
        "EBITDA": 34159000.0,
        "EBIT": 30645000.0,
        "Net Interest Income": -2770000.0,
        "Interest Expense": 2770000.0,
        "Normalized Income": 21723000.0,
        "Net Income From Continuing And Discontinued Operation": 21723000.0,
        "Total Expenses": 114064000.0,
        "Total Operating Income As Reported": 31132000.0,
        "Diluted Average Shares": 54812000.0,
        "Basic Average Shares": 54242000.0,
        "Diluted EPS": 0.4,
        "Basic EPS": 0.4,
        "Diluted NI Availto Com Stockholders": 21723000.0,
        "Net Income Common Stockholders": 21723000.0,
        "Net Income": 21723000.0,
        "Net Income Including Noncontrolling Interests": 21723000.0,
        "Net Income Discontinuous Operations": 0.0,
        "Net Income Continuous Operations": 21723000.0,
        "Tax Provision": 6152000.0,
        "Pretax Income": 27875000.0,
        "Other Income Expense": -487000.0,
        "Other Non Operating Income Expenses": -487000.0,
        "Special Income Charges": 0.0,
        "Impairment Of Capital Assets": 0.0,
        "Restructuring And Mergern Acquisition": 0.0,
        "Net Non Operating Interest Income Expense": -2770000.0,
        "Interest Expense Non Operating": 2770000.0,
        "Operating Income": 31132000.0,
        "Operating Expense": 43520000.0,
        "Depreciation Amortization Depletion Income Statement": 1202000.0,
        "Depreciation And Amortization In Income Statement": 1202000.0,
        "Amortization": 1202000.0,
        "Amortization Of Intangibles Income Statement": 1202000.0,
        "Selling General And Administration": 42318000.0,
        "Gross Profit": 74652000.0,
        "Cost Of Revenue": 70544000.0,
        "Total Revenue": 145196000.0,
        "Operating Revenue": 145196000.0
    },
    "2025-02-28": {
        "Tax Effect Of Unusual Items": 0.0,
        "Tax Rate For Calcs": 0.245,
        "Normalized EBITDA": 33541000.0,
        "Total Unusual Items": 0.0,
        "Total Unusual Items Excluding Goodwill": 0.0,
        "Net Income From Continuing Operation Net Minority Interest": 20901000.0,
        "Reconciled Depreciation": 3471000.0,
        "Reconciled Cost Of Revenue": 69814000.0,
        "EBITDA": 33541000.0,
        "EBIT": 30070000.0,
        "Net Interest Income": -2371000.0,
        "Interest Expense": 2371000.0,
        "Normalized Income": 20901000.0,
        "Net Income From Continuing And Discontinued Operation": 20901000.0,
        "Total Expenses": 114708000.0,
        "Total Operating Income As Reported": 30820000.0,
        "Diluted Average Shares": 54808000.0,
        "Basic Average Shares": 54397000.0,
        "Diluted EPS": 0.38,
        "Basic EPS": 0.38,
        "Diluted NI Availto Com Stockholders": 20901000.0,
        "Net Income Common Stockholders": 20901000.0,
        "Net Income": 20901000.0,
        "Net Income Including Noncontrolling Interests": 20901000.0,
        "Net Income Discontinuous Operations": 0.0,
        "Net Income Continuous Operations": 20901000.0,
        "Tax Provision": 6798000.0,
        "Pretax Income": 27699000.0,
        "Other Income Expense": -750000.0,
        "Other Non Operating Income Expenses": -750000.0,
        "Special Income Charges": 0.0,
        "Impairment Of Capital Assets": 0.0,
        "Restructuring And Mergern Acquisition": 0.0,
        "Net Non Operating Interest Income Expense": -2371000.0,
        "Interest Expense Non Operating": 2371000.0,
        "Operating Income": 30820000.0,
        "Operating Expense": 42611000.0,
        "Depreciation Amortization Depletion Income Statement": 1188000.0,
        "Depreciation And Amortization In Income Statement": 1188000.0,
        "Amortization": 1188000.0,
        "Amortization Of Intangibles Income Statement": 1188000.0,
        "Selling General And Administration": 41423000.0,
        "Gross Profit": 73431000.0,
        "Cost Of Revenue": 72097000.0,
        "Total Revenue": 145528000.0,
        "Operating Revenue": 145528000.0
    },
    "2025-05-31": {
        "Tax Effect Of Unusual Items": -1301364.0,
        "Tax Rate For Calcs": 0.222,
        "Normalized EBITDA": 40317000.0,
        "Total Unusual Items": -5862000.0,
        "Total Unusual Items Excluding Goodwill": -5862000.0,
        "Net Income From Continuing Operation Net Minority Interest": 22044000.0,
        "Reconciled Depreciation": 3721000.0,
        "Reconciled Cost Of Revenue": 76272000.0,
        "EBITDA": 34455000.0,
        "EBIT": 30734000.0,
        "Net Interest Income": -2395000.0,
        "Interest Expense": 2395000.0,
        "Normalized Income": 26604636.0,
        "Net Income From Continuing And Discontinued Operation": 22044000.0,
        "Total Expenses": 121118000.0,
        "Total Operating Income As Reported": 31681000.0,
        "Diluted Average Shares": 54417000.0,
        "Basic Average Shares": 54051000.0,
        "Diluted EPS": 0.41,
        "Basic EPS": 0.41,
        "Diluted NI Availto Com Stockholders": 22044000.0,
        "Net Income Common Stockholders": 22044000.0,
        "Net Income": 22044000.0,
        "Net Income Including Noncontrolling Interests": 22044000.0,
        "Net Income Discontinuous Operations": 0.0,
        "Net Income Continuous Operations": 22044000.0,
        "Tax Provision": 6295000.0,
        "Pretax Income": 28339000.0,
        "Other Income Expense": -6809000.0,
        "Other Non Operating Income Expenses": -947000.0,
        "Special Income Charges": -5862000.0,
        "Impairment Of Capital Assets": 0.0,
        "Restructuring And Mergern Acquisition": 5862000.0,
        "Net Non Operating Interest Income Expense": -2395000.0,
        "Interest Expense Non Operating": 2395000.0,
        "Operating Income": 37543000.0,
        "Operating Expense": 42360000.0,
        "Depreciation Amortization Depletion Income Statement": 1235000.0,
        "Depreciation And Amortization In Income Statement": 1235000.0,
        "Amortization": 1235000.0,
        "Amortization Of Intangibles Income Statement": 1235000.0,
        "Selling General And Administration": 41125000.0,
        "Gross Profit": 79903000.0,
        "Cost Of Revenue": 78758000.0,
        "Total Revenue": 158661000.0,
        "Operating Revenue": 158661000.0
    }
}