{
    "2023-03-31": {
        "Tax Effect Of Unusual Items": NaN,
        "Tax Rate For Calcs": NaN,
        "Normalized EBITDA": NaN,
        "Total Unusual Items": NaN,
        "Total Unusual Items Excluding Goodwill": NaN,
        "Net Income From Continuing Operation Net Minority Interest": NaN,
        "Reconciled Depreciation": NaN,
        "Reconciled Cost Of Revenue": NaN,
        "EBITDA": NaN,
        "EBIT": NaN,
        "Net Interest Income": NaN,
        "Interest Expense": NaN,
        "Normalized Income": NaN,
        "Net Income From Continuing And Discontinued Operation": NaN,
        "Total Expenses": NaN,
        "Total Operating Income As Reported": NaN,
        "Diluted Average Shares": NaN,
        "Basic Average Shares": NaN,
        "Diluted EPS": NaN,
        "Basic EPS": NaN,
        "Diluted NI Availto Com Stockholders": NaN,
        "Net Income Common Stockholders": NaN,
        "Net Income": NaN,
        "Net Income Including Noncontrolling Interests": NaN,
        "Net Income Continuous Operations": NaN,
        "Tax Provision": NaN,
        "Pretax Income": NaN,
        "Other Income Expense": NaN,
        "Other Non Operating Income Expenses": NaN,
        "Special Income Charges": NaN,
        "Write Off": 200000.0,
        "Restructuring And Mergern Acquisition": NaN,
        "Net Non Operating Interest Income Expense": NaN,
        "Interest Expense Non Operating": NaN,
        "Operating Income": NaN,
        "Operating Expense": NaN,
        "Research And Development": NaN,
        "Selling General And Administration": NaN,
        "Selling And Marketing Expense": NaN,
        "General And Administrative Expense": NaN,
        "Other Gand A": NaN,
        "Gross Profit": NaN,
        "Cost Of Revenue": NaN,
        "Total Revenue": NaN,
        "Operating Revenue": NaN
    },
    "2022-12-31": {
        "Tax Effect Of Unusual Items": NaN,
        "Tax Rate For Calcs": NaN,
        "Normalized EBITDA": NaN,
        "Total Unusual Items": NaN,
        "Total Unusual Items Excluding Goodwill": NaN,
        "Net Income From Continuing Operation Net Minority Interest": NaN,
        "Reconciled Depreciation": NaN,
        "Reconciled Cost Of Revenue": NaN,
        "EBITDA": NaN,
        "EBIT": NaN,
        "Net Interest Income": NaN,
        "Interest Expense": NaN,
        "Normalized Income": NaN,
        "Net Income From Continuing And Discontinued Operation": NaN,
        "Total Expenses": NaN,
        "Total Operating Income As Reported": NaN,
        "Diluted Average Shares": NaN,
        "Basic Average Shares": NaN,
        "Diluted EPS": NaN,
        "Basic EPS": NaN,
        "Diluted NI Availto Com Stockholders": NaN,
        "Net Income Common Stockholders": NaN,
        "Net Income": NaN,
        "Net Income Including Noncontrolling Interests": NaN,
        "Net Income Continuous Operations": NaN,
        "Tax Provision": NaN,
        "Pretax Income": NaN,
        "Other Income Expense": NaN,
        "Other Non Operating Income Expenses": NaN,
        "Special Income Charges": NaN,
        "Write Off": 0.0,
        "Restructuring And Mergern Acquisition": NaN,
        "Net Non Operating Interest Income Expense": NaN,
        "Interest Expense Non Operating": NaN,
        "Operating Income": NaN,
        "Operating Expense": NaN,
        "Research And Development": NaN,
        "Selling General And Administration": NaN,
        "Selling And Marketing Expense": NaN,
        "General And Administrative Expense": NaN,
        "Other Gand A": NaN,
        "Gross Profit": NaN,
        "Cost Of Revenue": NaN,
        "Total Revenue": NaN,
        "Operating Revenue": NaN
    },
    "2022-09-30": {
        "Tax Effect Of Unusual Items": -1366400.0,
        "Tax Rate For Calcs": 0.224,
        "Normalized EBITDA": 67600000.0,
        "Total Unusual Items": -6100000.0,
        "Total Unusual Items Excluding Goodwill": -6100000.0,
        "Net Income From Continuing Operation Net Minority Interest": 33700000.0,
        "Reconciled Depreciation": 22800000.0,
        "Reconciled Cost Of Revenue": 318100000.0,
        "EBITDA": 61500000.0,
        "EBIT": 61500000.0,
        "Net Interest Income": -18100000.0,
        "Interest Expense": 18100000.0,
        "Normalized Income": 38433600.0,
        "Net Income From Continuing And Discontinued Operation": 33700000.0,
        "Total Expenses": 473000000.0,
        "Total Operating Income As Reported": 57800000.0,
        "Diluted Average Shares": 52500000.0,
        "Basic Average Shares": 51800000.0,
        "Diluted EPS": 0.64,
        "Basic EPS": 0.65,
        "Diluted NI Availto Com Stockholders": 33700000.0,
        "Net Income Common Stockholders": 33700000.0,
        "Net Income": 33700000.0,
        "Net Income Including Noncontrolling Interests": 33700000.0,
        "Net Income Continuous Operations": 33700000.0,
        "Tax Provision": 9700000.0,
        "Pretax Income": 43400000.0,
        "Other Income Expense": -2400000.0,
        "Other Non Operating Income Expenses": 3700000.0,
        "Special Income Charges": -6100000.0,
        "Restructuring And Mergern Acquisition": 6100000.0,
        "Net Non Operating Interest Income Expense": -18100000.0,
        "Interest Expense Non Operating": 18100000.0,
        "Operating Income": 63900000.0,
        "Operating Expense": 154900000.0,
        "Research And Development": 15400000.0,
        "Selling General And Administration": 139500000.0,
        "Selling And Marketing Expense": 41300000.0,
        "General And Administrative Expense": 98200000.0,
        "Other Gand A": 98200000.0,
        "Gross Profit": 218800000.0,
        "Cost Of Revenue": 318100000.0,
        "Total Revenue": 536900000.0,
        "Operating Revenue": 536900000.0
    },
    "2022-06-30": {
        "Tax Effect Of Unusual Items": -563500.0,
        "Tax Rate For Calcs": 0.161,
        "Normalized EBITDA": 80300000.0,
        "Total Unusual Items": -3500000.0,
        "Total Unusual Items Excluding Goodwill": -3500000.0,
        "Net Income From Continuing Operation Net Minority Interest": 30500000.0,
        "Reconciled Depreciation": 22500000.0,
        "Reconciled Cost Of Revenue": 383200000.0,
        "EBITDA": 76800000.0,
        "EBIT": 54300000.0,
        "Net Interest Income": -18000000.0,
        "Interest Expense": 18000000.0,
        "Normalized Income": 33436500.0,
        "Net Income From Continuing And Discontinued Operation": 30500000.0,
        "Total Expenses": 570400000.0,
        "Total Operating Income As Reported": 49900000.0,
        "Diluted Average Shares": 53100000.0,
        "Basic Average Shares": 52500000.0,
        "Diluted EPS": 0.57,
        "Basic EPS": 0.58,
        "Diluted NI Availto Com Stockholders": 30500000.0,
        "Net Income Common Stockholders": 30500000.0,
        "Net Income": 30500000.0,
        "Net Income Including Noncontrolling Interests": 30500000.0,
        "Net Income Continuous Operations": 30500000.0,
        "Tax Provision": 5800000.0,
        "Pretax Income": 36300000.0,
        "Other Income Expense": 900000.0,
        "Other Non Operating Income Expenses": 4400000.0,
        "Special Income Charges": -3500000.0,
        "Restructuring And Mergern Acquisition": 3500000.0,
        "Net Non Operating Interest Income Expense": -18000000.0,
        "Interest Expense Non Operating": 18000000.0,
        "Operating Income": 53400000.0,
        "Operating Expense": 187200000.0,
        "Research And Development": 13600000.0,
        "Selling General And Administration": 173600000.0,
        "Selling And Marketing Expense": 80900000.0,
        "General And Administrative Expense": 92700000.0,
        "Other Gand A": 92700000.0,
        "Gross Profit": 240600000.0,
        "Cost Of Revenue": 383200000.0,
        "Total Revenue": 623800000.0,
        "Operating Revenue": 623800000.0
    },
    "2023-06-30": {
        "Tax Effect Of Unusual Items": NaN,
        "Tax Rate For Calcs": NaN,
        "Normalized EBITDA": NaN,
        "Total Unusual Items": NaN,
        "Total Unusual Items Excluding Goodwill": NaN,
        "Net Income From Continuing Operation Net Minority Interest": NaN,
        "Reconciled Depreciation": NaN,
        "Reconciled Cost Of Revenue": NaN,
        "EBITDA": NaN,
        "EBIT": NaN,
        "Net Interest Income": NaN,
        "Interest Expense": NaN,
        "Normalized Income": NaN,
        "Net Income From Continuing And Discontinued Operation": NaN,
        "Total Expenses": NaN,
        "Total Operating Income As Reported": NaN,
        "Diluted Average Shares": 51800000.0,
        "Basic Average Shares": 51100000.0,
        "Diluted EPS": 1.01,
        "Basic EPS": 1.03,
        "Diluted NI Availto Com Stockholders": NaN,
        "Net Income Common Stockholders": NaN,
        "Net Income": NaN,
        "Net Income Including Noncontrolling Interests": NaN,
        "Net Income Continuous Operations": NaN,
        "Tax Provision": NaN,
        "Pretax Income": NaN,
        "Other Income Expense": NaN,
        "Other Non Operating Income Expenses": NaN,
        "Special Income Charges": NaN,
        "Write Off": 100000.0,
        "Restructuring And Mergern Acquisition": NaN,
        "Net Non Operating Interest Income Expense": NaN,
        "Interest Expense Non Operating": NaN,
        "Operating Income": NaN,
        "Operating Expense": NaN,
        "Research And Development": NaN,
        "Selling General And Administration": NaN,
        "Selling And Marketing Expense": NaN,
        "General And Administrative Expense": NaN,
        "Other Gand A": NaN,
        "Gross Profit": NaN,
        "Cost Of Revenue": NaN,
        "Total Revenue": NaN,
        "Operating Revenue": NaN
    },
    "2022-03-31": {
        "Diluted EPS": 0.43,
        "Total Revenue": 548,
        "Gross Profit": 230,
        "Operating Income": 42,
        "EBIT": 65,
        "Net Income": 23
    },
    "2021-12-31": {
        "Diluted EPS": 0.2,
        "Total Revenue": 463,
        "Gross Profit": 190,
        "Operating Income": 32,
        "EBIT": 53,
        "Net Income": 11
    },
    "2021-09-30": {
        "Diluted EPS": 0.8,
        "Total Revenue": 543,
        "Gross Profit": 245,
        "Operating Income": 63,
        "EBIT": 84,
        "Net Income": 44
    },
    "2021-06-30": {
        "Diluted EPS": 0.74,
        "Total Revenue": 574,
        "Gross Profit": 270,
        "Operating Income": 71,
        "EBIT": 93,
        "Net Income": 41
    },
    "2021-03-31": {
        "Diluted EPS": 0.26,
        "Total Revenue": 519,
        "Gross Profit": 242,
        "Operating Income": 63,
        "EBIT": 85,
        "Net Income": 14
    },
    "2020-12-31": {
        "Diluted EPS": 0.32,
        "Total Revenue": 451,
        "Gross Profit": 193,
        "Operating Income": 42,
        "EBIT": 64,
        "Net Income": 18
    },
    "2020-09-30": {
        "Diluted EPS": 0.38,
        "Total Revenue": 489,
        "Gross Profit": 222,
        "Operating Income": 41,
        "EBIT": 65,
        "Net Income": 21
    },
    "2020-06-30": {
        "Diluted EPS": 0.09,
        "Total Revenue": 484,
        "Gross Profit": 223,
        "Operating Income": 44,
        "EBIT": 65,
        "Net Income": 5
    },
    "2020-03-31": {
        "Diluted EPS": 0.36,
        "Total Revenue": 523,
        "Gross Profit": 243,
        "Operating Income": 54,
        "EBIT": 76,
        "Net Income": 20
    },
    "2019-12-31": {
        "Diluted EPS": 0.41,
        "Total Revenue": 454,
        "Gross Profit": 193,
        "Operating Income": 37,
        "EBIT": 60,
        "Net Income": 22
    },
    "2019-09-30": {
        "Diluted EPS": 0.75,
        "Total Revenue": 528,
        "Gross Profit": 230,
        "Operating Income": 56,
        "EBIT": 81,
        "Net Income": 41
    },
    "2019-06-30": {
        "Diluted EPS": -8.51,
        "Total Revenue": 609,
        "Gross Profit": 292,
        "Operating Income": -484,
        "EBIT": -462,
        "Net Income": -461
    },
    "2019-03-31": {
        "Diluted EPS": 0.89,
        "Total Revenue": 547,
        "Gross Profit": 251,
        "Operating Income": 77,
        "EBIT": 102,
        "Net Income": 48
    },
    "2018-12-31": {
        "Diluted EPS": -0.01,
        "Total Revenue": 457,
        "Gross Profit": 194,
        "Operating Income": 25,
        "EBIT": 47,
        "Net Income": 0
    },
    "2018-09-30": {
        "Diluted EPS": 0.36,
        "Total Revenue": 537,
        "Gross Profit": 231,
        "Operating Income": 36,
        "EBIT": 61,
        "Net Income": 19
    },
    "2018-06-30": {
        "Diluted EPS": 0.22,
        "Total Revenue": 621,
        "Gross Profit": 302,
        "Operating Income": 40,
        "EBIT": 65,
        "Net Income": 12
    },
    "2018-03-31": {
        "Diluted EPS": 1.2,
        "Total Revenue": 608,
        "Gross Profit": 301,
        "Operating Income": 102,
        "EBIT": 126,
        "Net Income": 65
    },
    "2017-12-31": {
        "Diluted EPS": 0.12,
        "Total Revenue": 468,
        "Gross Profit": 199,
        "Operating Income": 36,
        "EBIT": 61,
        "Net Income": 7
    },
    "2017-09-30": {
        "Diluted EPS": -2.57,
        "Total Revenue": 565,
        "Gross Profit": 266,
        "Operating Income": -243,
        "EBIT": -219,
        "Net Income": -148
    },
    "2017-06-30": {
        "Diluted EPS": 0.95,
        "Total Revenue": 638,
        "Gross Profit": 322,
        "Operating Income": 82,
        "EBIT": 105,
        "Net Income": 55
    },
    "2017-03-31": {
        "Diluted EPS": 1.14,
        "Total Revenue": 611,
        "Gross Profit": 310,
        "Operating Income": 100,
        "EBIT": 124,
        "Net Income": 66
    },
    "2016-12-31": {
        "Diluted EPS": 0.58,
        "Total Revenue": 485,
        "Gross Profit": 228,
        "Operating Income": 60,
        "EBIT": 84,
        "Net Income": 34
    },
    "2016-09-30": {
        "Diluted EPS": 0.89,
        "Total Revenue": 611,
        "Gross Profit": 310,
        "Operating Income": 84,
        "EBIT": 107,
        "Net Income": 52
    },
    "2016-06-30": {
        "Diluted EPS": 0.61,
        "Total Revenue": 645,
        "Gross Profit": 311,
        "Operating Income": 61,
        "EBIT": 85,
        "Net Income": 37
    },
    "2016-03-31": {
        "Diluted EPS": 1.1,
        "Total Revenue": 611,
        "Gross Profit": 311,
        "Operating Income": 105,
        "EBIT": 129,
        "Net Income": 66
    },
    "2015-12-31": {
        "Diluted EPS": 0.39,
        "Total Revenue": 495,
        "Gross Profit": 228,
        "Operating Income": 46,
        "EBIT": 66,
        "Net Income": 24
    },
    "2015-09-30": {
        "Diluted EPS": -3.57,
        "Total Revenue": 560,
        "Gross Profit": 269,
        "Operating Income": 21,
        "EBIT": 43,
        "Net Income": -220
    },
    "2015-06-30": {
        "Diluted EPS": -1.17,
        "Total Revenue": 673,
        "Gross Profit": 323,
        "Operating Income": -28,
        "EBIT": 1,
        "Net Income": -73
    },
    "2015-03-31": {
        "Diluted EPS": -1.42,
        "Total Revenue": 651,
        "Gross Profit": 334,
        "Operating Income": 84,
        "EBIT": 116,
        "Net Income": -88
    },
    "2014-12-31": {
        "Diluted EPS": 1.69,
        "Total Revenue": 537,
        "Gross Profit": 257,
        "Operating Income": 48,
        "EBIT": 81,
        "Net Income": 105
    },
    "2014-09-30": {
        "Diluted EPS": 1.36,
        "Total Revenue": 655,
        "Gross Profit": 342,
        "Operating Income": 42,
        "EBIT": 80,
        "Net Income": 85
    },
    "2014-06-30": {
        "Diluted EPS": 1.03,
        "Total Revenue": NaN,
        "Gross Profit": 539,
        "Operating Income": 119,
        "EBIT": 152,
        "Net Income": 65
    },
    "2014-03-31": {
        "Diluted EPS": 1.57,
        "Total Revenue": NaN,
        "Gross Profit": 508,
        "Operating Income": 166,
        "EBIT": 197,
        "Net Income": 99
    },
    "2013-12-31": {
        "Diluted EPS": 1.71,
        "Total Revenue": NaN,
        "Gross Profit": 512,
        "Operating Income": 181,
        "EBIT": 214,
        "Net Income": 108
    },
    "2013-09-30": {
        "Diluted EPS": 1.66,
        "Total Revenue": NaN,
        "Gross Profit": 502,
        "Operating Income": 182,
        "EBIT": 217,
        "Net Income": 105
    },
    "2013-06-30": {
        "Diluted EPS": 1.38,
        "Total Revenue": NaN,
        "Gross Profit": 510,
        "Operating Income": 141,
        "EBIT": 176,
        "Net Income": 87
    },
    "2013-03-31": {
        "Diluted EPS": 1.35,
        "Total Revenue": NaN,
        "Gross Profit": 531,
        "Operating Income": 156,
        "EBIT": 192,
        "Net Income": 85
    },
    "2012-12-31": {
        "Diluted EPS": 2.07,
        "Total Revenue": NaN,
        "Gross Profit": 562,
        "Operating Income": 230,
        "EBIT": 268,
        "Net Income": 130
    },
    "2012-09-30": {
        "Diluted EPS": 1.84,
        "Total Revenue": NaN,
        "Gross Profit": 527,
        "Operating Income": 182,
        "EBIT": 224,
        "Net Income": 117
    },
    "2012-06-30": {
        "Diluted EPS": 1.06,
        "Total Revenue": NaN,
        "Gross Profit": 529,
        "Operating Income": 125,
        "EBIT": 165,
        "Net Income": 70
    },
    "2012-03-31": {
        "Diluted EPS": 1.17,
        "Total Revenue": NaN,
        "Gross Profit": 517,
        "Operating Income": 146,
        "EBIT": 146,
        "Net Income": 78
    },
    "2011-12-31": {
        "Diluted EPS": 2.15,
        "Total Revenue": NaN,
        "Gross Profit": 565,
        "Operating Income": 228,
        "EBIT": 228,
        "Net Income": 144
    },
    "2011-09-30": {
        "Diluted EPS": 0.68,
        "Total Revenue": NaN,
        "Gross Profit": 546,
        "Operating Income": 159,
        "EBIT": 159,
        "Net Income": 46
    },
    "2011-06-30": {
        "Diluted EPS": 0.94,
        "Total Revenue": NaN,
        "Gross Profit": 573,
        "Operating Income": 174,
        "EBIT": 174,
        "Net Income": 66
    },
    "2011-03-31": {
        "Diluted EPS": 0.55,
        "Total Revenue": NaN,
        "Gross Profit": 471,
        "Operating Income": 128,
        "EBIT": 128,
        "Net Income": 39
    },
    "2010-12-31": {
        "Diluted EPS": 1.55,
        "Total Revenue": NaN,
        "Gross Profit": 556,
        "Operating Income": 197,
        "EBIT": 197,
        "Net Income": 110
    },
    "2010-09-30": {
        "Diluted EPS": 1.22,
        "Total Revenue": NaN,
        "Gross Profit": 494,
        "Operating Income": 106,
        "EBIT": 106,
        "Net Income": 85
    },
    "2010-06-30": {
        "Diluted EPS": 1.47,
        "Total Revenue": NaN,
        "Gross Profit": 518,
        "Operating Income": 164,
        "EBIT": 164,
        "Net Income": 104
    },
    "2010-03-31": {
        "Diluted EPS": 1.25,
        "Total Revenue": 935,
        "Gross Profit": 447,
        "Operating Income": 159,
        "EBIT": 159,
        "Net Income": 89
    },
    "2009-12-31": {
        "Diluted EPS": 1.78,
        "Total Revenue": NaN,
        "Gross Profit": 560,
        "Operating Income": 266,
        "EBIT": 266,
        "Net Income": 126
    },
    "2009-09-30": {
        "Diluted EPS": 0.41,
        "Total Revenue": NaN,
        "Gross Profit": 474,
        "Operating Income": 95,
        "EBIT": 95,
        "Net Income": 37
    },
    "2009-06-30": {
        "Diluted EPS": 1.13,
        "Total Revenue": 998,
        "Gross Profit": 458,
        "Operating Income": 139,
        "EBIT": 139,
        "Net Income": 73
    },
    "2009-03-31": {
        "Diluted EPS": 1.3,
        "Total Revenue": 880,
        "Gross Profit": 414,
        "Operating Income": 154,
        "EBIT": 154,
        "Net Income": 77
    },
    "2023-09-30": {
        "Tax Effect Of Unusual Items": -833618.233618,
        "Tax Rate For Calcs": 0.108262,
        "Normalized EBITDA": 84800000.0,
        "Total Unusual Items": -7700000.0,
        "Total Unusual Items Excluding Goodwill": -7700000.0,
        "Net Income From Continuing Operation Net Minority Interest": 31300000.0,
        "Reconciled Depreciation": 23300000.0,
        "Reconciled Cost Of Revenue": 303700000.0,
        "EBITDA": 77100000.0,
        "EBIT": 53800000.0,
        "Net Interest Income": -18700000.0,
        "Interest Expense": 18700000.0,
        "Normalized Income": 38166381.766382,
        "Net Income From Continuing And Discontinued Operation": 31300000.0,
        "Total Expenses": 472500000.0,
        "Total Operating Income As Reported": 53900000.0,
        "Diluted Average Shares": 51300000.0,
        "Basic Average Shares": 50600000.0,
        "Diluted EPS": 0.57,
        "Basic EPS": 0.58,
        "Diluted NI Availto Com Stockholders": 31300000.0,
        "Net Income Common Stockholders": 31300000.0,
        "Net Income": 31300000.0,
        "Net Income Including Noncontrolling Interests": 31300000.0,
        "Net Income Continuous Operations": 31300000.0,
        "Tax Provision": 3800000.0,
        "Pretax Income": 35100000.0,
        "Other Income Expense": -7800000.0,
        "Other Non Operating Income Expenses": -100000.0,
        "Special Income Charges": -7700000.0,
        "Write Off": NaN,
        "Restructuring And Mergern Acquisition": 7700000.0,
        "Net Non Operating Interest Income Expense": -18700000.0,
        "Interest Expense Non Operating": 18700000.0,
        "Operating Income": 61600000.0,
        "Operating Expense": 168800000.0,
        "Research And Development": 15900000.0,
        "Selling General And Administration": 152900000.0,
        "Selling And Marketing Expense": 40300000.0,
        "General And Administrative Expense": 112600000.0,
        "Other Gand A": 112600000.0,
        "Gross Profit": 230400000.0,
        "Cost Of Revenue": 303700000.0,
        "Total Revenue": 534100000.0,
        "Operating Revenue": 534100000.0
    },
    "2023-12-31": {
        "Tax Effect Of Unusual Items": -1366800.0,
        "Tax Rate For Calcs": 0.201,
        "Normalized EBITDA": 55100000.0,
        "Total Unusual Items": -6800000.0,
        "Total Unusual Items Excluding Goodwill": -6800000.0,
        "Net Income From Continuing Operation Net Minority Interest": 4800000.0,
        "Reconciled Depreciation": 22500000.0,
        "Reconciled Cost Of Revenue": 291200000.0,
        "EBITDA": 48300000.0,
        "EBIT": 25800000.0,
        "Net Interest Income": -19800000.0,
        "Interest Expense": 19800000.0,
        "Normalized Income": 10233200.0,
        "Net Income From Continuing And Discontinued Operation": 4800000.0,
        "Total Expenses": 456000000.0,
        "Total Operating Income As Reported": 26100000.0,
        "Diluted Average Shares": 50500000.0,
        "Basic Average Shares": 50100000.0,
        "Diluted EPS": 0.09,
        "Basic EPS": 0.1,
        "Diluted NI Availto Com Stockholders": 4800000.0,
        "Net Income Common Stockholders": 4800000.0,
        "Net Income": 4800000.0,
        "Net Income Including Noncontrolling Interests": 4800000.0,
        "Net Income Continuous Operations": 4800000.0,
        "Tax Provision": 1200000.0,
        "Pretax Income": 6000000.0,
        "Other Income Expense": -7100000.0,
        "Other Non Operating Income Expenses": -300000.0,
        "Special Income Charges": -6800000.0,
        "Write Off": 100000.0,
        "Restructuring And Mergern Acquisition": 6700000.0,
        "Net Non Operating Interest Income Expense": -19800000.0,
        "Interest Expense Non Operating": 19800000.0,
        "Operating Income": 32900000.0,
        "Operating Expense": 164800000.0,
        "Research And Development": 13300000.0,
        "Selling General And Administration": 151500000.0,
        "Selling And Marketing Expense": 48200000.0,
        "General And Administrative Expense": 103300000.0,
        "Other Gand A": 103300000.0,
        "Gross Profit": 197700000.0,
        "Cost Of Revenue": 291200000.0,
        "Total Revenue": 488900000.0,
        "Operating Revenue": 488900000.0
    },
    "2024-03-31": {
        "Tax Effect Of Unusual Items": -748800.0,
        "Tax Rate For Calcs": 0.234,
        "Normalized EBITDA": 93000000.0,
        "Total Unusual Items": -3200000.0,
        "Total Unusual Items Excluding Goodwill": -3200000.0,
        "Net Income From Continuing Operation Net Minority Interest": 36000000.0,
        "Reconciled Depreciation": 22400000.0,
        "Reconciled Cost Of Revenue": 341300000.0,
        "EBITDA": 89800000.0,
        "EBIT": 67400000.0,
        "Net Interest Income": -20400000.0,
        "Interest Expense": 20400000.0,
        "Normalized Income": 38451200.0,
        "Net Income From Continuing And Discontinued Operation": 36000000.0,
        "Total Expenses": 526100000.0,
        "Total Operating Income As Reported": 70100000.0,
        "Diluted Average Shares": 50200000.0,
        "Basic Average Shares": 49800000.0,
        "Diluted EPS": 0.72,
        "Basic EPS": 0.72,
        "Diluted NI Availto Com Stockholders": 36000000.0,
        "Net Income Common Stockholders": 36000000.0,
        "Net Income": 36000000.0,
        "Net Income Including Noncontrolling Interests": 36000000.0,
        "Net Income Continuous Operations": 36000000.0,
        "Tax Provision": 11000000.0,
        "Pretax Income": 47000000.0,
        "Other Income Expense": -5900000.0,
        "Other Non Operating Income Expenses": -2700000.0,
        "Special Income Charges": -3200000.0,
        "Write Off": 200000.0,
        "Restructuring And Mergern Acquisition": 3000000.0,
        "Net Non Operating Interest Income Expense": -20400000.0,
        "Interest Expense Non Operating": 20400000.0,
        "Operating Income": 73300000.0,
        "Operating Expense": 184800000.0,
        "Research And Development": 14200000.0,
        "Selling General And Administration": 170600000.0,
        "Selling And Marketing Expense": 63100000.0,
        "General And Administrative Expense": 107500000.0,
        "Other Gand A": 107500000.0,
        "Gross Profit": 258100000.0,
        "Cost Of Revenue": 341300000.0,
        "Total Revenue": 599400000.0,
        "Operating Revenue": 599400000.0
    },
    "2024-06-30": {
        "Tax Effect Of Unusual Items": -691200.0,
        "Tax Rate For Calcs": 0.216,
        "Normalized EBITDA": 106200000.0,
        "Total Unusual Items": -3200000.0,
        "Total Unusual Items Excluding Goodwill": -3200000.0,
        "Net Income From Continuing Operation Net Minority Interest": 49000000.0,
        "Reconciled Depreciation": 21700000.0,
        "Reconciled Cost Of Revenue": 360700000.0,
        "EBITDA": 103000000.0,
        "EBIT": 81300000.0,
        "Net Interest Income": -18800000.0,
        "Interest Expense": 18800000.0,
        "Normalized Income": 51508800.0,
        "Net Income From Continuing And Discontinued Operation": 49000000.0,
        "Total Expenses": 562000000.0,
        "Total Operating Income As Reported": 82700000.0,
        "Diluted Average Shares": 50100000.0,
        "Basic Average Shares": 49500000.0,
        "Diluted EPS": 0.98,
        "Basic EPS": 0.99,
        "Diluted NI Availto Com Stockholders": 49000000.0,
        "Net Income Common Stockholders": 49000000.0,
        "Net Income": 49000000.0,
        "Net Income Including Noncontrolling Interests": 49000000.0,
        "Net Income Continuous Operations": 49000000.0,
        "Tax Provision": 13500000.0,
        "Pretax Income": 62500000.0,
        "Other Income Expense": -4600000.0,
        "Other Non Operating Income Expenses": -1400000.0,
        "Special Income Charges": -3200000.0,
        "Write Off": 0.0,
        "Restructuring And Mergern Acquisition": 3200000.0,
        "Net Non Operating Interest Income Expense": -18800000.0,
        "Interest Expense Non Operating": 18800000.0,
        "Operating Income": 85800000.0,
        "Operating Expense": 201300000.0,
        "Research And Development": 14600000.0,
        "Selling General And Administration": 186700000.0,
        "Selling And Marketing Expense": 76600000.0,
        "General And Administrative Expense": 110100000.0,
        "Other Gand A": 110100000.0,
        "Gross Profit": 287100000.0,
        "Cost Of Revenue": 360700000.0,
        "Total Revenue": 647800000.0,
        "Operating Revenue": 647800000.0
    },
    "2024-09-30": {
        "Tax Effect Of Unusual Items": -4767000.0,
        "Tax Rate For Calcs": 0.21,
        "Normalized EBITDA": 67000000.0,
        "Total Unusual Items": -22700000.0,
        "Total Unusual Items Excluding Goodwill": -22700000.0,
        "Net Income From Continuing Operation Net Minority Interest": 8800000.0,
        "Reconciled Depreciation": 21400000.0,
        "Reconciled Cost Of Revenue": 304800000.0,
        "EBITDA": 44300000.0,
        "EBIT": 22900000.0,
        "Net Interest Income": -17500000.0,
        "Interest Expense": 17500000.0,
        "Normalized Income": 26733000.0,
        "Net Income From Continuing And Discontinued Operation": 8800000.0,
        "Total Expenses": 474400000.0,
        "Total Operating Income As Reported": 20400000.0,
        "Diluted Average Shares": 49900000.0,
        "Basic Average Shares": 49200000.0,
        "Diluted EPS": 0.17,
        "Basic EPS": 0.18,
        "Diluted NI Availto Com Stockholders": 8800000.0,
        "Net Income Common Stockholders": 8800000.0,
        "Net Income": 8800000.0,
        "Net Income Including Noncontrolling Interests": 8800000.0,
        "Net Income Continuous Operations": 8800000.0,
        "Tax Provision": -3400000.0,
        "Pretax Income": 5400000.0,
        "Other Income Expense": -20200000.0,
        "Other Non Operating Income Expenses": 2500000.0,
        "Special Income Charges": -22700000.0,
        "Write Off": 300000.0,
        "Restructuring And Mergern Acquisition": 22400000.0,
        "Net Non Operating Interest Income Expense": -17500000.0,
        "Interest Expense Non Operating": 17500000.0,
        "Operating Income": 43200000.0,
        "Operating Expense": 169600000.0,
        "Research And Development": 16300000.0,
        "Selling General And Administration": 153300000.0,
        "Selling And Marketing Expense": 44100000.0,
        "General And Administrative Expense": 109200000.0,
        "Other Gand A": 109200000.0,
        "Gross Profit": 212800000.0,
        "Cost Of Revenue": 304800000.0,
        "Total Revenue": 517600000.0,
        "Operating Revenue": 517600000.0
    },
    "2024-12-31": {
        "Tax Effect Of Unusual Items": -882000.0,
        "Tax Rate For Calcs": 0.21,
        "Normalized EBITDA": 43000000.0,
        "Total Unusual Items": -4200000.0,
        "Total Unusual Items Excluding Goodwill": -4200000.0,
        "Net Income From Continuing Operation Net Minority Interest": -2100000.0,
        "Reconciled Depreciation": 21700000.0,
        "Reconciled Cost Of Revenue": 286800000.0,
        "EBITDA": 38800000.0,
        "EBIT": 17100000.0,
        "Net Interest Income": -18800000.0,
        "Interest Expense": 18800000.0,
        "Normalized Income": 1218000.0,
        "Net Income From Continuing And Discontinued Operation": -2100000.0,
        "Total Expenses": 453900000.0,
        "Total Operating Income As Reported": 20300000.0,
        "Diluted Average Shares": 48700000.0,
        "Basic Average Shares": 48700000.0,
        "Diluted EPS": -0.04,
        "Basic EPS": -0.04,
        "Diluted NI Availto Com Stockholders": -2100000.0,
        "Net Income Common Stockholders": -2100000.0,
        "Net Income": -2100000.0,
        "Net Income Including Noncontrolling Interests": -2100000.0,
        "Net Income Continuous Operations": -2100000.0,
        "Tax Provision": 400000.0,
        "Pretax Income": -1700000.0,
        "Other Income Expense": -7400000.0,
        "Other Non Operating Income Expenses": -3200000.0,
        "Special Income Charges": -4200000.0,
        "Write Off": 1000000.0,
        "Restructuring And Mergern Acquisition": 3200000.0,
        "Net Non Operating Interest Income Expense": -18800000.0,
        "Interest Expense Non Operating": 18800000.0,
        "Operating Income": 24500000.0,
        "Operating Expense": 167100000.0,
        "Research And Development": 13900000.0,
        "Selling General And Administration": 153200000.0,
        "Selling And Marketing Expense": 50300000.0,
        "General And Administrative Expense": 102900000.0,
        "Other Gand A": 102900000.0,
        "Gross Profit": 191600000.0,
        "Cost Of Revenue": 286800000.0,
        "Total Revenue": 478400000.0,
        "Operating Revenue": 478400000.0
    }
}