{
    "2023-06-30": {
        "Tax Effect Of Unusual Items": 0.0,
        "Tax Rate For Calcs": 0.115435,
        "Total Unusual Items": 0.0,
        "Total Unusual Items Excluding Goodwill": 0.0,
        "Net Income From Continuing Operation Net Minority Interest": 11456000.0,
        "Reconciled Depreciation": 2218000.0,
        "Net Interest Income": 39429000.0,
        "Interest Expense": 21827000.0,
        "Interest Income": 61256000.0,
        "Normalized Income": 11456000.0,
        "Net Income From Continuing And Discontinued Operation": 11456000.0,
        "Diluted Average Shares": 15554255.0,
        "Basic Average Shares": 15468378.0,
        "Diluted EPS": 0.74,
        "Basic EPS": 0.74,
        "Diluted NI Availto Com Stockholders": 11456000.0,
        "Net Income Common Stockholders": 11456000.0,
        "Net Income": 11456000.0,
        "Net Income Including Noncontrolling Interests": 11456000.0,
        "Net Income Continuous Operations": 11456000.0,
        "Tax Provision": 1495000.0,
        "Pretax Income": 12951000.0,
        "Special Income Charges": 0.0,
        "Restructuring And Mergern Acquisition": 0.0,
        "Gain On Sale Of Security": -1322000.0,
        "Depreciation Amortization Depletion Income Statement": 918000.0,
        "Depreciation And Amortization In Income Statement": 918000.0,
        "Amortization": 918000.0,
        "Amortization Of Intangibles Income Statement": 918000.0,
        "Selling General And Administration": 17001000.0,
        "Selling And Marketing Expense": 1249000.0,
        "General And Administrative Expense": 15752000.0,
        "Insurance And Claims": 515000.0,
        "Salaries And Wages": 15237000.0,
        "Total Revenue": 45268000.0,
        "Operating Revenue": 45268000.0,
        "Occupancy And Equipment": 2940000.0,
        "Professional Expense And Contract Services Expense": 1645000.0,
        "Other Non Interest Expense": 9966000.0
    },
    "2023-03-31": {
        "Tax Effect Of Unusual Items": 0.0,
        "Tax Rate For Calcs": 0.17,
        "Total Unusual Items": 0.0,
        "Total Unusual Items Excluding Goodwill": 0.0,
        "Net Income From Continuing Operation Net Minority Interest": 12323000.0,
        "Reconciled Depreciation": 2207000.0,
        "Net Interest Income": 39110000.0,
        "Interest Expense": 17013000.0,
        "Interest Income": 56123000.0,
        "Normalized Income": 12323000.0,
        "Net Income From Continuing And Discontinued Operation": 12323000.0,
        "Diluted Average Shares": 16028051.0,
        "Basic Average Shares": 15858808.0,
        "Diluted EPS": 0.77,
        "Basic EPS": 0.78,
        "Diluted NI Availto Com Stockholders": 12323000.0,
        "Net Income Common Stockholders": 12323000.0,
        "Net Income": 12323000.0,
        "Net Income Including Noncontrolling Interests": 12323000.0,
        "Net Income Continuous Operations": 12323000.0,
        "Tax Provision": 2524000.0,
        "Pretax Income": 14847000.0,
        "Special Income Charges": 0.0,
        "Restructuring And Mergern Acquisition": 0.0,
        "Gain On Sale Of Security": 32000.0,
        "Depreciation Amortization Depletion Income Statement": 918000.0,
        "Depreciation And Amortization In Income Statement": 918000.0,
        "Amortization": 918000.0,
        "Amortization Of Intangibles Income Statement": 918000.0,
        "Selling General And Administration": 18211000.0,
        "Selling And Marketing Expense": 1159000.0,
        "General And Administrative Expense": 17052000.0,
        "Insurance And Claims": 360000.0,
        "Salaries And Wages": 16692000.0,
        "Total Revenue": 47606000.0,
        "Operating Revenue": 47606000.0,
        "Occupancy And Equipment": 2879000.0,
        "Professional Expense And Contract Services Expense": 1384000.0,
        "Other Non Interest Expense": 9195000.0
    },
    "2022-12-31": {
        "Tax Effect Of Unusual Items": 84754.029616,
        "Tax Rate For Calcs": 0.239418,
        "Total Unusual Items": 354000.0,
        "Total Unusual Items Excluding Goodwill": 354000.0,
        "Net Income From Continuing Operation Net Minority Interest": 11608000.0,
        "Reconciled Depreciation": 2217000.0,
        "Net Interest Income": 42031000.0,
        "Interest Expense": 11393000.0,
        "Interest Income": 53424000.0,
        "Normalized Income": 11338754.029616,
        "Net Income From Continuing And Discontinued Operation": 11608000.0,
        "Diluted Average Shares": 16204185.0,
        "Basic Average Shares": 15948360.0,
        "Diluted EPS": 0.72,
        "Basic EPS": 0.73,
        "Diluted NI Availto Com Stockholders": 11608000.0,
        "Net Income Common Stockholders": 11608000.0,
        "Net Income": 11608000.0,
        "Net Income Including Noncontrolling Interests": 11608000.0,
        "Net Income Continuous Operations": 11608000.0,
        "Tax Provision": 3654000.0,
        "Pretax Income": 15262000.0,
        "Special Income Charges": 354000.0,
        "Restructuring And Mergern Acquisition": -354000.0,
        "Gain On Sale Of Security": 14000.0,
        "Depreciation Amortization Depletion Income Statement": 924000.0,
        "Depreciation And Amortization In Income Statement": 924000.0,
        "Amortization": 924000.0,
        "Amortization Of Intangibles Income Statement": 924000.0,
        "Selling General And Administration": 4080000.0,
        "Selling And Marketing Expense": 1903000.0,
        "General And Administrative Expense": 2177000.0,
        "Insurance And Claims": 360000.0,
        "Salaries And Wages": 16113000.0,
        "Total Revenue": 49135000.0,
        "Operating Revenue": 49135000.0
    },
    "2022-09-30": {
        "Tax Effect Of Unusual Items": NaN,
        "Tax Rate For Calcs": NaN,
        "Total Unusual Items": NaN,
        "Total Unusual Items Excluding Goodwill": NaN,
        "Net Income From Continuing Operation Net Minority Interest": NaN,
        "Reconciled Depreciation": NaN,
        "Net Interest Income": NaN,
        "Interest Expense": NaN,
        "Interest Income": NaN,
        "Normalized Income": NaN,
        "Net Income From Continuing And Discontinued Operation": NaN,
        "Diluted Average Shares": NaN,
        "Basic Average Shares": NaN,
        "Diluted EPS": NaN,
        "Basic EPS": NaN,
        "Diluted NI Availto Com Stockholders": NaN,
        "Net Income Common Stockholders": NaN,
        "Net Income": NaN,
        "Net Income Including Noncontrolling Interests": NaN,
        "Net Income Continuous Operations": NaN,
        "Tax Provision": NaN,
        "Pretax Income": NaN,
        "Special Income Charges": NaN,
        "Restructuring And Mergern Acquisition": NaN,
        "Gain On Sale Of Security": NaN,
        "Depreciation Amortization Depletion Income Statement": NaN,
        "Depreciation And Amortization In Income Statement": NaN,
        "Amortization": NaN,
        "Amortization Of Intangibles Income Statement": NaN,
        "Selling General And Administration": NaN,
        "Selling And Marketing Expense": NaN,
        "General And Administrative Expense": NaN,
        "Other Gand A": 5061000.0,
        "Insurance And Claims": NaN,
        "Salaries And Wages": NaN,
        "Total Revenue": NaN,
        "Operating Revenue": NaN
    },
    "2022-06-30": {
        "Tax Effect Of Unusual Items": 44925.219855,
        "Tax Rate For Calcs": 0.099392,
        "Total Unusual Items": 452000.0,
        "Total Unusual Items Excluding Goodwill": 452000.0,
        "Net Income From Continuing Operation Net Minority Interest": 15259000.0,
        "Reconciled Depreciation": 1111000.0,
        "Net Interest Income": 39566000.0,
        "Interest Expense": 4058000.0,
        "Interest Income": 43624000.0,
        "Normalized Income": 14851925.219855,
        "Net Income From Continuing And Discontinued Operation": 15259000.0,
        "Diluted Average Shares": 16312953.0,
        "Basic Average Shares": 16106683.0,
        "Diluted EPS": 0.94,
        "Basic EPS": 0.95,
        "Diluted NI Availto Com Stockholders": 15259000.0,
        "Net Income Common Stockholders": 15259000.0,
        "Net Income": 15259000.0,
        "Net Income Including Noncontrolling Interests": 15259000.0,
        "Net Income Continuous Operations": 15259000.0,
        "Tax Provision": 1684000.0,
        "Pretax Income": 16943000.0,
        "Special Income Charges": 452000.0,
        "Restructuring And Mergern Acquisition": -452000.0,
        "Gain On Sale Of Security": -32000.0,
        "Depreciation Amortization Depletion Income Statement": 1111000.0,
        "Depreciation And Amortization In Income Statement": 1111000.0,
        "Amortization": 1111000.0,
        "Amortization Of Intangibles Income Statement": 1111000.0,
        "Selling General And Administration": 21188000.0,
        "Selling And Marketing Expense": 972000.0,
        "General And Administrative Expense": 20216000.0,
        "Other Gand A": 4573000.0,
        "Insurance And Claims": 260000.0,
        "Salaries And Wages": 15383000.0,
        "Total Revenue": 47915000.0,
        "Operating Revenue": 47915000.0
    },
    "2022-03-31": {
        "Diluted EPS": 0.93,
        "Total Revenue": 52,
        "Gross Profit": 48,
        "Operating Income": 20,
        "EBIT": NaN,
        "Net Income": 16
    },
    "2021-12-31": {
        "Diluted EPS": 0.58,
        "Total Revenue": 50,
        "Gross Profit": 46,
        "Operating Income": 15,
        "EBIT": NaN,
        "Net Income": 10
    },
    "2021-09-30": {
        "Diluted EPS": 0.8,
        "Total Revenue": 50,
        "Gross Profit": 47,
        "Operating Income": 19,
        "EBIT": NaN,
        "Net Income": 12
    },
    "2021-06-30": {
        "Diluted EPS": 1.03,
        "Total Revenue": 47,
        "Gross Profit": 44,
        "Operating Income": 20,
        "EBIT": NaN,
        "Net Income": 15
    },
    "2021-03-31": {
        "Diluted EPS": 1.02,
        "Total Revenue": 43,
        "Gross Profit": 38,
        "Operating Income": 19,
        "EBIT": NaN,
        "Net Income": 15
    },
    "2020-12-31": {
        "Diluted EPS": 0.85,
        "Total Revenue": 48,
        "Gross Profit": 44,
        "Operating Income": 15,
        "EBIT": NaN,
        "Net Income": 12
    },
    "2020-09-30": {
        "Diluted EPS": -6.01,
        "Total Revenue": 44,
        "Gross Profit": 39,
        "Operating Income": -93,
        "EBIT": NaN,
        "Net Income": -90
    },
    "2020-06-30": {
        "Diluted EPS": 0.11,
        "Total Revenue": 44,
        "Gross Profit": 39,
        "Operating Income": 2,
        "EBIT": NaN,
        "Net Income": 2
    },
    "2020-03-31": {
        "Diluted EPS": 0.08,
        "Total Revenue": 46,
        "Gross Profit": 37,
        "Operating Income": 2,
        "EBIT": NaN,
        "Net Income": 1
    },
    "2019-12-31": {
        "Diluted EPS": 0.63,
        "Total Revenue": 50,
        "Gross Profit": 39,
        "Operating Income": 13,
        "EBIT": NaN,
        "Net Income": 10
    },
    "2019-09-30": {
        "Diluted EPS": 0.66,
        "Total Revenue": 51,
        "Gross Profit": 38,
        "Operating Income": 13,
        "EBIT": NaN,
        "Net Income": 10
    },
    "2019-06-30": {
        "Diluted EPS": 0.58,
        "Total Revenue": 51,
        "Gross Profit": 38,
        "Operating Income": 12,
        "EBIT": NaN,
        "Net Income": 9
    },
    "2019-03-31": {
        "Diluted EPS": -0.26,
        "Total Revenue": 49,
        "Gross Profit": 36,
        "Operating Income": -5,
        "EBIT": NaN,
        "Net Income": -4
    },
    "2018-12-31": {
        "Diluted EPS": 0.62,
        "Total Revenue": 51,
        "Gross Profit": 39,
        "Operating Income": 14,
        "EBIT": NaN,
        "Net Income": 10
    },
    "2018-09-30": {
        "Diluted EPS": 0.64,
        "Total Revenue": 48,
        "Gross Profit": 38,
        "Operating Income": 14,
        "EBIT": NaN,
        "Net Income": 10
    },
    "2018-06-30": {
        "Diluted EPS": 0.44,
        "Total Revenue": 43,
        "Gross Profit": 36,
        "Operating Income": 14,
        "EBIT": NaN,
        "Net Income": 7
    },
    "2018-03-31": {
        "Diluted EPS": 0.58,
        "Total Revenue": 38,
        "Gross Profit": 32,
        "Operating Income": 12,
        "EBIT": NaN,
        "Net Income": 9
    },
    "2017-12-31": {
        "Diluted EPS": 0.3,
        "Total Revenue": 34,
        "Gross Profit": 29,
        "Operating Income": 11,
        "EBIT": NaN,
        "Net Income": 4
    },
    "2017-09-30": {
        "Diluted EPS": 0.41,
        "Total Revenue": 29,
        "Gross Profit": 24,
        "Operating Income": 8,
        "EBIT": NaN,
        "Net Income": 5
    },
    "2017-06-30": {
        "Diluted EPS": 0.51,
        "Total Revenue": 29,
        "Gross Profit": 25,
        "Operating Income": 10,
        "EBIT": NaN,
        "Net Income": 6
    },
    "2017-03-31": {
        "Diluted EPS": 0.4,
        "Total Revenue": 27,
        "Gross Profit": 23,
        "Operating Income": 8,
        "EBIT": NaN,
        "Net Income": 5
    },
    "2016-12-31": {
        "Diluted EPS": 0.0,
        "Total Revenue": 21,
        "Gross Profit": 18,
        "Operating Income": 6,
        "EBIT": NaN,
        "Net Income": 0
    },
    "2016-09-30": {
        "Diluted EPS": 0.32,
        "Total Revenue": 17,
        "Gross Profit": 15,
        "Operating Income": 4,
        "EBIT": NaN,
        "Net Income": 3
    },
    "2016-06-30": {
        "Diluted EPS": 0.34,
        "Total Revenue": 17,
        "Gross Profit": 15,
        "Operating Income": 4,
        "EBIT": NaN,
        "Net Income": 3
    },
    "2016-03-31": {
        "Diluted EPS": 0.41,
        "Total Revenue": 18,
        "Gross Profit": 15,
        "Operating Income": 5,
        "EBIT": NaN,
        "Net Income": 3
    },
    "2015-12-31": {
        "Diluted EPS": 0.33,
        "Total Revenue": 18,
        "Gross Profit": 16,
        "Operating Income": 4,
        "EBIT": NaN,
        "Net Income": 3
    },
    "2015-09-30": {
        "Diluted EPS": 0.43,
        "Total Revenue": 15,
        "Gross Profit": 13,
        "Operating Income": 4,
        "EBIT": NaN,
        "Net Income": 3
    },
    "2015-06-30": {
        "Diluted EPS": 0.4,
        "Total Revenue": 15,
        "Gross Profit": 14,
        "Operating Income": 4,
        "EBIT": NaN,
        "Net Income": 3
    },
    "2015-03-31": {
        "Diluted EPS": 0.38,
        "Total Revenue": 15,
        "Gross Profit": 13,
        "Operating Income": 4,
        "EBIT": NaN,
        "Net Income": 2
    },
    "2014-12-31": {
        "Diluted EPS": 0.0,
        "Total Revenue": NaN,
        "Gross Profit": NaN,
        "Operating Income": NaN,
        "EBIT": NaN,
        "Net Income": NaN
    },
    "2014-09-30": {
        "Diluted EPS": 0.38,
        "Total Revenue": 15,
        "Gross Profit": 13,
        "Operating Income": 4,
        "EBIT": NaN,
        "Net Income": 2
    },
    "2013-12-31": {
        "Diluted EPS": 0.0,
        "Total Revenue": NaN,
        "Gross Profit": NaN,
        "Operating Income": NaN,
        "EBIT": NaN,
        "Net Income": NaN
    },
    "2023-09-30": {
        "Tax Effect Of Unusual Items": NaN,
        "Tax Rate For Calcs": NaN,
        "Total Unusual Items": NaN,
        "Total Unusual Items Excluding Goodwill": NaN,
        "Net Income From Continuing Operation Net Minority Interest": NaN,
        "Reconciled Depreciation": NaN,
        "Net Interest Income": NaN,
        "Interest Expense": NaN,
        "Interest Income": NaN,
        "Normalized Income": NaN,
        "Net Income From Continuing And Discontinued Operation": NaN,
        "Diluted Average Shares": 15507172.0,
        "Basic Average Shares": 15404992.0,
        "Diluted EPS": 0.8,
        "Basic EPS": 0.8,
        "Diluted NI Availto Com Stockholders": NaN,
        "Net Income Common Stockholders": NaN,
        "Net Income": NaN,
        "Net Income Including Noncontrolling Interests": NaN,
        "Net Income Continuous Operations": NaN,
        "Tax Provision": NaN,
        "Pretax Income": NaN,
        "Special Income Charges": NaN,
        "Restructuring And Mergern Acquisition": NaN,
        "Gain On Sale Of Security": NaN,
        "Depreciation Amortization Depletion Income Statement": NaN,
        "Depreciation And Amortization In Income Statement": NaN,
        "Amortization": NaN,
        "Amortization Of Intangibles Income Statement": NaN,
        "Selling General And Administration": NaN,
        "Selling And Marketing Expense": NaN,
        "General And Administrative Expense": NaN,
        "Insurance And Claims": NaN,
        "Salaries And Wages": NaN,
        "Total Revenue": NaN,
        "Operating Revenue": NaN,
        "Occupancy And Equipment": NaN,
        "Professional Expense And Contract Services Expense": NaN,
        "Other Non Interest Expense": NaN
    },
    "2023-12-31": {
        "Tax Effect Of Unusual Items": -85057.217067,
        "Tax Rate For Calcs": 0.286388,
        "Total Unusual Items": -297000.0,
        "Total Unusual Items Excluding Goodwill": -297000.0,
        "Net Income From Continuing Operation Net Minority Interest": -28299000.0,
        "Reconciled Depreciation": 2085000.0,
        "Net Interest Income": 39467000.0,
        "Interest Expense": 24827000.0,
        "Interest Income": 64294000.0,
        "Normalized Income": -28087057.217067,
        "Net Income From Continuing And Discontinued Operation": -28299000.0,
        "Diluted Average Shares": 15417200.0,
        "Basic Average Shares": 15417200.0,
        "Diluted EPS": -1.84,
        "Basic EPS": -1.84,
        "Diluted NI Availto Com Stockholders": -28299000.0,
        "Net Income Common Stockholders": -28299000.0,
        "Net Income": -28299000.0,
        "Net Income Including Noncontrolling Interests": -28299000.0,
        "Net Income Continuous Operations": -28299000.0,
        "Tax Provision": -11357000.0,
        "Pretax Income": -39656000.0,
        "Special Income Charges": -297000.0,
        "Restructuring And Mergern Acquisition": 297000.0,
        "Gain On Sale Of Security": -50618000.0,
        "Depreciation Amortization Depletion Income Statement": 739000.0,
        "Depreciation And Amortization In Income Statement": 739000.0,
        "Amortization": 739000.0,
        "Amortization Of Intangibles Income Statement": 739000.0,
        "Selling General And Administration": 18856000.0,
        "Selling And Marketing Expense": 1598000.0,
        "General And Administrative Expense": 17258000.0,
        "Insurance And Claims": 660000.0,
        "Salaries And Wages": 16598000.0,
        "Total Revenue": -4557000.0,
        "Operating Revenue": -4557000.0,
        "Occupancy And Equipment": 3244000.0,
        "Professional Expense And Contract Services Expense": 1413000.0,
        "Other Non Interest Expense": 9786000.0
    },
    "2024-03-31": {
        "Tax Effect Of Unusual Items": -65705.084173,
        "Tax Rate For Calcs": 0.207927,
        "Total Unusual Items": -316000.0,
        "Total Unusual Items Excluding Goodwill": -316000.0,
        "Net Income From Continuing Operation Net Minority Interest": 14068000.0,
        "Reconciled Depreciation": 2352000.0,
        "Net Interest Income": 44182000.0,
        "Interest Expense": 27585000.0,
        "Interest Income": 71767000.0,
        "Normalized Income": 14318294.915827,
        "Net Income From Continuing And Discontinued Operation": 14068000.0,
        "Diluted Average Shares": 15569225.0,
        "Basic Average Shares": 15425709.0,
        "Diluted EPS": 0.9,
        "Basic EPS": 0.91,
        "Diluted NI Availto Com Stockholders": 14068000.0,
        "Net Income Common Stockholders": 14068000.0,
        "Net Income": 14068000.0,
        "Net Income Including Noncontrolling Interests": 14068000.0,
        "Net Income Continuous Operations": 14068000.0,
        "Tax Provision": 3693000.0,
        "Pretax Income": 17761000.0,
        "Special Income Charges": -316000.0,
        "Restructuring And Mergern Acquisition": 316000.0,
        "Gain On Sale Of Security": 43000.0,
        "Depreciation Amortization Depletion Income Statement": 899000.0,
        "Depreciation And Amortization In Income Statement": 899000.0,
        "Amortization": 899000.0,
        "Amortization Of Intangibles Income Statement": 899000.0,
        "Selling General And Administration": 19906000.0,
        "Selling And Marketing Expense": 1238000.0,
        "General And Administrative Expense": 18668000.0,
        "Insurance And Claims": 571000.0,
        "Salaries And Wages": 18097000.0,
        "Total Revenue": 50782000.0,
        "Operating Revenue": 50782000.0,
        "Occupancy And Equipment": 3535000.0,
        "Professional Expense And Contract Services Expense": 1392000.0,
        "Other Non Interest Expense": 9261000.0
    },
    "2024-06-30": {
        "Tax Effect Of Unusual Items": -626096.085409,
        "Tax Rate For Calcs": 0.281139,
        "Total Unusual Items": -2227000.0,
        "Total Unusual Items Excluding Goodwill": -2227000.0,
        "Net Income From Continuing Operation Net Minority Interest": 11716000.0,
        "Reconciled Depreciation": 2687000.0,
        "Net Interest Income": 46476000.0,
        "Interest Expense": 28656000.0,
        "Interest Income": 75132000.0,
        "Normalized Income": 13316903.914591,
        "Net Income From Continuing And Discontinued Operation": 11716000.0,
        "Diluted Average Shares": 15377980.0,
        "Basic Average Shares": 15248703.0,
        "Diluted EPS": 0.76,
        "Basic EPS": 0.77,
        "Diluted NI Availto Com Stockholders": 11716000.0,
        "Net Income Common Stockholders": 11716000.0,
        "Net Income": 11716000.0,
        "Net Income Including Noncontrolling Interests": 11716000.0,
        "Net Income Continuous Operations": 11716000.0,
        "Tax Provision": 4582000.0,
        "Pretax Income": 16298000.0,
        "Special Income Charges": -2227000.0,
        "Restructuring And Mergern Acquisition": 2227000.0,
        "Gain On Sale Of Security": -27000.0,
        "Depreciation Amortization Depletion Income Statement": 1218000.0,
        "Depreciation And Amortization In Income Statement": 1218000.0,
        "Amortization": 1218000.0,
        "Amortization Of Intangibles Income Statement": 1218000.0,
        "Selling General And Administration": 19708000.0,
        "Selling And Marketing Expense": 1291000.0,
        "General And Administrative Expense": 18417000.0,
        "Insurance And Claims": 590000.0,
        "Salaries And Wages": 17827000.0,
        "Total Revenue": 53648000.0,
        "Operating Revenue": 53648000.0,
        "Occupancy And Equipment": 3787000.0,
        "Professional Expense And Contract Services Expense": 1778000.0,
        "Other Non Interest Expense": 9367000.0
    },
    "2024-09-30": {
        "Tax Effect Of Unusual Items": 35571.0,
        "Tax Rate For Calcs": 0.167,
        "Total Unusual Items": 213000.0,
        "Total Unusual Items Excluding Goodwill": 213000.0,
        "Net Income From Continuing Operation Net Minority Interest": 19851000.0,
        "Reconciled Depreciation": 2629000.0,
        "Net Interest Income": 46031000.0,
        "Interest Expense": 28934000.0,
        "Interest Income": 74965000.0,
        "Normalized Income": 19673571.0,
        "Net Income From Continuing And Discontinued Operation": 19851000.0,
        "Diluted Average Shares": 15451545.0,
        "Basic Average Shares": 15258822.0,
        "Diluted EPS": 1.28,
        "Basic EPS": 1.3,
        "Diluted NI Availto Com Stockholders": 19851000.0,
        "Net Income Common Stockholders": 19851000.0,
        "Net Income": 19851000.0,
        "Net Income Including Noncontrolling Interests": 19851000.0,
        "Net Income Continuous Operations": 19851000.0,
        "Tax Provision": 3986000.0,
        "Pretax Income": 23837000.0,
        "Special Income Charges": 213000.0,
        "Restructuring And Mergern Acquisition": -213000.0,
        "Gain On Sale Of Security": 206000.0,
        "Depreciation Amortization Depletion Income Statement": 1112000.0,
        "Depreciation And Amortization In Income Statement": 1112000.0,
        "Amortization": 1112000.0,
        "Amortization Of Intangibles Income Statement": 1112000.0,
        "Selling General And Administration": 20522000.0,
        "Selling And Marketing Expense": 1368000.0,
        "General And Administrative Expense": 19154000.0,
        "Insurance And Claims": 660000.0,
        "Salaries And Wages": 18494000.0,
        "Total Revenue": 53825000.0,
        "Operating Revenue": 53825000.0,
        "Occupancy And Equipment": 3478000.0,
        "Professional Expense And Contract Services Expense": 1487000.0,
        "Other Non Interest Expense": 2424000.0
    },
    "2024-12-31": {
        "Tax Effect Of Unusual Items": 0.0,
        "Tax Rate For Calcs": 0.16674,
        "Total Unusual Items": 0.0,
        "Total Unusual Items Excluding Goodwill": 0.0,
        "Net Income From Continuing Operation Net Minority Interest": 16986000.0,
        "Reconciled Depreciation": 2592000.0,
        "Net Interest Income": 49473000.0,
        "Interest Expense": 25506000.0,
        "Interest Income": 74979000.0,
        "Normalized Income": 16986000.0,
        "Net Income From Continuing And Discontinued Operation": 16986000.0,
        "Diluted Average Shares": 16262965.0,
        "Basic Average Shares": 16020938.0,
        "Diluted EPS": 1.04,
        "Basic EPS": 1.06,
        "Diluted NI Availto Com Stockholders": 16986000.0,
        "Net Income Common Stockholders": 16986000.0,
        "Net Income": 16986000.0,
        "Net Income Including Noncontrolling Interests": 16986000.0,
        "Net Income Continuous Operations": 16986000.0,
        "Tax Provision": 3399000.0,
        "Pretax Income": 20385000.0,
        "Special Income Charges": 0.0,
        "Restructuring And Mergern Acquisition": 0.0,
        "Gain On Sale Of Security": -2000.0,
        "Depreciation Amortization Depletion Income Statement": 1060000.0,
        "Depreciation And Amortization In Income Statement": 1060000.0,
        "Amortization": 1060000.0,
        "Amortization Of Intangibles Income Statement": 1060000.0,
        "Selling General And Administration": 20499000.0,
        "Selling And Marketing Expense": 1469000.0,
        "General And Administrative Expense": 19030000.0,
        "Insurance And Claims": 662000.0,
        "Salaries And Wages": 18368000.0,
        "Total Revenue": 57575000.0,
        "Operating Revenue": 57575000.0,
        "Occupancy And Equipment": 3571000.0,
        "Professional Expense And Contract Services Expense": 1846000.0,
        "Other Non Interest Expense": 10118000.0
    },
    "2025-03-31": {
        "Tax Effect Of Unusual Items": -13332.0,
        "Tax Rate For Calcs": 0.202,
        "Total Unusual Items": -66000.0,
        "Total Unusual Items Excluding Goodwill": -66000.0,
        "Net Income From Continuing Operation Net Minority Interest": 15041000.0,
        "Reconciled Depreciation": 2662000.0,
        "Net Interest Income": 50292000.0,
        "Interest Expense": 24392000.0,
        "Interest Income": 74684000.0,
        "Normalized Income": 15093668.0,
        "Net Income From Continuing And Discontinued Operation": 15041000.0,
        "Diluted Average Shares": 17666834.0,
        "Basic Average Shares": 17490062.0,
        "Diluted EPS": 0.85,
        "Basic EPS": 0.86,
        "Diluted NI Availto Com Stockholders": 15041000.0,
        "Net Income Common Stockholders": 15041000.0,
        "Net Income": 15041000.0,
        "Net Income Including Noncontrolling Interests": 15041000.0,
        "Net Income Continuous Operations": 15041000.0,
        "Tax Provision": 3809000.0,
        "Pretax Income": 18850000.0,
        "Special Income Charges": -66000.0,
        "Restructuring And Mergern Acquisition": 66000.0,
        "Gain On Sale Of Security": 12000.0,
        "Depreciation Amortization Depletion Income Statement": 1045000.0,
        "Depreciation And Amortization In Income Statement": 1045000.0,
        "Amortization": 1045000.0,
        "Amortization Of Intangibles Income Statement": 1045000.0,
        "Selling General And Administration": 21928000.0,
        "Selling And Marketing Expense": 1344000.0,
        "General And Administrative Expense": 20584000.0,
        "Insurance And Claims": 630000.0,
        "Salaries And Wages": 19954000.0,
        "Total Revenue": 59978000.0,
        "Operating Revenue": 59978000.0,
        "Occupancy And Equipment": 3675000.0,
        "Professional Expense And Contract Services Expense": 1527000.0,
        "Other Non Interest Expense": 10167000.0
    },
    "2025-06-30": {
        "Tax Effect Of Unusual Items": -290218.932012,
        "Tax Rate For Calcs": 0.169125,
        "Total Unusual Items": -1716000.0,
        "Total Unusual Items Excluding Goodwill": -1716000.0,
        "Net Income From Continuing Operation Net Minority Interest": 15264000.0,
        "Reconciled Depreciation": 2659000.0,
        "Net Interest Income": 49802000.0,
        "Interest Expense": 24385000.0,
        "Interest Income": 74187000.0,
        "Normalized Income": 16689781.067988,
        "Net Income From Continuing And Discontinued Operation": 15264000.0,
        "Diluted Average Shares": 17651298.0,
        "Basic Average Shares": 17524296.0,
        "Diluted EPS": 0.86,
        "Basic EPS": 0.87,
        "Diluted NI Availto Com Stockholders": 15264000.0,
        "Net Income Common Stockholders": 15264000.0,
        "Net Income": 15264000.0,
        "Net Income Including Noncontrolling Interests": 15264000.0,
        "Net Income Continuous Operations": 15264000.0,
        "Tax Provision": 3107000.0,
        "Pretax Income": 18371000.0,
        "Special Income Charges": -1716000.0,
        "Restructuring And Mergern Acquisition": 355000.0,
        "Gain On Sale Of Security": 12000.0,
        "Depreciation Amortization Depletion Income Statement": 1016000.0,
        "Depreciation And Amortization In Income Statement": 1016000.0,
        "Amortization": 1016000.0,
        "Amortization Of Intangibles Income Statement": 1016000.0,
        "Selling General And Administration": 21407000.0,
        "Selling And Marketing Expense": 1208000.0,
        "General And Administrative Expense": 20199000.0,
        "Insurance And Claims": 464000.0,
        "Salaries And Wages": 19735000.0,
        "Total Revenue": 57562000.0,
        "Operating Revenue": 57562000.0,
        "Occupancy And Equipment": 3482000.0,
        "Professional Expense And Contract Services Expense": 1361000.0,
        "Other Non Interest Expense": 10191000.0
    },
    "2025-09-30": {
        "Tax Effect Of Unusual Items": -1262370.871756,
        "Tax Rate For Calcs": 0.204831,
        "Total Unusual Items": -6163000.0,
        "Total Unusual Items Excluding Goodwill": -6163000.0,
        "Net Income From Continuing Operation Net Minority Interest": -29663000.0,
        "Reconciled Depreciation": 2967000.0,
        "Net Interest Income": 62485000.0,
        "Interest Expense": 28613000.0,
        "Interest Income": 91098000.0,
        "Normalized Income": -24762370.871756,
        "Net Income From Continuing And Discontinued Operation": -29663000.0,
        "Diluted Average Shares": 19129726.0,
        "Basic Average Shares": 19129726.0,
        "Diluted EPS": -1.55,
        "Basic EPS": -1.55,
        "Diluted NI Availto Com Stockholders": -29663000.0,
        "Net Income Common Stockholders": -29663000.0,
        "Net Income": -29663000.0,
        "Net Income Including Noncontrolling Interests": -29663000.0,
        "Net Income Continuous Operations": -29663000.0,
        "Tax Provision": -7641000.0,
        "Pretax Income": -37304000.0,
        "Special Income Charges": -6163000.0,
        "Restructuring And Mergern Acquisition": 6163000.0,
        "Gain On Sale Of Security": -53352000.0,
        "Depreciation Amortization Depletion Income Statement": 1182000.0,
        "Depreciation And Amortization In Income Statement": 1182000.0,
        "Amortization": 1182000.0,
        "Amortization Of Intangibles Income Statement": 1182000.0,
        "Selling General And Administration": 24731000.0,
        "Selling And Marketing Expense": 1305000.0,
        "General And Administrative Expense": 23426000.0,
        "Insurance And Claims": 653000.0,
        "Salaries And Wages": 22773000.0,
        "Total Revenue": 17091000.0,
        "Operating Revenue": 17091000.0,
        "Occupancy And Equipment": 4317000.0,
        "Professional Expense And Contract Services Expense": 1670000.0,
        "Other Non Interest Expense": 10107000.0
    }
}