{
    "2023-03-31": {
        "Tax Effect Of Unusual Items": NaN,
        "Tax Rate For Calcs": NaN,
        "Net Income From Continuing Operation Net Minority Interest": NaN,
        "Reconciled Depreciation": NaN,
        "EBIT": NaN,
        "Net Interest Income": NaN,
        "Interest Expense": NaN,
        "Normalized Income": NaN,
        "Net Income From Continuing And Discontinued Operation": NaN,
        "Total Expenses": NaN,
        "Diluted Average Shares": NaN,
        "Basic Average Shares": NaN,
        "Diluted EPS": NaN,
        "Basic EPS": NaN,
        "Diluted NI Availto Com Stockholders": NaN,
        "Net Income Common Stockholders": NaN,
        "Preferred Stock Dividends": NaN,
        "Net Income": NaN,
        "Minority Interests": NaN,
        "Net Income Including Noncontrolling Interests": NaN,
        "Net Income Continuous Operations": NaN,
        "Tax Provision": NaN,
        "Pretax Income": NaN,
        "Other Income Expense": NaN,
        "Net Non Operating Interest Income Expense": NaN,
        "Interest Expense Non Operating": NaN,
        "Other Operating Expenses": NaN,
        "Selling General And Administration": NaN,
        "General And Administrative Expense": NaN,
        "Salaries And Wages": NaN,
        "Total Revenue": NaN,
        "Operating Revenue": NaN,
        "Loss Adjustment Expense": NaN,
        "Net Policyholder Benefits And Claims": NaN,
        "Policyholder Benefits Gross": NaN,
        "Policyholder Benefits Ceded": 165000000.0
    },
    "2022-12-31": {
        "Tax Effect Of Unusual Items": 0.0,
        "Tax Rate For Calcs": 0.225841,
        "Net Income From Continuing Operation Net Minority Interest": -789000000.0,
        "Reconciled Depreciation": 227000000.0,
        "EBIT": -868000000.0,
        "Net Interest Income": -53000000.0,
        "Interest Expense": 53000000.0,
        "Normalized Income": -789000000.0,
        "Net Income From Continuing And Discontinued Operation": -789000000.0,
        "Total Expenses": 2817000000.0,
        "Diluted Average Shares": 371500000.0,
        "Basic Average Shares": 368600000.0,
        "Diluted EPS": 0.097667,
        "Basic EPS": 0.097667,
        "Diluted NI Availto Com Stockholders": -815000000.0,
        "Net Income Common Stockholders": -815000000.0,
        "Preferred Stock Dividends": 26000000.0,
        "Net Income": -789000000.0,
        "Minority Interests": -76000000.0,
        "Net Income Including Noncontrolling Interests": -713000000.0,
        "Net Income Continuous Operations": -713000000.0,
        "Tax Provision": -208000000.0,
        "Pretax Income": -921000000.0,
        "Other Income Expense": 213000000.0,
        "Net Non Operating Interest Income Expense": -53000000.0,
        "Interest Expense Non Operating": 53000000.0,
        "Other Operating Expenses": 572000000.0,
        "Selling General And Administration": 520000000.0,
        "General And Administrative Expense": 520000000.0,
        "Salaries And Wages": 520000000.0,
        "Total Revenue": 1896000000.0,
        "Operating Revenue": 1896000000.0
    },
    "2022-09-30": {
        "Tax Effect Of Unusual Items": 0.0,
        "Tax Rate For Calcs": 0.21957,
        "Net Income From Continuing Operation Net Minority Interest": 273000000.0,
        "Reconciled Depreciation": 216000000.0,
        "EBIT": 470000000.0,
        "Net Interest Income": -51000000.0,
        "Interest Expense": 51000000.0,
        "Normalized Income": 273000000.0,
        "Net Income From Continuing And Discontinued Operation": 273000000.0,
        "Total Expenses": 2590000000.0,
        "Diluted Average Shares": 376800000.0,
        "Basic Average Shares": 374500000.0,
        "Diluted EPS": 0.69,
        "Basic EPS": 0.69,
        "Diluted NI Availto Com Stockholders": 259000000.0,
        "Net Income Common Stockholders": 259000000.0,
        "Preferred Stock Dividends": 14000000.0,
        "Net Income": 273000000.0,
        "Minority Interests": -54000000.0,
        "Net Income Including Noncontrolling Interests": 327000000.0,
        "Net Income Continuous Operations": 327000000.0,
        "Tax Provision": 92000000.0,
        "Pretax Income": 419000000.0,
        "Other Income Expense": 197000000.0,
        "Net Non Operating Interest Income Expense": -51000000.0,
        "Interest Expense Non Operating": 51000000.0,
        "Other Operating Expenses": 497000000.0,
        "Selling General And Administration": 566000000.0,
        "General And Administrative Expense": 566000000.0,
        "Salaries And Wages": 566000000.0,
        "Total Revenue": 3009000000.0,
        "Operating Revenue": 3009000000.0
    },
    "2022-06-30": {
        "Tax Effect Of Unusual Items": 0.0,
        "Tax Rate For Calcs": 0.208482,
        "Net Income From Continuing Operation Net Minority Interest": 1728000000.0,
        "Reconciled Depreciation": 191000000.0,
        "EBIT": 2290000000.0,
        "Net Interest Income": -50000000.0,
        "Interest Expense": 50000000.0,
        "Normalized Income": 1728000000.0,
        "Net Income From Continuing And Discontinued Operation": 1728000000.0,
        "Total Expenses": 2928000000.0,
        "Diluted Average Shares": 380600000.0,
        "Basic Average Shares": 378900000.0,
        "Diluted EPS": 2.47,
        "Basic EPS": 2.48,
        "Diluted NI Availto Com Stockholders": 1702000000.0,
        "Net Income Common Stockholders": 1702000000.0,
        "Preferred Stock Dividends": 26000000.0,
        "Net Income": 1728000000.0,
        "Minority Interests": -45000000.0,
        "Net Income Including Noncontrolling Interests": 1773000000.0,
        "Net Income Continuous Operations": 1773000000.0,
        "Tax Provision": 467000000.0,
        "Pretax Income": 2240000000.0,
        "Other Income Expense": 212000000.0,
        "Net Non Operating Interest Income Expense": -50000000.0,
        "Interest Expense Non Operating": 50000000.0,
        "Other Operating Expenses": 583000000.0,
        "Selling General And Administration": 518000000.0,
        "General And Administrative Expense": 518000000.0,
        "Salaries And Wages": 518000000.0,
        "Total Revenue": 5168000000.0,
        "Operating Revenue": 5168000000.0
    },
    "2023-06-30": {
        "Tax Effect Of Unusual Items": NaN,
        "Tax Rate For Calcs": NaN,
        "Net Income From Continuing Operation Net Minority Interest": NaN,
        "Reconciled Depreciation": NaN,
        "EBIT": NaN,
        "Net Interest Income": NaN,
        "Interest Expense": NaN,
        "Normalized Income": NaN,
        "Net Income From Continuing And Discontinued Operation": NaN,
        "Total Expenses": NaN,
        "Diluted Average Shares": NaN,
        "Basic Average Shares": NaN,
        "Diluted EPS": NaN,
        "Basic EPS": NaN,
        "Diluted NI Availto Com Stockholders": NaN,
        "Net Income Common Stockholders": NaN,
        "Preferred Stock Dividends": NaN,
        "Net Income": NaN,
        "Minority Interests": NaN,
        "Net Income Including Noncontrolling Interests": NaN,
        "Net Income Continuous Operations": NaN,
        "Tax Provision": NaN,
        "Pretax Income": NaN,
        "Other Income Expense": NaN,
        "Net Non Operating Interest Income Expense": NaN,
        "Interest Expense Non Operating": NaN,
        "Other Operating Expenses": NaN,
        "Selling General And Administration": NaN,
        "General And Administrative Expense": NaN,
        "Salaries And Wages": NaN,
        "Total Revenue": NaN,
        "Operating Revenue": NaN,
        "Loss Adjustment Expense": NaN,
        "Net Policyholder Benefits And Claims": NaN,
        "Policyholder Benefits Gross": NaN,
        "Policyholder Benefits Ceded": 230000000.0
    },
    "2022-03-31": {
        "Diluted EPS": 1.43,
        "Total Revenue": NaN,
        "Gross Profit": NaN,
        "Operating Income": NaN,
        "EBIT": NaN,
        "Net Income": NaN
    },
    "2021-12-31": {
        "Diluted EPS": 0.56,
        "Total Revenue": NaN,
        "Gross Profit": NaN,
        "Operating Income": NaN,
        "EBIT": NaN,
        "Net Income": NaN
    },
    "2021-09-30": {
        "Diluted EPS": 1.59,
        "Total Revenue": NaN,
        "Gross Profit": NaN,
        "Operating Income": NaN,
        "EBIT": NaN,
        "Net Income": NaN
    },
    "2021-06-30": {
        "Diluted EPS": 0.23,
        "Total Revenue": NaN,
        "Gross Profit": NaN,
        "Operating Income": NaN,
        "EBIT": NaN,
        "Net Income": NaN
    },
    "2021-03-31": {
        "Diluted EPS": 11.6,
        "Total Revenue": NaN,
        "Gross Profit": NaN,
        "Operating Income": NaN,
        "EBIT": NaN,
        "Net Income": NaN
    },
    "2020-12-31": {
        "Diluted EPS": -2.84,
        "Total Revenue": NaN,
        "Gross Profit": NaN,
        "Operating Income": NaN,
        "EBIT": NaN,
        "Net Income": NaN
    },
    "2020-09-30": {
        "Diluted EPS": -1.77,
        "Total Revenue": NaN,
        "Gross Profit": NaN,
        "Operating Income": NaN,
        "EBIT": NaN,
        "Net Income": NaN
    },
    "2020-06-30": {
        "Diluted EPS": -8.96,
        "Total Revenue": NaN,
        "Gross Profit": NaN,
        "Operating Income": NaN,
        "EBIT": NaN,
        "Net Income": NaN
    },
    "2020-03-31": {
        "Diluted EPS": 11.65,
        "Total Revenue": NaN,
        "Gross Profit": NaN,
        "Operating Income": NaN,
        "EBIT": NaN,
        "Net Income": NaN
    },
    "2019-12-31": {
        "Diluted EPS": -1.97,
        "Total Revenue": NaN,
        "Gross Profit": NaN,
        "Operating Income": NaN,
        "EBIT": NaN,
        "Net Income": NaN
    },
    "2019-09-30": {
        "Diluted EPS": -0.78,
        "Total Revenue": NaN,
        "Gross Profit": NaN,
        "Operating Income": NaN,
        "EBIT": NaN,
        "Net Income": NaN
    },
    "2019-06-30": {
        "Diluted EPS": 0.74,
        "Total Revenue": NaN,
        "Gross Profit": NaN,
        "Operating Income": NaN,
        "EBIT": NaN,
        "Net Income": NaN
    },
    "2019-03-31": {
        "Diluted EPS": -1.5,
        "Total Revenue": NaN,
        "Gross Profit": NaN,
        "Operating Income": NaN,
        "EBIT": NaN,
        "Net Income": NaN
    },
    "2018-12-31": {
        "Diluted EPS": 3.57,
        "Total Revenue": NaN,
        "Gross Profit": NaN,
        "Operating Income": NaN,
        "EBIT": NaN,
        "Net Income": NaN
    },
    "2018-09-30": {
        "Diluted EPS": -0.89,
        "Total Revenue": NaN,
        "Gross Profit": NaN,
        "Operating Income": NaN,
        "EBIT": NaN,
        "Net Income": NaN
    },
    "2018-06-30": {
        "Diluted EPS": 0.28,
        "Total Revenue": NaN,
        "Gross Profit": NaN,
        "Operating Income": NaN,
        "EBIT": NaN,
        "Net Income": NaN
    },
    "2018-03-31": {
        "Diluted EPS": 0.3,
        "Total Revenue": NaN,
        "Gross Profit": NaN,
        "Operating Income": NaN,
        "EBIT": NaN,
        "Net Income": NaN
    },
    "2023-09-30": {
        "Tax Effect Of Unusual Items": NaN,
        "Tax Rate For Calcs": NaN,
        "Net Income From Continuing Operation Net Minority Interest": NaN,
        "Reconciled Depreciation": NaN,
        "EBIT": NaN,
        "Net Interest Income": NaN,
        "Interest Expense": NaN,
        "Normalized Income": NaN,
        "Net Income From Continuing And Discontinued Operation": NaN,
        "Total Expenses": NaN,
        "Diluted Average Shares": NaN,
        "Basic Average Shares": NaN,
        "Diluted EPS": NaN,
        "Basic EPS": NaN,
        "Diluted NI Availto Com Stockholders": NaN,
        "Net Income Common Stockholders": NaN,
        "Preferred Stock Dividends": NaN,
        "Net Income": NaN,
        "Minority Interests": NaN,
        "Net Income Including Noncontrolling Interests": NaN,
        "Net Income Continuous Operations": NaN,
        "Tax Provision": NaN,
        "Pretax Income": NaN,
        "Other Income Expense": NaN,
        "Net Non Operating Interest Income Expense": NaN,
        "Interest Expense Non Operating": NaN,
        "Other Operating Expenses": NaN,
        "Selling General And Administration": NaN,
        "General And Administrative Expense": NaN,
        "Salaries And Wages": NaN,
        "Total Revenue": NaN,
        "Operating Revenue": NaN,
        "Loss Adjustment Expense": NaN,
        "Net Policyholder Benefits And Claims": NaN,
        "Policyholder Benefits Gross": NaN,
        "Policyholder Benefits Ceded": 143000000.0
    },
    "2023-12-31": {
        "Tax Effect Of Unusual Items": NaN,
        "Tax Rate For Calcs": NaN,
        "Net Income From Continuing Operation Net Minority Interest": NaN,
        "Reconciled Depreciation": NaN,
        "EBIT": NaN,
        "Net Interest Income": NaN,
        "Interest Expense": NaN,
        "Normalized Income": NaN,
        "Net Income From Continuing And Discontinued Operation": NaN,
        "Total Expenses": NaN,
        "Diluted Average Shares": NaN,
        "Basic Average Shares": NaN,
        "Diluted EPS": NaN,
        "Basic EPS": NaN,
        "Diluted NI Availto Com Stockholders": NaN,
        "Net Income Common Stockholders": NaN,
        "Preferred Stock Dividends": NaN,
        "Net Income": NaN,
        "Minority Interests": NaN,
        "Net Income Including Noncontrolling Interests": NaN,
        "Net Income Continuous Operations": NaN,
        "Tax Provision": NaN,
        "Pretax Income": NaN,
        "Other Income Expense": NaN,
        "Net Non Operating Interest Income Expense": NaN,
        "Interest Expense Non Operating": NaN,
        "Other Operating Expenses": NaN,
        "Selling General And Administration": NaN,
        "General And Administrative Expense": NaN,
        "Salaries And Wages": NaN,
        "Total Revenue": NaN,
        "Operating Revenue": NaN,
        "Loss Adjustment Expense": NaN,
        "Net Policyholder Benefits And Claims": NaN,
        "Policyholder Benefits Gross": NaN,
        "Policyholder Benefits Ceded": 186000000.0
    },
    "2024-03-31": {
        "Tax Effect Of Unusual Items": 0.0,
        "Tax Rate For Calcs": 0.121457,
        "Net Income From Continuing Operation Net Minority Interest": 114000000.0,
        "Reconciled Depreciation": 240000000.0,
        "EBIT": 304000000.0,
        "Net Interest Income": -57000000.0,
        "Interest Expense": 57000000.0,
        "Normalized Income": 114000000.0,
        "Net Income From Continuing And Discontinued Operation": 114000000.0,
        "Total Expenses": 1983000000.0,
        "Diluted Average Shares": 332700000.0,
        "Basic Average Shares": 330200000.0,
        "Diluted EPS": 0.23,
        "Basic EPS": 0.24,
        "Diluted NI Availto Com Stockholders": 100000000.0,
        "Net Income Common Stockholders": 100000000.0,
        "Preferred Stock Dividends": 14000000.0,
        "Net Income": 114000000.0,
        "Minority Interests": -103000000.0,
        "Net Income Including Noncontrolling Interests": 217000000.0,
        "Net Income Continuous Operations": 217000000.0,
        "Tax Provision": 30000000.0,
        "Pretax Income": 247000000.0,
        "Other Income Expense": 259000000.0,
        "Net Non Operating Interest Income Expense": -57000000.0,
        "Interest Expense Non Operating": 57000000.0,
        "Other Operating Expenses": 553000000.0,
        "Selling General And Administration": 620000000.0,
        "General And Administrative Expense": 620000000.0,
        "Salaries And Wages": 620000000.0,
        "Total Revenue": 2230000000.0,
        "Operating Revenue": 2230000000.0,
        "Loss Adjustment Expense": -422000000.0,
        "Net Policyholder Benefits And Claims": -422000000.0,
        "Policyholder Benefits Gross": -422000000.0,
        "Policyholder Benefits Ceded": NaN
    },
    "2024-06-30": {
        "Tax Effect Of Unusual Items": 0.0,
        "Tax Rate For Calcs": 0.170338,
        "Net Income From Continuing Operation Net Minority Interest": 428000000.0,
        "Reconciled Depreciation": 193000000.0,
        "EBIT": 743000000.0,
        "Net Interest Income": -62000000.0,
        "Interest Expense": 62000000.0,
        "Normalized Income": 428000000.0,
        "Net Income From Continuing And Discontinued Operation": 428000000.0,
        "Total Expenses": 2826000000.0,
        "Diluted Average Shares": 327300000.0,
        "Basic Average Shares": 324200000.0,
        "Diluted EPS": 1.23,
        "Basic EPS": 1.24,
        "Diluted NI Availto Com Stockholders": 402000000.0,
        "Net Income Common Stockholders": 402000000.0,
        "Preferred Stock Dividends": 26000000.0,
        "Net Income": 428000000.0,
        "Minority Interests": -137000000.0,
        "Net Income Including Noncontrolling Interests": 565000000.0,
        "Net Income Continuous Operations": 565000000.0,
        "Tax Provision": 116000000.0,
        "Pretax Income": 681000000.0,
        "Other Income Expense": 425000000.0,
        "Net Non Operating Interest Income Expense": -62000000.0,
        "Interest Expense Non Operating": 62000000.0,
        "Other Operating Expenses": 428000000.0,
        "Selling General And Administration": 577000000.0,
        "General And Administrative Expense": 577000000.0,
        "Salaries And Wages": 577000000.0,
        "Total Revenue": 3507000000.0,
        "Operating Revenue": 3507000000.0,
        "Loss Adjustment Expense": 528000000.0,
        "Net Policyholder Benefits And Claims": 528000000.0,
        "Policyholder Benefits Gross": 528000000.0,
        "Policyholder Benefits Ceded": NaN
    },
    "2024-09-30": {
        "Tax Effect Of Unusual Items": 0.0,
        "Tax Rate For Calcs": 0.21,
        "Net Income From Continuing Operation Net Minority Interest": -134000000.0,
        "Reconciled Depreciation": 206000000.0,
        "EBIT": 41000000.0,
        "Net Interest Income": -55000000.0,
        "Interest Expense": 55000000.0,
        "Normalized Income": -134000000.0,
        "Net Income From Continuing And Discontinued Operation": -134000000.0,
        "Total Expenses": 3090000000.0,
        "Diluted Average Shares": 318200000.0,
        "Basic Average Shares": 318200000.0,
        "Diluted EPS": -0.47,
        "Basic EPS": -0.47,
        "Diluted NI Availto Com Stockholders": -148000000.0,
        "Net Income Common Stockholders": -148000000.0,
        "Preferred Stock Dividends": 14000000.0,
        "Net Income": -134000000.0,
        "Minority Interests": -160000000.0,
        "Net Income Including Noncontrolling Interests": 26000000.0,
        "Net Income Continuous Operations": 26000000.0,
        "Tax Provision": -40000000.0,
        "Pretax Income": -14000000.0,
        "Other Income Expense": 301000000.0,
        "Net Non Operating Interest Income Expense": -55000000.0,
        "Interest Expense Non Operating": 55000000.0,
        "Other Operating Expenses": 329000000.0,
        "Selling General And Administration": 571000000.0,
        "General And Administrative Expense": 571000000.0,
        "Salaries And Wages": 571000000.0,
        "Total Revenue": 3076000000.0,
        "Operating Revenue": 3076000000.0,
        "Loss Adjustment Expense": 758000000.0,
        "Net Policyholder Benefits And Claims": 758000000.0,
        "Policyholder Benefits Gross": 758000000.0,
        "Policyholder Benefits Ceded": NaN
    },
    "2024-12-31": {
        "Tax Effect Of Unusual Items": 0.0,
        "Tax Rate For Calcs": 0.152047,
        "Net Income From Continuing Operation Net Minority Interest": 899000000.0,
        "Reconciled Depreciation": 220000000.0,
        "EBIT": 1249000000.0,
        "Net Interest Income": -52000000.0,
        "Interest Expense": 52000000.0,
        "Normalized Income": 899000000.0,
        "Net Income From Continuing And Discontinued Operation": 899000000.0,
        "Total Expenses": 2424000000.0,
        "Diluted Average Shares": 316500000.0,
        "Basic Average Shares": 312200000.0,
        "Diluted EPS": 2.76,
        "Basic EPS": 2.8,
        "Diluted NI Availto Com Stockholders": 873000000.0,
        "Net Income Common Stockholders": 873000000.0,
        "Preferred Stock Dividends": 26000000.0,
        "Net Income": 899000000.0,
        "Minority Interests": -116000000.0,
        "Net Income Including Noncontrolling Interests": 1015000000.0,
        "Net Income Continuous Operations": 1015000000.0,
        "Tax Provision": 182000000.0,
        "Pretax Income": 1197000000.0,
        "Other Income Expense": 316000000.0,
        "Net Non Operating Interest Income Expense": -52000000.0,
        "Interest Expense Non Operating": 52000000.0,
        "Other Operating Expenses": 513000000.0,
        "Selling General And Administration": 673000000.0,
        "General And Administrative Expense": 673000000.0,
        "Salaries And Wages": 673000000.0,
        "Total Revenue": 3621000000.0,
        "Operating Revenue": 3621000000.0,
        "Loss Adjustment Expense": -131000000.0,
        "Net Policyholder Benefits And Claims": -131000000.0,
        "Policyholder Benefits Gross": 605000000.0,
        "Policyholder Benefits Ceded": NaN
    },
    "2025-03-31": {
        "Tax Effect Of Unusual Items": 0.0,
        "Tax Rate For Calcs": 0.137931,
        "Net Income From Continuing Operation Net Minority Interest": 63000000.0,
        "Reconciled Depreciation": 213000000.0,
        "EBIT": 229000000.0,
        "Net Interest Income": -55000000.0,
        "Interest Expense": 55000000.0,
        "Normalized Income": 63000000.0,
        "Net Income From Continuing And Discontinued Operation": 63000000.0,
        "Total Expenses": 4402000000.0,
        "Diluted Average Shares": 311900000.0,
        "Basic Average Shares": 307800000.0,
        "Diluted EPS": 0.16,
        "Basic EPS": 0.16,
        "Diluted NI Availto Com Stockholders": 49000000.0,
        "Net Income Common Stockholders": 49000000.0,
        "Preferred Stock Dividends": 14000000.0,
        "Net Income": 63000000.0,
        "Minority Interests": -87000000.0,
        "Net Income Including Noncontrolling Interests": 150000000.0,
        "Net Income Continuous Operations": 150000000.0,
        "Tax Provision": 24000000.0,
        "Pretax Income": 174000000.0,
        "Other Income Expense": 318000000.0,
        "Net Non Operating Interest Income Expense": -55000000.0,
        "Interest Expense Non Operating": 55000000.0,
        "Other Operating Expenses": 950000000.0,
        "Selling General And Administration": 601000000.0,
        "General And Administrative Expense": 601000000.0,
        "Salaries And Wages": 601000000.0,
        "Total Revenue": 4576000000.0,
        "Operating Revenue": 4576000000.0,
        "Loss Adjustment Expense": 1429000000.0,
        "Net Policyholder Benefits And Claims": 1429000000.0,
        "Policyholder Benefits Gross": 1429000000.0,
        "Policyholder Benefits Ceded": NaN
    },
    "2025-06-30": {
        "Tax Effect Of Unusual Items": 0.0,
        "Tax Rate For Calcs": 0.220386,
        "Net Income From Continuing Operation Net Minority Interest": -349000000.0,
        "Reconciled Depreciation": 220000000.0,
        "EBIT": -302000000.0,
        "Net Interest Income": -61000000.0,
        "Interest Expense": 61000000.0,
        "Normalized Income": -349000000.0,
        "Net Income From Continuing And Discontinued Operation": -349000000.0,
        "Total Expenses": 2725000000.0,
        "Diluted Average Shares": 303200000.0,
        "Basic Average Shares": 303200000.0,
        "Diluted EPS": -1.21,
        "Basic EPS": -1.21,
        "Diluted NI Availto Com Stockholders": -367000000.0,
        "Net Income Common Stockholders": -367000000.0,
        "Preferred Stock Dividends": 18000000.0,
        "Net Income": -349000000.0,
        "Minority Interests": -66000000.0,
        "Net Income Including Noncontrolling Interests": -283000000.0,
        "Net Income Continuous Operations": -283000000.0,
        "Tax Provision": -80000000.0,
        "Pretax Income": -363000000.0,
        "Other Income Expense": 294000000.0,
        "Net Non Operating Interest Income Expense": -61000000.0,
        "Interest Expense Non Operating": 61000000.0,
        "Other Operating Expenses": 427000000.0,
        "Selling General And Administration": 592000000.0,
        "General And Administrative Expense": 592000000.0,
        "Salaries And Wages": 592000000.0,
        "Total Revenue": 2362000000.0,
        "Operating Revenue": 2362000000.0,
        "Loss Adjustment Expense": 168000000.0,
        "Net Policyholder Benefits And Claims": 168000000.0,
        "Policyholder Benefits Gross": 168000000.0,
        "Policyholder Benefits Ceded": NaN
    }
}