{
    "2023-06-30": {
        "Tax Effect Of Unusual Items": NaN,
        "Tax Rate For Calcs": NaN,
        "Net Income From Continuing Operation Net Minority Interest": NaN,
        "EBIT": 149090000.0,
        "Net Interest Income": 0.0,
        "Interest Expense": 0.0,
        "Normalized Income": NaN,
        "Net Income From Continuing And Discontinued Operation": NaN,
        "Total Expenses": NaN,
        "Diluted Average Shares": NaN,
        "Basic Average Shares": NaN,
        "Diluted EPS": NaN,
        "Basic EPS": NaN,
        "Diluted NI Availto Com Stockholders": NaN,
        "Net Income Common Stockholders": NaN,
        "Net Income": NaN,
        "Net Income Including Noncontrolling Interests": NaN,
        "Net Income Continuous Operations": NaN,
        "Tax Provision": NaN,
        "Pretax Income": NaN,
        "Other Income Expense": NaN,
        "Net Non Operating Interest Income Expense": 0.0,
        "Interest Expense Non Operating": 0.0,
        "Other Operating Expenses": NaN,
        "Selling General And Administration": NaN,
        "General And Administrative Expense": NaN,
        "Other Gand A": NaN,
        "Total Revenue": NaN,
        "Operating Revenue": NaN
    },
    "2023-03-31": {
        "Tax Effect Of Unusual Items": NaN,
        "Tax Rate For Calcs": NaN,
        "Net Income From Continuing Operation Net Minority Interest": NaN,
        "EBIT": 109148000.0,
        "Net Interest Income": 0.0,
        "Interest Expense": 0.0,
        "Normalized Income": NaN,
        "Net Income From Continuing And Discontinued Operation": NaN,
        "Total Expenses": NaN,
        "Diluted Average Shares": NaN,
        "Basic Average Shares": NaN,
        "Diluted EPS": NaN,
        "Basic EPS": NaN,
        "Diluted NI Availto Com Stockholders": NaN,
        "Net Income Common Stockholders": NaN,
        "Net Income": NaN,
        "Net Income Including Noncontrolling Interests": NaN,
        "Net Income Continuous Operations": NaN,
        "Tax Provision": NaN,
        "Pretax Income": NaN,
        "Other Income Expense": NaN,
        "Net Non Operating Interest Income Expense": 0.0,
        "Interest Expense Non Operating": 0.0,
        "Other Operating Expenses": NaN,
        "Selling General And Administration": NaN,
        "General And Administrative Expense": NaN,
        "Other Gand A": NaN,
        "Total Revenue": NaN,
        "Operating Revenue": NaN
    },
    "2022-12-31": {
        "Tax Effect Of Unusual Items": NaN,
        "Tax Rate For Calcs": NaN,
        "Net Income From Continuing Operation Net Minority Interest": NaN,
        "EBIT": 81961000.0,
        "Net Interest Income": 0.0,
        "Interest Expense": 0.0,
        "Normalized Income": NaN,
        "Net Income From Continuing And Discontinued Operation": NaN,
        "Total Expenses": NaN,
        "Diluted Average Shares": NaN,
        "Basic Average Shares": NaN,
        "Diluted EPS": NaN,
        "Basic EPS": NaN,
        "Diluted NI Availto Com Stockholders": NaN,
        "Net Income Common Stockholders": NaN,
        "Net Income": NaN,
        "Net Income Including Noncontrolling Interests": NaN,
        "Net Income Continuous Operations": NaN,
        "Tax Provision": NaN,
        "Pretax Income": NaN,
        "Other Income Expense": NaN,
        "Net Non Operating Interest Income Expense": 0.0,
        "Interest Expense Non Operating": 0.0,
        "Other Operating Expenses": NaN,
        "Selling General And Administration": NaN,
        "General And Administrative Expense": NaN,
        "Other Gand A": NaN,
        "Total Revenue": NaN,
        "Operating Revenue": NaN
    },
    "2022-09-30": {
        "Tax Effect Of Unusual Items": 0.0,
        "Tax Rate For Calcs": 0.207,
        "Net Income From Continuing Operation Net Minority Interest": 84313000.0,
        "EBIT": 106463000.0,
        "Net Interest Income": -115000.0,
        "Interest Expense": 115000.0,
        "Normalized Income": 84313000.0,
        "Net Income From Continuing And Discontinued Operation": 84313000.0,
        "Total Expenses": 634317000.0,
        "Diluted Average Shares": 52296411.0,
        "Basic Average Shares": 46189025.0,
        "Diluted EPS": 1.61,
        "Basic EPS": 1.81,
        "Diluted NI Availto Com Stockholders": 84313000.0,
        "Net Income Common Stockholders": 84313000.0,
        "Net Income": 84313000.0,
        "Net Income Including Noncontrolling Interests": 84313000.0,
        "Net Income Continuous Operations": 84313000.0,
        "Tax Provision": 22035000.0,
        "Pretax Income": 106348000.0,
        "Other Income Expense": 174913000.0,
        "Net Non Operating Interest Income Expense": -115000.0,
        "Interest Expense Non Operating": 115000.0,
        "Other Operating Expenses": -562000.0,
        "Total Revenue": 740665000.0,
        "Operating Revenue": 740665000.0
    },
    "2022-06-30": {
        "Tax Effect Of Unusual Items": 0.0,
        "Tax Rate For Calcs": 0.209,
        "Net Income From Continuing Operation Net Minority Interest": 80147000.0,
        "EBIT": 102243000.0,
        "Net Interest Income": -895000.0,
        "Interest Expense": 895000.0,
        "Normalized Income": 80147000.0,
        "Net Income From Continuing And Discontinued Operation": 80147000.0,
        "Total Expenses": 622701000.0,
        "Diluted Average Shares": 58396939.0,
        "Basic Average Shares": 52289645.0,
        "Diluted EPS": 1.53,
        "Basic EPS": 1.72,
        "Diluted NI Availto Com Stockholders": 80147000.0,
        "Net Income Common Stockholders": 80147000.0,
        "Net Income": 80147000.0,
        "Net Income Including Noncontrolling Interests": 80147000.0,
        "Net Income Continuous Operations": 80147000.0,
        "Tax Provision": 21201000.0,
        "Pretax Income": 101348000.0,
        "Other Income Expense": 167112000.0,
        "Net Non Operating Interest Income Expense": -895000.0,
        "Interest Expense Non Operating": 895000.0,
        "Other Operating Expenses": -337000.0,
        "Total Revenue": 724049000.0,
        "Operating Revenue": 724049000.0
    },
    "2022-03-31": {
        "Diluted EPS": 1.31,
        "Total Revenue": 672,
        "Gross Profit": 84,
        "Operating Income": 84,
        "EBIT": 84,
        "Net Income": 69
    },
    "2021-12-31": {
        "Diluted EPS": 1.12,
        "Total Revenue": 636,
        "Gross Profit": 62,
        "Operating Income": 62,
        "EBIT": 62,
        "Net Income": 55
    },
    "2021-09-30": {
        "Diluted EPS": 1.72,
        "Total Revenue": 688,
        "Gross Profit": 95,
        "Operating Income": 95,
        "EBIT": 95,
        "Net Income": 90
    },
    "2021-06-30": {
        "Diluted EPS": 1.44,
        "Total Revenue": 680,
        "Gross Profit": 85,
        "Operating Income": 85,
        "EBIT": 85,
        "Net Income": 79
    },
    "2021-03-31": {
        "Diluted EPS": 1.41,
        "Total Revenue": 630,
        "Gross Profit": 76,
        "Operating Income": 76,
        "EBIT": 76,
        "Net Income": 74
    },
    "2020-12-31": {
        "Diluted EPS": 1.2,
        "Total Revenue": 609,
        "Gross Profit": 65,
        "Operating Income": 65,
        "EBIT": 65,
        "Net Income": 63
    },
    "2020-09-30": {
        "Diluted EPS": 1.71,
        "Total Revenue": 653,
        "Gross Profit": 96,
        "Operating Income": 96,
        "EBIT": 96,
        "Net Income": 89
    },
    "2020-06-30": {
        "Diluted EPS": 1.57,
        "Total Revenue": 657,
        "Gross Profit": 91,
        "Operating Income": 91,
        "EBIT": 91,
        "Net Income": 82
    },
    "2020-03-31": {
        "Diluted EPS": 1.13,
        "Total Revenue": 617,
        "Gross Profit": 86,
        "Operating Income": 86,
        "EBIT": 86,
        "Net Income": 59
    },
    "2019-12-31": {
        "Diluted EPS": 1.18,
        "Total Revenue": 597,
        "Gross Profit": 69,
        "Operating Income": 69,
        "EBIT": 69,
        "Net Income": 60
    },
    "2019-09-30": {
        "Diluted EPS": 1.8,
        "Total Revenue": 639,
        "Gross Profit": 106,
        "Operating Income": 106,
        "EBIT": 106,
        "Net Income": 94
    },
    "2019-06-30": {
        "Diluted EPS": 1.68,
        "Total Revenue": 648,
        "Gross Profit": 97,
        "Operating Income": 97,
        "EBIT": 97,
        "Net Income": 88
    },
    "2019-03-31": {
        "Diluted EPS": 1.44,
        "Total Revenue": 594,
        "Gross Profit": 86,
        "Operating Income": 86,
        "EBIT": 86,
        "Net Income": 75
    },
    "2018-12-31": {
        "Diluted EPS": 1.19,
        "Total Revenue": 576,
        "Gross Profit": 75,
        "Operating Income": 75,
        "EBIT": 75,
        "Net Income": 62
    },
    "2018-09-30": {
        "Diluted EPS": 1.54,
        "Total Revenue": 612,
        "Gross Profit": 97,
        "Operating Income": 97,
        "EBIT": 97,
        "Net Income": 80
    },
    "2018-06-30": {
        "Diluted EPS": 1.52,
        "Total Revenue": 621,
        "Gross Profit": 95,
        "Operating Income": 95,
        "EBIT": 95,
        "Net Income": 80
    },
    "2018-03-31": {
        "Diluted EPS": 1.26,
        "Total Revenue": 572,
        "Gross Profit": 78,
        "Operating Income": 78,
        "EBIT": 78,
        "Net Income": 66
    },
    "2017-12-31": {
        "Diluted EPS": 0.61,
        "Total Revenue": 401,
        "Gross Profit": 59,
        "Operating Income": 59,
        "EBIT": 59,
        "Net Income": 32
    },
    "2017-09-30": {
        "Diluted EPS": 1.12,
        "Total Revenue": 442,
        "Gross Profit": 81,
        "Operating Income": 81,
        "EBIT": 81,
        "Net Income": 59
    },
    "2017-06-30": {
        "Diluted EPS": 1.12,
        "Total Revenue": 449,
        "Gross Profit": 83,
        "Operating Income": 83,
        "EBIT": 83,
        "Net Income": 59
    },
    "2017-03-31": {
        "Diluted EPS": 0.91,
        "Total Revenue": 399,
        "Gross Profit": 67,
        "Operating Income": 67,
        "EBIT": 67,
        "Net Income": 48
    },
    "2016-12-31": {
        "Diluted EPS": 0.88,
        "Total Revenue": 380,
        "Gross Profit": -247,
        "Operating Income": 58,
        "EBIT": 58,
        "Net Income": 46
    },
    "2016-09-30": {
        "Diluted EPS": 1.09,
        "Total Revenue": 418,
        "Gross Profit": 186,
        "Operating Income": 82,
        "EBIT": 82,
        "Net Income": 57
    },
    "2016-06-30": {
        "Diluted EPS": 1.17,
        "Total Revenue": 424,
        "Gross Profit": 188,
        "Operating Income": 86,
        "EBIT": 86,
        "Net Income": 61
    },
    "2016-03-31": {
        "Diluted EPS": 0.87,
        "Total Revenue": 375,
        "Gross Profit": 166,
        "Operating Income": 68,
        "EBIT": 68,
        "Net Income": 46
    },
    "2015-12-31": {
        "Diluted EPS": 0.57,
        "Total Revenue": 361,
        "Gross Profit": 154,
        "Operating Income": 46,
        "EBIT": 46,
        "Net Income": 30
    },
    "2015-09-30": {
        "Diluted EPS": 0.94,
        "Total Revenue": 397,
        "Gross Profit": 173,
        "Operating Income": 68,
        "EBIT": 68,
        "Net Income": 50
    },
    "2015-06-30": {
        "Diluted EPS": 1.07,
        "Total Revenue": 417,
        "Gross Profit": 194,
        "Operating Income": 86,
        "EBIT": 86,
        "Net Income": 56
    },
    "2015-03-31": {
        "Diluted EPS": 0.74,
        "Total Revenue": 357,
        "Gross Profit": 164,
        "Operating Income": 59,
        "EBIT": 59,
        "Net Income": 39
    },
    "2014-12-31": {
        "Diluted EPS": 0.48,
        "Total Revenue": 340,
        "Gross Profit": 144,
        "Operating Income": 38,
        "EBIT": 38,
        "Net Income": 25
    },
    "2014-09-30": {
        "Diluted EPS": 0.9,
        "Total Revenue": NaN,
        "Gross Profit": 150,
        "Operating Income": 150,
        "EBIT": 150,
        "Net Income": 47
    },
    "2014-06-30": {
        "Diluted EPS": 0.93,
        "Total Revenue": NaN,
        "Gross Profit": 147,
        "Operating Income": 147,
        "EBIT": 147,
        "Net Income": 49
    },
    "2014-03-31": {
        "Diluted EPS": 0.88,
        "Total Revenue": NaN,
        "Gross Profit": 156,
        "Operating Income": 156,
        "EBIT": 156,
        "Net Income": 46
    },
    "2013-12-31": {
        "Diluted EPS": 0.68,
        "Total Revenue": NaN,
        "Gross Profit": 470,
        "Operating Income": 470,
        "EBIT": 470,
        "Net Income": 36
    },
    "2013-09-30": {
        "Diluted EPS": 0.87,
        "Total Revenue": NaN,
        "Gross Profit": 398,
        "Operating Income": 398,
        "EBIT": 398,
        "Net Income": 46
    },
    "2013-06-30": {
        "Diluted EPS": 0.83,
        "Total Revenue": NaN,
        "Gross Profit": 263,
        "Operating Income": 263,
        "EBIT": 263,
        "Net Income": 44
    },
    "2013-03-31": {
        "Diluted EPS": 0.7,
        "Total Revenue": NaN,
        "Gross Profit": 436,
        "Operating Income": 436,
        "EBIT": 436,
        "Net Income": 37
    },
    "2012-12-31": {
        "Diluted EPS": 0.56,
        "Total Revenue": NaN,
        "Gross Profit": 165,
        "Operating Income": 165,
        "EBIT": 165,
        "Net Income": 30
    },
    "2012-09-30": {
        "Diluted EPS": 0.96,
        "Total Revenue": NaN,
        "Gross Profit": 270,
        "Operating Income": 270,
        "EBIT": 270,
        "Net Income": 51
    },
    "2012-06-30": {
        "Diluted EPS": 0.8,
        "Total Revenue": NaN,
        "Gross Profit": -70,
        "Operating Income": -70,
        "EBIT": -70,
        "Net Income": 43
    },
    "2012-03-31": {
        "Diluted EPS": 0.67,
        "Total Revenue": NaN,
        "Gross Profit": 534,
        "Operating Income": 534,
        "EBIT": 534,
        "Net Income": 36
    },
    "2011-12-31": {
        "Diluted EPS": 0.48,
        "Total Revenue": NaN,
        "Gross Profit": 425,
        "Operating Income": 425,
        "EBIT": 425,
        "Net Income": 26
    },
    "2011-09-30": {
        "Diluted EPS": 0.87,
        "Total Revenue": 796,
        "Gross Profit": -305,
        "Operating Income": -305,
        "EBIT": -305,
        "Net Income": 47
    },
    "2011-06-30": {
        "Diluted EPS": 0.94,
        "Total Revenue": NaN,
        "Gross Profit": -174,
        "Operating Income": -174,
        "EBIT": -174,
        "Net Income": 52
    },
    "2011-03-31": {
        "Diluted EPS": 0.79,
        "Total Revenue": NaN,
        "Gross Profit": 412,
        "Operating Income": 412,
        "EBIT": 412,
        "Net Income": 44
    },
    "2010-12-31": {
        "Diluted EPS": 0.22,
        "Total Revenue": NaN,
        "Gross Profit": 439,
        "Operating Income": 417,
        "EBIT": 417,
        "Net Income": 12
    },
    "2010-09-30": {
        "Diluted EPS": 0.95,
        "Total Revenue": NaN,
        "Gross Profit": 405,
        "Operating Income": 405,
        "EBIT": 405,
        "Net Income": 54
    },
    "2010-06-30": {
        "Diluted EPS": 0.86,
        "Total Revenue": 916,
        "Gross Profit": -51,
        "Operating Income": -51,
        "EBIT": -51,
        "Net Income": 49
    },
    "2010-03-31": {
        "Diluted EPS": 0.82,
        "Total Revenue": NaN,
        "Gross Profit": 228,
        "Operating Income": 228,
        "EBIT": 228,
        "Net Income": 47
    },
    "2009-12-31": {
        "Diluted EPS": 0.43,
        "Total Revenue": 272,
        "Gross Profit": 226,
        "Operating Income": 39,
        "EBIT": 39,
        "Net Income": 25
    },
    "2009-09-30": {
        "Diluted EPS": 0.7,
        "Total Revenue": NaN,
        "Gross Profit": 356,
        "Operating Income": 356,
        "EBIT": 356,
        "Net Income": 40
    },
    "2009-06-30": {
        "Diluted EPS": 0.57,
        "Total Revenue": NaN,
        "Gross Profit": 258,
        "Operating Income": 258,
        "EBIT": 258,
        "Net Income": 33
    },
    "2009-03-31": {
        "Diluted EPS": 0.19,
        "Total Revenue": 695,
        "Gross Profit": -340,
        "Operating Income": -340,
        "EBIT": -198,
        "Net Income": 11
    },
    "2023-09-30": {
        "Tax Effect Of Unusual Items": NaN,
        "Tax Rate For Calcs": NaN,
        "Net Income From Continuing Operation Net Minority Interest": NaN,
        "EBIT": 163774000.0,
        "Net Interest Income": 0.0,
        "Interest Expense": 0.0,
        "Normalized Income": NaN,
        "Net Income From Continuing And Discontinued Operation": NaN,
        "Total Expenses": NaN,
        "Diluted Average Shares": NaN,
        "Basic Average Shares": NaN,
        "Diluted EPS": NaN,
        "Basic EPS": NaN,
        "Diluted NI Availto Com Stockholders": NaN,
        "Net Income Common Stockholders": NaN,
        "Net Income": NaN,
        "Net Income Including Noncontrolling Interests": NaN,
        "Net Income Continuous Operations": NaN,
        "Tax Provision": NaN,
        "Pretax Income": NaN,
        "Other Income Expense": NaN,
        "Net Non Operating Interest Income Expense": 0.0,
        "Interest Expense Non Operating": 0.0,
        "Other Operating Expenses": NaN,
        "Selling General And Administration": NaN,
        "Selling And Marketing Expense": NaN,
        "General And Administrative Expense": NaN,
        "Other Gand A": NaN,
        "Total Revenue": NaN,
        "Operating Revenue": NaN,
        "Loss Adjustment Expense": NaN,
        "Net Policyholder Benefits And Claims": NaN
    },
    "2023-12-31": {
        "Tax Effect Of Unusual Items": NaN,
        "Tax Rate For Calcs": NaN,
        "Net Income From Continuing Operation Net Minority Interest": NaN,
        "EBIT": 139924000.0,
        "Net Interest Income": 0.0,
        "Interest Expense": 0.0,
        "Normalized Income": NaN,
        "Net Income From Continuing And Discontinued Operation": NaN,
        "Total Expenses": NaN,
        "Diluted Average Shares": NaN,
        "Basic Average Shares": NaN,
        "Diluted EPS": NaN,
        "Basic EPS": NaN,
        "Diluted NI Availto Com Stockholders": NaN,
        "Net Income Common Stockholders": NaN,
        "Net Income": NaN,
        "Net Income Including Noncontrolling Interests": NaN,
        "Net Income Continuous Operations": NaN,
        "Tax Provision": NaN,
        "Pretax Income": NaN,
        "Other Income Expense": NaN,
        "Net Non Operating Interest Income Expense": 0.0,
        "Interest Expense Non Operating": 0.0,
        "Other Operating Expenses": NaN,
        "Selling General And Administration": NaN,
        "Selling And Marketing Expense": NaN,
        "General And Administrative Expense": NaN,
        "Other Gand A": NaN,
        "Total Revenue": NaN,
        "Operating Revenue": NaN,
        "Loss Adjustment Expense": NaN,
        "Net Policyholder Benefits And Claims": NaN
    },
    "2024-03-31": {
        "Tax Effect Of Unusual Items": NaN,
        "Tax Rate For Calcs": NaN,
        "Net Income From Continuing Operation Net Minority Interest": NaN,
        "Normalized Income": NaN,
        "Net Income From Continuing And Discontinued Operation": NaN,
        "Total Expenses": NaN,
        "Diluted Average Shares": NaN,
        "Basic Average Shares": NaN,
        "Diluted EPS": NaN,
        "Basic EPS": NaN,
        "Diluted NI Availto Com Stockholders": NaN,
        "Net Income Common Stockholders": NaN,
        "Net Income": NaN,
        "Net Income Including Noncontrolling Interests": NaN,
        "Net Income Continuous Operations": NaN,
        "Tax Provision": NaN,
        "Pretax Income": NaN,
        "Other Income Expense": NaN,
        "Other Operating Expenses": NaN,
        "Selling General And Administration": NaN,
        "Selling And Marketing Expense": 17207000.0,
        "General And Administrative Expense": NaN,
        "Other Gand A": NaN,
        "Total Revenue": NaN,
        "Operating Revenue": NaN,
        "Loss Adjustment Expense": 63570000.0,
        "Net Policyholder Benefits And Claims": 63570000.0
    },
    "2024-06-30": {
        "Tax Effect Of Unusual Items": NaN,
        "Tax Rate For Calcs": NaN,
        "Net Income From Continuing Operation Net Minority Interest": NaN,
        "Normalized Income": NaN,
        "Net Income From Continuing And Discontinued Operation": NaN,
        "Total Expenses": NaN,
        "Diluted Average Shares": NaN,
        "Basic Average Shares": NaN,
        "Diluted EPS": NaN,
        "Basic EPS": NaN,
        "Diluted NI Availto Com Stockholders": NaN,
        "Net Income Common Stockholders": NaN,
        "Net Income": NaN,
        "Net Income Including Noncontrolling Interests": NaN,
        "Net Income Continuous Operations": NaN,
        "Tax Provision": NaN,
        "Pretax Income": NaN,
        "Other Income Expense": NaN,
        "Other Operating Expenses": NaN,
        "Selling General And Administration": NaN,
        "Selling And Marketing Expense": 16954000.0,
        "General And Administrative Expense": NaN,
        "Other Gand A": NaN,
        "Total Revenue": NaN,
        "Operating Revenue": NaN,
        "Loss Adjustment Expense": 60945000.0,
        "Net Policyholder Benefits And Claims": 60945000.0
    },
    "2024-09-30": {
        "Tax Effect Of Unusual Items": 0.0,
        "Tax Rate For Calcs": 0.204,
        "Net Income From Continuing Operation Net Minority Interest": 159830000.0,
        "Normalized Income": 159830000.0,
        "Net Income From Continuing And Discontinued Operation": 159830000.0,
        "Total Expenses": 1025659000.0,
        "Diluted Average Shares": 52309056.0,
        "Basic Average Shares": 46191601.0,
        "Diluted EPS": 3.06,
        "Basic EPS": 3.43,
        "Diluted NI Availto Com Stockholders": 159830000.0,
        "Net Income Common Stockholders": 159830000.0,
        "Net Income": 159830000.0,
        "Net Income Including Noncontrolling Interests": 159830000.0,
        "Net Income Continuous Operations": 159830000.0,
        "Tax Provision": 41012000.0,
        "Pretax Income": 200842000.0,
        "Other Income Expense": 213570000.0,
        "Other Operating Expenses": -983000.0,
        "Selling General And Administration": 206754000.0,
        "Selling And Marketing Expense": NaN,
        "General And Administrative Expense": 206754000.0,
        "Other Gand A": 206754000.0,
        "Total Revenue": 1226501000.0,
        "Operating Revenue": 1226501000.0,
        "Loss Adjustment Expense": NaN,
        "Net Policyholder Benefits And Claims": NaN
    },
    "2024-12-31": {
        "Tax Effect Of Unusual Items": 0.0,
        "Tax Rate For Calcs": 0.20739,
        "Net Income From Continuing Operation Net Minority Interest": 152029000.0,
        "Normalized Income": 152029000.0,
        "Net Income From Continuing And Discontinued Operation": 152029000.0,
        "Total Expenses": 146359000.0,
        "Diluted Average Shares": 52313436.0,
        "Basic Average Shares": 46191602.0,
        "Diluted EPS": 2.91,
        "Basic EPS": 3.26,
        "Diluted NI Availto Com Stockholders": 152029000.0,
        "Net Income Common Stockholders": 152029000.0,
        "Net Income": 152029000.0,
        "Net Income Including Noncontrolling Interests": 152029000.0,
        "Net Income Continuous Operations": 152029000.0,
        "Tax Provision": 39779000.0,
        "Pretax Income": 191808000.0,
        "Other Income Expense": 208534000.0,
        "Other Operating Expenses": -4235000.0,
        "Selling General And Administration": 201987000.0,
        "Selling And Marketing Expense": NaN,
        "General And Administrative Expense": 201987000.0,
        "Other Gand A": 201987000.0,
        "Total Revenue": 338167000.0,
        "Operating Revenue": 338167000.0,
        "Loss Adjustment Expense": NaN,
        "Net Policyholder Benefits And Claims": NaN
    },
    "2025-03-31": {
        "Tax Effect Of Unusual Items": 0.0,
        "Tax Rate For Calcs": 0.208,
        "Net Income From Continuing Operation Net Minority Interest": 138417000.0,
        "Normalized Income": 138417000.0,
        "Net Income From Continuing And Discontinued Operation": 138417000.0,
        "Total Expenses": 1043939000.0,
        "Diluted Average Shares": 58405184.0,
        "Basic Average Shares": 52289703.0,
        "Diluted EPS": 2.65,
        "Basic EPS": 2.97,
        "Diluted NI Availto Com Stockholders": 138417000.0,
        "Net Income Common Stockholders": 138417000.0,
        "Net Income": 138417000.0,
        "Net Income Including Noncontrolling Interests": 138417000.0,
        "Net Income Continuous Operations": 138417000.0,
        "Tax Provision": 36329000.0,
        "Pretax Income": 174746000.0,
        "Other Income Expense": 216705000.0,
        "Other Operating Expenses": -3285000.0,
        "Selling General And Administration": 273431000.0,
        "Selling And Marketing Expense": 17375000.0,
        "General And Administrative Expense": 256056000.0,
        "Other Gand A": 256056000.0,
        "Total Revenue": 1218685000.0,
        "Operating Revenue": 1218685000.0,
        "Loss Adjustment Expense": 76472000.0,
        "Net Policyholder Benefits And Claims": 76472000.0
    },
    "2025-06-30": {
        "Tax Effect Of Unusual Items": 0.0,
        "Tax Rate For Calcs": 0.209,
        "Net Income From Continuing Operation Net Minority Interest": 174685000.0,
        "Normalized Income": 174685000.0,
        "Net Income From Continuing And Discontinued Operation": 174685000.0,
        "Total Expenses": 1071699000.0,
        "Diluted Average Shares": 52306949.0,
        "Basic Average Shares": 46191605.0,
        "Diluted EPS": 3.34,
        "Basic EPS": 3.75,
        "Diluted NI Availto Com Stockholders": 174685000.0,
        "Net Income Common Stockholders": 174685000.0,
        "Net Income": 174685000.0,
        "Net Income Including Noncontrolling Interests": 174685000.0,
        "Net Income Continuous Operations": 174685000.0,
        "Tax Provision": 46062000.0,
        "Pretax Income": 220747000.0,
        "Other Income Expense": 217948000.0,
        "Other Operating Expenses": -1786000.0,
        "Selling General And Administration": 276516000.0,
        "Selling And Marketing Expense": 19781000.0,
        "General And Administrative Expense": 256735000.0,
        "Other Gand A": 256735000.0,
        "Total Revenue": 1292446000.0,
        "Operating Revenue": 1292446000.0,
        "Loss Adjustment Expense": 69059000.0,
        "Net Policyholder Benefits And Claims": 69059000.0
    },
    "2025-09-30": {
        "Tax Effect Of Unusual Items": 0.0,
        "Tax Rate For Calcs": 0.214,
        "Net Income From Continuing Operation Net Minority Interest": 182853000.0,
        "Normalized Income": 182853000.0,
        "Net Income From Continuing And Discontinued Operation": 182853000.0,
        "Total Expenses": 1071316000.0,
        "Diluted Average Shares": 52308141.0,
        "Basic Average Shares": 46191610.0,
        "Diluted EPS": 3.5,
        "Basic EPS": 3.93,
        "Diluted NI Availto Com Stockholders": 182853000.0,
        "Net Income Common Stockholders": 182853000.0,
        "Net Income": 182853000.0,
        "Net Income Including Noncontrolling Interests": 182853000.0,
        "Net Income Continuous Operations": 182853000.0,
        "Tax Provision": 49908000.0,
        "Pretax Income": 232761000.0,
        "Other Income Expense": 222633000.0,
        "Other Operating Expenses": -2082000.0,
        "Selling General And Administration": 215694000.0,
        "Selling And Marketing Expense": NaN,
        "General And Administrative Expense": 215694000.0,
        "Other Gand A": 215694000.0,
        "Total Revenue": 1304077000.0,
        "Operating Revenue": 1304077000.0,
        "Loss Adjustment Expense": NaN,
        "Net Policyholder Benefits And Claims": NaN
    }
}