{
    "2023-03-31": {
        "Tax Effect Of Unusual Items": 0.0,
        "Tax Rate For Calcs": 0.155,
        "Normalized EBITDA": -6726000.0,
        "Net Income From Continuing Operation Net Minority Interest": -6296000.0,
        "Reconciled Depreciation": 1385000.0,
        "Reconciled Cost Of Revenue": 5246000.0,
        "EBITDA": -6726000.0,
        "EBIT": -8111000.0,
        "Net Interest Income": 621000.0,
        "Interest Income": 621000.0,
        "Normalized Income": -6296000.0,
        "Net Income From Continuing And Discontinued Operation": -6296000.0,
        "Total Expenses": 21512000.0,
        "Total Operating Income As Reported": -8111000.0,
        "Diluted Average Shares": 56228000.0,
        "Basic Average Shares": 56228000.0,
        "Diluted EPS": -0.11,
        "Basic EPS": -0.11,
        "Diluted NI Availto Com Stockholders": -6296000.0,
        "Net Income Common Stockholders": -6296000.0,
        "Net Income": -6296000.0,
        "Net Income Including Noncontrolling Interests": -6296000.0,
        "Net Income Continuous Operations": -6296000.0,
        "Tax Provision": -1159000.0,
        "Pretax Income": -7455000.0,
        "Other Income Expense": 35000.0,
        "Other Non Operating Income Expenses": 35000.0,
        "Net Non Operating Interest Income Expense": 621000.0,
        "Interest Income Non Operating": 621000.0,
        "Operating Income": -8111000.0,
        "Operating Expense": 16266000.0,
        "Research And Development": 4306000.0,
        "Selling General And Administration": 11960000.0,
        "Selling And Marketing Expense": 4894000.0,
        "General And Administrative Expense": 7066000.0,
        "Other Gand A": 7066000.0,
        "Gross Profit": 8155000.0,
        "Cost Of Revenue": 5246000.0,
        "Total Revenue": 13401000.0,
        "Operating Revenue": 13401000.0
    },
    "2022-12-31": {
        "Tax Effect Of Unusual Items": 0.0,
        "Tax Rate For Calcs": 0.107027,
        "Normalized EBITDA": 15961000.0,
        "Net Income From Continuing Operation Net Minority Interest": 13725000.0,
        "Reconciled Depreciation": 1356000.0,
        "Reconciled Cost Of Revenue": 12400000.0,
        "EBITDA": 15961000.0,
        "EBIT": 14605000.0,
        "Net Interest Income": 422000.0,
        "Interest Income": 422000.0,
        "Normalized Income": 13725000.0,
        "Net Income From Continuing And Discontinued Operation": 13725000.0,
        "Total Expenses": 27686000.0,
        "Total Operating Income As Reported": 14605000.0,
        "Diluted Average Shares": 57433000.0,
        "Basic Average Shares": 56014000.0,
        "Diluted EPS": 0.24,
        "Basic EPS": 0.25,
        "Diluted NI Availto Com Stockholders": 13725000.0,
        "Net Income Common Stockholders": 13725000.0,
        "Net Income": 13725000.0,
        "Net Income Including Noncontrolling Interests": 13725000.0,
        "Net Income Continuous Operations": 13725000.0,
        "Tax Provision": 1645000.0,
        "Pretax Income": 15370000.0,
        "Other Income Expense": 343000.0,
        "Other Non Operating Income Expenses": 343000.0,
        "Net Non Operating Interest Income Expense": 422000.0,
        "Interest Income Non Operating": 422000.0,
        "Operating Income": 14605000.0,
        "Operating Expense": 15286000.0,
        "Research And Development": 3739000.0,
        "Selling General And Administration": 11547000.0,
        "Selling And Marketing Expense": 4361000.0,
        "General And Administrative Expense": 7186000.0,
        "Other Gand A": 7186000.0,
        "Gross Profit": 29891000.0,
        "Cost Of Revenue": 12400000.0,
        "Total Revenue": 42291000.0,
        "Operating Revenue": 42291000.0
    },
    "2022-09-30": {
        "Tax Effect Of Unusual Items": 0.0,
        "Tax Rate For Calcs": 0.072,
        "Normalized EBITDA": 6203000.0,
        "Net Income From Continuing Operation Net Minority Interest": 4789000.0,
        "Reconciled Depreciation": 1297000.0,
        "Reconciled Cost Of Revenue": 9417000.0,
        "EBITDA": 6203000.0,
        "EBIT": 4906000.0,
        "Net Interest Income": 259000.0,
        "Interest Income": 259000.0,
        "Normalized Income": 4789000.0,
        "Net Income From Continuing And Discontinued Operation": 4789000.0,
        "Total Expenses": 25556000.0,
        "Total Operating Income As Reported": 4906000.0,
        "Diluted Average Shares": 57372000.0,
        "Basic Average Shares": 55881000.0,
        "Diluted EPS": 0.08,
        "Basic EPS": 0.09,
        "Diluted NI Availto Com Stockholders": 4789000.0,
        "Net Income Common Stockholders": 4789000.0,
        "Net Income": 4789000.0,
        "Net Income Including Noncontrolling Interests": 4789000.0,
        "Net Income Continuous Operations": 4789000.0,
        "Tax Provision": 371000.0,
        "Pretax Income": 5160000.0,
        "Other Income Expense": -5000.0,
        "Other Non Operating Income Expenses": -5000.0,
        "Net Non Operating Interest Income Expense": 259000.0,
        "Interest Income Non Operating": 259000.0,
        "Operating Income": 4906000.0,
        "Operating Expense": 16139000.0,
        "Research And Development": 3828000.0,
        "Selling General And Administration": 12311000.0,
        "Selling And Marketing Expense": 4703000.0,
        "General And Administrative Expense": 7608000.0,
        "Other Gand A": 7608000.0,
        "Gross Profit": 21045000.0,
        "Cost Of Revenue": 9417000.0,
        "Total Revenue": 30462000.0,
        "Operating Revenue": 30462000.0
    },
    "2022-06-30": {
        "Tax Effect Of Unusual Items": 0.0,
        "Tax Rate For Calcs": 0.157,
        "Normalized EBITDA": -643000.0,
        "Net Income From Continuing Operation Net Minority Interest": -2359000.0,
        "Reconciled Depreciation": 2261000.0,
        "Reconciled Cost Of Revenue": 6920000.0,
        "EBITDA": -643000.0,
        "EBIT": -2904000.0,
        "Net Interest Income": 166000.0,
        "Interest Income": 166000.0,
        "Normalized Income": -2359000.0,
        "Net Income From Continuing And Discontinued Operation": -2359000.0,
        "Total Expenses": 23196000.0,
        "Total Operating Income As Reported": -2904000.0,
        "Diluted Average Shares": 56218000.0,
        "Basic Average Shares": 56218000.0,
        "Diluted EPS": -0.04,
        "Basic EPS": -0.04,
        "Diluted NI Availto Com Stockholders": -2359000.0,
        "Net Income Common Stockholders": -2359000.0,
        "Net Income": -2359000.0,
        "Net Income Including Noncontrolling Interests": -2359000.0,
        "Net Income Continuous Operations": -2359000.0,
        "Tax Provision": -439000.0,
        "Pretax Income": -2798000.0,
        "Other Income Expense": -60000.0,
        "Other Non Operating Income Expenses": -60000.0,
        "Net Non Operating Interest Income Expense": 166000.0,
        "Interest Income Non Operating": 166000.0,
        "Operating Income": -2904000.0,
        "Operating Expense": 16276000.0,
        "Research And Development": 5431000.0,
        "Selling General And Administration": 10845000.0,
        "Selling And Marketing Expense": 3849000.0,
        "General And Administrative Expense": 6996000.0,
        "Other Gand A": 6996000.0,
        "Gross Profit": 13372000.0,
        "Cost Of Revenue": 6920000.0,
        "Total Revenue": 20292000.0,
        "Operating Revenue": 20292000.0
    },
    "2023-06-30": {
        "Tax Effect Of Unusual Items": 0.0,
        "Tax Rate For Calcs": 0.137306,
        "Normalized EBITDA": -1144000.0,
        "Net Income From Continuing Operation Net Minority Interest": -1665000.0,
        "Reconciled Depreciation": 1442000.0,
        "Reconciled Cost Of Revenue": 7180000.0,
        "EBITDA": -1144000.0,
        "EBIT": -2586000.0,
        "Net Interest Income": 782000.0,
        "Interest Income": 782000.0,
        "Normalized Income": -1665000.0,
        "Net Income From Continuing And Discontinued Operation": -1665000.0,
        "Total Expenses": 23309000.0,
        "Total Operating Income As Reported": -2586000.0,
        "Diluted Average Shares": 56363000.0,
        "Basic Average Shares": 56363000.0,
        "Diluted EPS": -0.03,
        "Basic EPS": -0.03,
        "Diluted NI Availto Com Stockholders": -1665000.0,
        "Net Income Common Stockholders": -1665000.0,
        "Net Income": -1665000.0,
        "Net Income Including Noncontrolling Interests": -1665000.0,
        "Net Income Continuous Operations": -1665000.0,
        "Tax Provision": -265000.0,
        "Pretax Income": -1930000.0,
        "Other Income Expense": -126000.0,
        "Other Non Operating Income Expenses": -126000.0,
        "Net Non Operating Interest Income Expense": 782000.0,
        "Interest Income Non Operating": 782000.0,
        "Operating Income": -2586000.0,
        "Operating Expense": 16129000.0,
        "Research And Development": 3768000.0,
        "Selling General And Administration": 12361000.0,
        "Selling And Marketing Expense": 5092000.0,
        "General And Administrative Expense": 7269000.0,
        "Other Gand A": 7269000.0,
        "Gross Profit": 13543000.0,
        "Cost Of Revenue": 7180000.0,
        "Total Revenue": 20723000.0,
        "Operating Revenue": 20723000.0
    },
    "2022-03-31": {
        "Diluted EPS": 0.14,
        "Total Revenue": 33,
        "Gross Profit": 23,
        "Operating Income": 8,
        "EBIT": 10,
        "Net Income": 8
    },
    "2021-12-31": {
        "Diluted EPS": 0.08,
        "Total Revenue": 34,
        "Gross Profit": 23,
        "Operating Income": 6,
        "EBIT": 8,
        "Net Income": 5
    },
    "2021-09-30": {
        "Diluted EPS": 0.02,
        "Total Revenue": 21,
        "Gross Profit": 15,
        "Operating Income": 1,
        "EBIT": 3,
        "Net Income": 1
    },
    "2021-06-30": {
        "Diluted EPS": 0.02,
        "Total Revenue": 21,
        "Gross Profit": 13,
        "Operating Income": 0,
        "EBIT": 2,
        "Net Income": 1
    },
    "2021-03-31": {
        "Diluted EPS": 0.12,
        "Total Revenue": 29,
        "Gross Profit": 20,
        "Operating Income": 6,
        "EBIT": 8,
        "Net Income": 7
    },
    "2020-12-31": {
        "Diluted EPS": 0.06,
        "Total Revenue": 26,
        "Gross Profit": 18,
        "Operating Income": 4,
        "EBIT": 5,
        "Net Income": 3
    },
    "2020-09-30": {
        "Diluted EPS": 0.1,
        "Total Revenue": 27,
        "Gross Profit": 20,
        "Operating Income": 6,
        "EBIT": 7,
        "Net Income": 5
    },
    "2020-06-30": {
        "Diluted EPS": 0.3,
        "Total Revenue": 44,
        "Gross Profit": 37,
        "Operating Income": 21,
        "EBIT": 23,
        "Net Income": 17
    },
    "2020-03-31": {
        "Diluted EPS": 0.01,
        "Total Revenue": 22,
        "Gross Profit": 16,
        "Operating Income": 0,
        "EBIT": 2,
        "Net Income": 1
    },
    "2019-12-31": {
        "Diluted EPS": -0.02,
        "Total Revenue": 20,
        "Gross Profit": 15,
        "Operating Income": -1,
        "EBIT": 0,
        "Net Income": -1
    },
    "2019-09-30": {
        "Diluted EPS": 0.09,
        "Total Revenue": 25,
        "Gross Profit": 19,
        "Operating Income": 5,
        "EBIT": 6,
        "Net Income": 5
    },
    "2019-06-30": {
        "Diluted EPS": 0.07,
        "Total Revenue": 23,
        "Gross Profit": 17,
        "Operating Income": 4,
        "EBIT": 5,
        "Net Income": 4
    },
    "2019-03-31": {
        "Diluted EPS": 0.05,
        "Total Revenue": 20,
        "Gross Profit": 15,
        "Operating Income": 3,
        "EBIT": 4,
        "Net Income": 3
    },
    "2018-12-31": {
        "Diluted EPS": 0.05,
        "Total Revenue": 18,
        "Gross Profit": 14,
        "Operating Income": 1,
        "EBIT": 2,
        "Net Income": 2
    },
    "2018-09-30": {
        "Diluted EPS": 0.08,
        "Total Revenue": 22,
        "Gross Profit": 17,
        "Operating Income": 6,
        "EBIT": 7,
        "Net Income": 5
    },
    "2018-06-30": {
        "Diluted EPS": 0.28,
        "Total Revenue": 21,
        "Gross Profit": 15,
        "Operating Income": 4,
        "EBIT": 5,
        "Net Income": 16
    },
    "2018-03-31": {
        "Diluted EPS": -0.01,
        "Total Revenue": 14,
        "Gross Profit": 10,
        "Operating Income": -1,
        "EBIT": 0,
        "Net Income": -1
    },
    "2017-12-31": {
        "Diluted EPS": 0.24,
        "Total Revenue": 24,
        "Gross Profit": 17,
        "Operating Income": 4,
        "EBIT": 5,
        "Net Income": 14
    },
    "2017-09-30": {
        "Diluted EPS": 0.06,
        "Total Revenue": 17,
        "Gross Profit": 13,
        "Operating Income": 4,
        "EBIT": 5,
        "Net Income": 3
    },
    "2017-06-30": {
        "Diluted EPS": 0.02,
        "Total Revenue": 14,
        "Gross Profit": 10,
        "Operating Income": 1,
        "EBIT": 2,
        "Net Income": 1
    },
    "2017-03-31": {
        "Diluted EPS": 0.01,
        "Total Revenue": 14,
        "Gross Profit": 10,
        "Operating Income": 0,
        "EBIT": 1,
        "Net Income": 0
    },
    "2016-12-31": {
        "Diluted EPS": 0.11,
        "Total Revenue": 21,
        "Gross Profit": 15,
        "Operating Income": 6,
        "EBIT": 7,
        "Net Income": 6
    },
    "2016-09-30": {
        "Diluted EPS": -0.01,
        "Total Revenue": 12,
        "Gross Profit": 8,
        "Operating Income": -1,
        "EBIT": 0,
        "Net Income": -1
    },
    "2016-06-30": {
        "Diluted EPS": 0.01,
        "Total Revenue": 13,
        "Gross Profit": 9,
        "Operating Income": 0,
        "EBIT": 1,
        "Net Income": 0
    },
    "2016-03-31": {
        "Diluted EPS": -0.04,
        "Total Revenue": 11,
        "Gross Profit": 8,
        "Operating Income": -2,
        "EBIT": -1,
        "Net Income": -2
    },
    "2015-12-31": {
        "Diluted EPS": 0.01,
        "Total Revenue": 16,
        "Gross Profit": 9,
        "Operating Income": 0,
        "EBIT": 1,
        "Net Income": 0
    },
    "2015-09-30": {
        "Diluted EPS": -0.01,
        "Total Revenue": 12,
        "Gross Profit": 7,
        "Operating Income": 0,
        "EBIT": 1,
        "Net Income": 0
    },
    "2015-06-30": {
        "Diluted EPS": -0.06,
        "Total Revenue": 10,
        "Gross Profit": 6,
        "Operating Income": -3,
        "EBIT": -2,
        "Net Income": -3
    },
    "2015-03-31": {
        "Diluted EPS": -0.16,
        "Total Revenue": 6,
        "Gross Profit": 3,
        "Operating Income": -8,
        "EBIT": -7,
        "Net Income": -8
    },
    "2014-12-31": {
        "Diluted EPS": -0.09,
        "Total Revenue": 15,
        "Gross Profit": 9,
        "Operating Income": -5,
        "EBIT": -4,
        "Net Income": -5
    },
    "2014-09-30": {
        "Diluted EPS": -0.11,
        "Total Revenue": 5,
        "Gross Profit": 2,
        "Operating Income": -5,
        "EBIT": -4,
        "Net Income": -6
    },
    "2014-06-30": {
        "Diluted EPS": -0.09,
        "Total Revenue": 6,
        "Gross Profit": 3,
        "Operating Income": -5,
        "EBIT": -3,
        "Net Income": -5
    },
    "2014-03-31": {
        "Diluted EPS": -0.07,
        "Total Revenue": 4,
        "Gross Profit": 2,
        "Operating Income": -4,
        "EBIT": -3,
        "Net Income": -4
    },
    "2013-12-31": {
        "Diluted EPS": 0.14,
        "Total Revenue": 23,
        "Gross Profit": 15,
        "Operating Income": 7,
        "EBIT": 8,
        "Net Income": 7
    },
    "2013-09-30": {
        "Diluted EPS": -0.08,
        "Total Revenue": 5,
        "Gross Profit": 3,
        "Operating Income": -4,
        "EBIT": -3,
        "Net Income": -4
    },
    "2013-06-30": {
        "Diluted EPS": -0.03,
        "Total Revenue": 9,
        "Gross Profit": 5,
        "Operating Income": -1,
        "EBIT": 0,
        "Net Income": -1
    },
    "2013-03-31": {
        "Diluted EPS": -0.09,
        "Total Revenue": 6,
        "Gross Profit": 3,
        "Operating Income": -4,
        "EBIT": -3,
        "Net Income": -5
    },
    "2012-12-31": {
        "Diluted EPS": -0.04,
        "Total Revenue": 15,
        "Gross Profit": 6,
        "Operating Income": -2,
        "EBIT": -1,
        "Net Income": -2
    },
    "2012-09-30": {
        "Diluted EPS": -0.04,
        "Total Revenue": 10,
        "Gross Profit": 6,
        "Operating Income": -2,
        "EBIT": -1,
        "Net Income": -2
    },
    "2012-06-30": {
        "Diluted EPS": 0.01,
        "Total Revenue": 12,
        "Gross Profit": 7,
        "Operating Income": 0,
        "EBIT": 1,
        "Net Income": 0
    },
    "2012-03-31": {
        "Diluted EPS": -0.09,
        "Total Revenue": 5,
        "Gross Profit": 1,
        "Operating Income": -5,
        "EBIT": -4,
        "Net Income": -5
    },
    "2011-12-31": {
        "Diluted EPS": -0.19,
        "Total Revenue": 6,
        "Gross Profit": 0,
        "Operating Income": -11,
        "EBIT": -9,
        "Net Income": -10
    },
    "2011-09-30": {
        "Diluted EPS": -0.22,
        "Total Revenue": 5,
        "Gross Profit": 1,
        "Operating Income": -7,
        "EBIT": -5,
        "Net Income": -11
    },
    "2011-06-30": {
        "Diluted EPS": -0.06,
        "Total Revenue": 7,
        "Gross Profit": 2,
        "Operating Income": -5,
        "EBIT": -4,
        "Net Income": -3
    },
    "2011-03-31": {
        "Diluted EPS": -0.03,
        "Total Revenue": 10,
        "Gross Profit": 5,
        "Operating Income": -3,
        "EBIT": -2,
        "Net Income": -2
    },
    "2010-12-31": {
        "Diluted EPS": 0.01,
        "Total Revenue": 13,
        "Gross Profit": 6,
        "Operating Income": 0,
        "EBIT": 2,
        "Net Income": 0
    },
    "2010-09-30": {
        "Diluted EPS": -0.07,
        "Total Revenue": 7,
        "Gross Profit": 2,
        "Operating Income": -5,
        "EBIT": -3,
        "Net Income": -4
    },
    "2010-06-30": {
        "Diluted EPS": -0.01,
        "Total Revenue": 13,
        "Gross Profit": 7,
        "Operating Income": -1,
        "EBIT": 1,
        "Net Income": 0
    },
    "2010-03-31": {
        "Diluted EPS": 0.0,
        "Total Revenue": 13,
        "Gross Profit": 7,
        "Operating Income": 0,
        "EBIT": 2,
        "Net Income": 0
    },
    "2009-12-31": {
        "Diluted EPS": 0.03,
        "Total Revenue": 16,
        "Gross Profit": 9,
        "Operating Income": 3,
        "EBIT": 4,
        "Net Income": 2
    },
    "2009-09-30": {
        "Diluted EPS": 0.01,
        "Total Revenue": 10,
        "Gross Profit": 6,
        "Operating Income": 1,
        "EBIT": 1,
        "Net Income": 1
    },
    "2009-06-30": {
        "Diluted EPS": 0.0,
        "Total Revenue": 9,
        "Gross Profit": 6,
        "Operating Income": 0,
        "EBIT": 0,
        "Net Income": 0
    },
    "2009-03-31": {
        "Diluted EPS": 0.03,
        "Total Revenue": 13,
        "Gross Profit": 8,
        "Operating Income": 3,
        "EBIT": 3,
        "Net Income": 2
    },
    "2023-09-30": {
        "Tax Effect Of Unusual Items": NaN,
        "Tax Rate For Calcs": NaN,
        "Normalized EBITDA": NaN,
        "Net Income From Continuing Operation Net Minority Interest": NaN,
        "Reconciled Depreciation": NaN,
        "Reconciled Cost Of Revenue": NaN,
        "EBITDA": NaN,
        "EBIT": NaN,
        "Net Interest Income": NaN,
        "Interest Income": NaN,
        "Normalized Income": NaN,
        "Net Income From Continuing And Discontinued Operation": NaN,
        "Total Expenses": NaN,
        "Total Operating Income As Reported": NaN,
        "Diluted Average Shares": 57969000.0,
        "Basic Average Shares": 56443000.0,
        "Diluted EPS": 0.17,
        "Basic EPS": 0.17,
        "Diluted NI Availto Com Stockholders": NaN,
        "Net Income Common Stockholders": NaN,
        "Net Income": NaN,
        "Net Income Including Noncontrolling Interests": NaN,
        "Net Income Continuous Operations": NaN,
        "Tax Provision": NaN,
        "Pretax Income": NaN,
        "Other Income Expense": NaN,
        "Other Non Operating Income Expenses": NaN,
        "Net Non Operating Interest Income Expense": NaN,
        "Interest Income Non Operating": NaN,
        "Operating Income": NaN,
        "Operating Expense": NaN,
        "Research And Development": NaN,
        "Selling General And Administration": NaN,
        "Selling And Marketing Expense": NaN,
        "General And Administrative Expense": NaN,
        "Other Gand A": NaN,
        "Gross Profit": NaN,
        "Cost Of Revenue": NaN,
        "Total Revenue": NaN,
        "Operating Revenue": NaN
    },
    "2023-12-31": {
        "Tax Effect Of Unusual Items": 0.0,
        "Tax Rate For Calcs": 0.096157,
        "Normalized EBITDA": 22064000.0,
        "Net Income From Continuing Operation Net Minority Interest": 19805000.0,
        "Reconciled Depreciation": 1450000.0,
        "Reconciled Cost Of Revenue": 17690000.0,
        "EBITDA": 22064000.0,
        "EBIT": 20614000.0,
        "Net Interest Income": 1270000.0,
        "Interest Income": 1270000.0,
        "Normalized Income": 19805000.0,
        "Net Income From Continuing And Discontinued Operation": 19805000.0,
        "Total Expenses": 36575000.0,
        "Total Operating Income As Reported": 20614000.0,
        "Diluted Average Shares": 57671000.0,
        "Basic Average Shares": 56735000.0,
        "Diluted EPS": 0.34,
        "Basic EPS": 0.35,
        "Diluted NI Availto Com Stockholders": 19805000.0,
        "Net Income Common Stockholders": 19805000.0,
        "Net Income": 19805000.0,
        "Net Income Including Noncontrolling Interests": 19805000.0,
        "Net Income Continuous Operations": 19805000.0,
        "Tax Provision": 2107000.0,
        "Pretax Income": 21912000.0,
        "Other Income Expense": 28000.0,
        "Other Non Operating Income Expenses": 28000.0,
        "Net Non Operating Interest Income Expense": 1270000.0,
        "Interest Income Non Operating": 1270000.0,
        "Operating Income": 20614000.0,
        "Operating Expense": 18885000.0,
        "Research And Development": 4958000.0,
        "Selling General And Administration": 13927000.0,
        "Selling And Marketing Expense": 6767000.0,
        "General And Administrative Expense": 7160000.0,
        "Other Gand A": 7160000.0,
        "Gross Profit": 39499000.0,
        "Cost Of Revenue": 17690000.0,
        "Total Revenue": 57189000.0,
        "Operating Revenue": 57189000.0
    },
    "2024-03-31": {
        "Tax Effect Of Unusual Items": NaN,
        "Tax Rate For Calcs": NaN,
        "Normalized EBITDA": NaN,
        "Total Unusual Items": 0.0,
        "Total Unusual Items Excluding Goodwill": 0.0,
        "Net Income From Continuing Operation Net Minority Interest": NaN,
        "Reconciled Depreciation": NaN,
        "Reconciled Cost Of Revenue": NaN,
        "EBITDA": NaN,
        "EBIT": NaN,
        "Net Interest Income": NaN,
        "Interest Income": NaN,
        "Normalized Income": NaN,
        "Net Income From Continuing And Discontinued Operation": NaN,
        "Total Expenses": NaN,
        "Total Operating Income As Reported": NaN,
        "Diluted Average Shares": NaN,
        "Basic Average Shares": NaN,
        "Diluted EPS": NaN,
        "Basic EPS": NaN,
        "Diluted NI Availto Com Stockholders": NaN,
        "Net Income Common Stockholders": NaN,
        "Net Income": NaN,
        "Net Income Including Noncontrolling Interests": NaN,
        "Net Income Continuous Operations": NaN,
        "Tax Provision": NaN,
        "Pretax Income": NaN,
        "Other Income Expense": NaN,
        "Other Non Operating Income Expenses": NaN,
        "Special Income Charges": 0.0,
        "Restructuring And Mergern Acquisition": 0.0,
        "Net Non Operating Interest Income Expense": NaN,
        "Interest Income Non Operating": NaN,
        "Operating Income": NaN,
        "Operating Expense": NaN,
        "Research And Development": NaN,
        "Selling General And Administration": NaN,
        "Selling And Marketing Expense": NaN,
        "General And Administrative Expense": NaN,
        "Other Gand A": NaN,
        "Gross Profit": NaN,
        "Cost Of Revenue": NaN,
        "Total Revenue": NaN,
        "Operating Revenue": NaN
    },
    "2024-06-30": {
        "Tax Effect Of Unusual Items": NaN,
        "Tax Rate For Calcs": NaN,
        "Normalized EBITDA": NaN,
        "Total Unusual Items": 0.0,
        "Total Unusual Items Excluding Goodwill": 0.0,
        "Net Income From Continuing Operation Net Minority Interest": NaN,
        "Reconciled Depreciation": NaN,
        "Reconciled Cost Of Revenue": NaN,
        "EBITDA": NaN,
        "EBIT": NaN,
        "Net Interest Income": NaN,
        "Interest Income": NaN,
        "Normalized Income": NaN,
        "Net Income From Continuing And Discontinued Operation": NaN,
        "Total Expenses": NaN,
        "Total Operating Income As Reported": NaN,
        "Diluted Average Shares": NaN,
        "Basic Average Shares": NaN,
        "Diluted EPS": NaN,
        "Basic EPS": NaN,
        "Diluted NI Availto Com Stockholders": NaN,
        "Net Income Common Stockholders": NaN,
        "Net Income": NaN,
        "Net Income Including Noncontrolling Interests": NaN,
        "Net Income Continuous Operations": NaN,
        "Tax Provision": NaN,
        "Pretax Income": NaN,
        "Other Income Expense": NaN,
        "Other Non Operating Income Expenses": NaN,
        "Special Income Charges": 0.0,
        "Restructuring And Mergern Acquisition": 0.0,
        "Net Non Operating Interest Income Expense": NaN,
        "Interest Income Non Operating": NaN,
        "Operating Income": NaN,
        "Operating Expense": NaN,
        "Research And Development": NaN,
        "Selling General And Administration": NaN,
        "Selling And Marketing Expense": NaN,
        "General And Administrative Expense": NaN,
        "Other Gand A": NaN,
        "Gross Profit": NaN,
        "Cost Of Revenue": NaN,
        "Total Revenue": NaN,
        "Operating Revenue": NaN
    },
    "2024-09-30": {
        "Tax Effect Of Unusual Items": 0.0,
        "Tax Rate For Calcs": 0.039,
        "Normalized EBITDA": 8513000.0,
        "Total Unusual Items": NaN,
        "Total Unusual Items Excluding Goodwill": NaN,
        "Net Income From Continuing Operation Net Minority Interest": 8481000.0,
        "Reconciled Depreciation": 1456000.0,
        "Reconciled Cost Of Revenue": 13472000.0,
        "EBITDA": 8513000.0,
        "EBIT": 7057000.0,
        "Net Interest Income": 1711000.0,
        "Interest Income": 1711000.0,
        "Normalized Income": 8481000.0,
        "Net Income From Continuing And Discontinued Operation": 8481000.0,
        "Total Expenses": 31527000.0,
        "Total Operating Income As Reported": 7057000.0,
        "Diluted Average Shares": 58290000.0,
        "Basic Average Shares": 57756000.0,
        "Diluted EPS": 0.15,
        "Basic EPS": 0.15,
        "Diluted NI Availto Com Stockholders": 8481000.0,
        "Net Income Common Stockholders": 8481000.0,
        "Net Income": 8481000.0,
        "Net Income Including Noncontrolling Interests": 8481000.0,
        "Net Income Continuous Operations": 8481000.0,
        "Tax Provision": 344000.0,
        "Pretax Income": 8825000.0,
        "Other Income Expense": 57000.0,
        "Other Non Operating Income Expenses": 57000.0,
        "Special Income Charges": NaN,
        "Restructuring And Mergern Acquisition": NaN,
        "Net Non Operating Interest Income Expense": 1711000.0,
        "Interest Income Non Operating": 1711000.0,
        "Operating Income": 7057000.0,
        "Operating Expense": 18055000.0,
        "Research And Development": 3969000.0,
        "Selling General And Administration": 14086000.0,
        "Selling And Marketing Expense": 6413000.0,
        "General And Administrative Expense": 7673000.0,
        "Other Gand A": 7673000.0,
        "Gross Profit": 25112000.0,
        "Cost Of Revenue": 13472000.0,
        "Total Revenue": 38584000.0,
        "Operating Revenue": 38584000.0
    },
    "2024-12-31": {
        "Tax Effect Of Unusual Items": 0.0,
        "Tax Rate For Calcs": 0.12601,
        "Normalized EBITDA": 29544000.0,
        "Total Unusual Items": NaN,
        "Total Unusual Items Excluding Goodwill": NaN,
        "Net Income From Continuing Operation Net Minority Interest": 23471000.0,
        "Reconciled Depreciation": 1453000.0,
        "Reconciled Cost Of Revenue": 19955000.0,
        "EBITDA": 29544000.0,
        "EBIT": 28091000.0,
        "Net Interest Income": 1402000.0,
        "Interest Income": 1402000.0,
        "Normalized Income": 23471000.0,
        "Net Income From Continuing And Discontinued Operation": 23471000.0,
        "Total Expenses": 38984000.0,
        "Total Operating Income As Reported": 25615000.0,
        "Diluted Average Shares": 57236000.0,
        "Basic Average Shares": 56629000.0,
        "Diluted EPS": 0.41,
        "Basic EPS": 0.41,
        "Diluted NI Availto Com Stockholders": 23471000.0,
        "Net Income Common Stockholders": 23471000.0,
        "Net Income": 23471000.0,
        "Net Income Including Noncontrolling Interests": 23471000.0,
        "Net Income Continuous Operations": 23471000.0,
        "Tax Provision": 3384000.0,
        "Pretax Income": 26855000.0,
        "Other Income Expense": -2638000.0,
        "Other Non Operating Income Expenses": -162000.0,
        "Special Income Charges": NaN,
        "Restructuring And Mergern Acquisition": NaN,
        "Net Non Operating Interest Income Expense": 1402000.0,
        "Interest Income Non Operating": 1402000.0,
        "Operating Income": 28091000.0,
        "Operating Expense": 19029000.0,
        "Research And Development": 3972000.0,
        "Selling General And Administration": 15057000.0,
        "Selling And Marketing Expense": 6754000.0,
        "General And Administrative Expense": 8303000.0,
        "Other Gand A": 8303000.0,
        "Gross Profit": 47120000.0,
        "Cost Of Revenue": 19955000.0,
        "Total Revenue": 67075000.0,
        "Operating Revenue": 67075000.0
    },
    "2025-03-31": {
        "Tax Effect Of Unusual Items": -75460.0,
        "Tax Rate For Calcs": 0.14,
        "Normalized EBITDA": -10058000.0,
        "Total Unusual Items": -539000.0,
        "Total Unusual Items Excluding Goodwill": -539000.0,
        "Net Income From Continuing Operation Net Minority Interest": -9880000.0,
        "Reconciled Depreciation": 1426000.0,
        "Reconciled Cost Of Revenue": 3607000.0,
        "EBITDA": -10597000.0,
        "EBIT": -12023000.0,
        "Net Interest Income": 1073000.0,
        "Interest Income": 1073000.0,
        "Normalized Income": -9416460.0,
        "Net Income From Continuing And Discontinued Operation": -9880000.0,
        "Total Expenses": 20088000.0,
        "Total Operating Income As Reported": -12562000.0,
        "Diluted Average Shares": 54902000.0,
        "Basic Average Shares": 54902000.0,
        "Diluted EPS": -0.18,
        "Basic EPS": -0.18,
        "Diluted NI Availto Com Stockholders": -9880000.0,
        "Net Income Common Stockholders": -9880000.0,
        "Net Income": -9880000.0,
        "Net Income Including Noncontrolling Interests": -9880000.0,
        "Net Income Continuous Operations": -9880000.0,
        "Tax Provision": -1603000.0,
        "Pretax Income": -11483000.0,
        "Other Income Expense": -533000.0,
        "Other Non Operating Income Expenses": 6000.0,
        "Special Income Charges": -539000.0,
        "Restructuring And Mergern Acquisition": 539000.0,
        "Net Non Operating Interest Income Expense": 1073000.0,
        "Interest Income Non Operating": 1073000.0,
        "Operating Income": -12023000.0,
        "Operating Expense": 16481000.0,
        "Research And Development": 3001000.0,
        "Selling General And Administration": 13480000.0,
        "Selling And Marketing Expense": 4906000.0,
        "General And Administrative Expense": 8574000.0,
        "Other Gand A": 8574000.0,
        "Gross Profit": 4458000.0,
        "Cost Of Revenue": 3607000.0,
        "Total Revenue": 8065000.0,
        "Operating Revenue": 8065000.0
    },
    "2025-06-30": {
        "Tax Effect Of Unusual Items": 0.0,
        "Tax Rate For Calcs": 0.139866,
        "Normalized EBITDA": 2890000.0,
        "Total Unusual Items": 0.0,
        "Total Unusual Items Excluding Goodwill": 0.0,
        "Net Income From Continuing Operation Net Minority Interest": 2054000.0,
        "Reconciled Depreciation": 1416000.0,
        "Reconciled Cost Of Revenue": 10097000.0,
        "EBITDA": 2890000.0,
        "EBIT": 1474000.0,
        "Net Interest Income": 940000.0,
        "Interest Income": 940000.0,
        "Normalized Income": 2054000.0,
        "Net Income From Continuing And Discontinued Operation": 2054000.0,
        "Total Expenses": 26577000.0,
        "Total Operating Income As Reported": 1474000.0,
        "Diluted Average Shares": 54486000.0,
        "Basic Average Shares": 54257000.0,
        "Diluted EPS": 0.04,
        "Basic EPS": 0.04,
        "Diluted NI Availto Com Stockholders": 2054000.0,
        "Net Income Common Stockholders": 2054000.0,
        "Net Income": 2054000.0,
        "Net Income Including Noncontrolling Interests": 2054000.0,
        "Net Income Continuous Operations": 2054000.0,
        "Tax Provision": 334000.0,
        "Pretax Income": 2388000.0,
        "Other Income Expense": -26000.0,
        "Other Non Operating Income Expenses": -26000.0,
        "Special Income Charges": 0.0,
        "Restructuring And Mergern Acquisition": 0.0,
        "Net Non Operating Interest Income Expense": 940000.0,
        "Interest Income Non Operating": 940000.0,
        "Operating Income": 1474000.0,
        "Operating Expense": 16480000.0,
        "Research And Development": 3451000.0,
        "Selling General And Administration": 13029000.0,
        "Selling And Marketing Expense": 5360000.0,
        "General And Administrative Expense": 7669000.0,
        "Other Gand A": 7669000.0,
        "Gross Profit": 17954000.0,
        "Cost Of Revenue": 10097000.0,
        "Total Revenue": 28051000.0,
        "Operating Revenue": 28051000.0
    },
    "2025-09-30": {
        "Tax Effect Of Unusual Items": 0.0,
        "Tax Rate For Calcs": 0.149,
        "Normalized EBITDA": 5073000.0,
        "Total Unusual Items": 0.0,
        "Total Unusual Items Excluding Goodwill": 0.0,
        "Net Income From Continuing Operation Net Minority Interest": 3874000.0,
        "Reconciled Depreciation": 1411000.0,
        "Reconciled Cost Of Revenue": 11442000.0,
        "EBITDA": 5073000.0,
        "EBIT": 3662000.0,
        "Net Interest Income": 847000.0,
        "Interest Income": 847000.0,
        "Normalized Income": 3874000.0,
        "Net Income From Continuing And Discontinued Operation": 3874000.0,
        "Total Expenses": 28338000.0,
        "Total Operating Income As Reported": 3662000.0,
        "Diluted Average Shares": 53466000.0,
        "Basic Average Shares": 53162000.0,
        "Diluted EPS": 0.07,
        "Basic EPS": 0.07,
        "Diluted NI Availto Com Stockholders": 3874000.0,
        "Net Income Common Stockholders": 3874000.0,
        "Net Income": 3874000.0,
        "Net Income Including Noncontrolling Interests": 3874000.0,
        "Net Income Continuous Operations": 3874000.0,
        "Tax Provision": 680000.0,
        "Pretax Income": 4554000.0,
        "Other Income Expense": 45000.0,
        "Other Non Operating Income Expenses": 45000.0,
        "Special Income Charges": 0.0,
        "Restructuring And Mergern Acquisition": 0.0,
        "Net Non Operating Interest Income Expense": 847000.0,
        "Interest Income Non Operating": 847000.0,
        "Operating Income": 3662000.0,
        "Operating Expense": 16896000.0,
        "Research And Development": 3668000.0,
        "Selling General And Administration": 13228000.0,
        "Selling And Marketing Expense": 5714000.0,
        "General And Administrative Expense": 7514000.0,
        "Other Gand A": 7514000.0,
        "Gross Profit": 20558000.0,
        "Cost Of Revenue": 11442000.0,
        "Total Revenue": 32000000.0,
        "Operating Revenue": 32000000.0
    }
}