{
    "2023-03-31": {
        "Tax Effect Of Unusual Items": NaN,
        "Tax Rate For Calcs": NaN,
        "Normalized EBITDA": NaN,
        "Total Unusual Items": NaN,
        "Total Unusual Items Excluding Goodwill": NaN,
        "Net Income From Continuing Operation Net Minority Interest": NaN,
        "Reconciled Depreciation": NaN,
        "Reconciled Cost Of Revenue": NaN,
        "EBITDA": NaN,
        "EBIT": NaN,
        "Net Interest Income": NaN,
        "Interest Expense": NaN,
        "Interest Income": NaN,
        "Normalized Income": NaN,
        "Net Income From Continuing And Discontinued Operation": NaN,
        "Total Expenses": NaN,
        "Diluted Average Shares": NaN,
        "Basic Average Shares": NaN,
        "Diluted EPS": NaN,
        "Basic EPS": NaN,
        "Diluted NI Availto Com Stockholders": NaN,
        "Net Income Common Stockholders": NaN,
        "Net Income": NaN,
        "Minority Interests": -346000.0,
        "Net Income Including Noncontrolling Interests": NaN,
        "Net Income Continuous Operations": NaN,
        "Tax Provision": NaN,
        "Pretax Income": NaN,
        "Other Income Expense": NaN,
        "Other Non Operating Income Expenses": NaN,
        "Special Income Charges": NaN,
        "Impairment Of Capital Assets": NaN,
        "Gain On Sale Of Security": NaN,
        "Net Non Operating Interest Income Expense": NaN,
        "Total Other Finance Cost": NaN,
        "Interest Expense Non Operating": NaN,
        "Interest Income Non Operating": NaN,
        "Operating Income": NaN,
        "Operating Expense": NaN,
        "Other Operating Expenses": NaN,
        "Provision For Doubtful Accounts": 500.0,
        "Depreciation Amortization Depletion Income Statement": NaN,
        "Depreciation And Amortization In Income Statement": NaN,
        "Selling General And Administration": NaN,
        "General And Administrative Expense": NaN,
        "Other Gand A": NaN,
        "Salaries And Wages": NaN,
        "Gross Profit": NaN,
        "Cost Of Revenue": NaN,
        "Total Revenue": NaN,
        "Operating Revenue": NaN
    },
    "2022-12-31": {
        "Tax Effect Of Unusual Items": NaN,
        "Tax Rate For Calcs": NaN,
        "Normalized EBITDA": NaN,
        "Total Unusual Items": NaN,
        "Total Unusual Items Excluding Goodwill": NaN,
        "Net Income From Continuing Operation Net Minority Interest": NaN,
        "Reconciled Depreciation": NaN,
        "Reconciled Cost Of Revenue": NaN,
        "EBITDA": NaN,
        "EBIT": NaN,
        "Net Interest Income": NaN,
        "Interest Expense": NaN,
        "Interest Income": NaN,
        "Normalized Income": NaN,
        "Net Income From Continuing And Discontinued Operation": NaN,
        "Total Expenses": NaN,
        "Diluted Average Shares": NaN,
        "Basic Average Shares": NaN,
        "Diluted EPS": NaN,
        "Basic EPS": NaN,
        "Diluted NI Availto Com Stockholders": NaN,
        "Net Income Common Stockholders": NaN,
        "Net Income": NaN,
        "Minority Interests": -313000.0,
        "Net Income Including Noncontrolling Interests": NaN,
        "Net Income Continuous Operations": NaN,
        "Tax Provision": NaN,
        "Pretax Income": NaN,
        "Other Income Expense": NaN,
        "Other Non Operating Income Expenses": NaN,
        "Special Income Charges": NaN,
        "Impairment Of Capital Assets": NaN,
        "Gain On Sale Of Security": NaN,
        "Net Non Operating Interest Income Expense": NaN,
        "Total Other Finance Cost": NaN,
        "Interest Expense Non Operating": NaN,
        "Interest Income Non Operating": NaN,
        "Operating Income": NaN,
        "Operating Expense": NaN,
        "Other Operating Expenses": NaN,
        "Provision For Doubtful Accounts": NaN,
        "Depreciation Amortization Depletion Income Statement": NaN,
        "Depreciation And Amortization In Income Statement": NaN,
        "Selling General And Administration": NaN,
        "General And Administrative Expense": NaN,
        "Other Gand A": NaN,
        "Salaries And Wages": NaN,
        "Gross Profit": NaN,
        "Cost Of Revenue": NaN,
        "Total Revenue": NaN,
        "Operating Revenue": NaN
    },
    "2022-09-30": {
        "Tax Effect Of Unusual Items": NaN,
        "Tax Rate For Calcs": NaN,
        "Normalized EBITDA": NaN,
        "Total Unusual Items": NaN,
        "Total Unusual Items Excluding Goodwill": NaN,
        "Net Income From Continuing Operation Net Minority Interest": NaN,
        "Reconciled Depreciation": NaN,
        "Reconciled Cost Of Revenue": NaN,
        "EBITDA": NaN,
        "EBIT": NaN,
        "Net Interest Income": NaN,
        "Interest Expense": NaN,
        "Interest Income": NaN,
        "Normalized Income": NaN,
        "Net Income From Continuing And Discontinued Operation": NaN,
        "Total Expenses": NaN,
        "Diluted Average Shares": NaN,
        "Basic Average Shares": NaN,
        "Diluted EPS": NaN,
        "Basic EPS": NaN,
        "Diluted NI Availto Com Stockholders": NaN,
        "Net Income Common Stockholders": NaN,
        "Net Income": NaN,
        "Minority Interests": -254000.0,
        "Net Income Including Noncontrolling Interests": NaN,
        "Net Income Continuous Operations": NaN,
        "Tax Provision": NaN,
        "Pretax Income": NaN,
        "Other Income Expense": NaN,
        "Other Non Operating Income Expenses": NaN,
        "Gain On Sale Of Security": NaN,
        "Net Non Operating Interest Income Expense": NaN,
        "Total Other Finance Cost": NaN,
        "Interest Expense Non Operating": NaN,
        "Interest Income Non Operating": NaN,
        "Operating Income": NaN,
        "Operating Expense": NaN,
        "Other Operating Expenses": NaN,
        "Provision For Doubtful Accounts": NaN,
        "Depreciation Amortization Depletion Income Statement": NaN,
        "Depreciation And Amortization In Income Statement": NaN,
        "Selling General And Administration": NaN,
        "General And Administrative Expense": NaN,
        "Other Gand A": NaN,
        "Salaries And Wages": NaN,
        "Gross Profit": NaN,
        "Cost Of Revenue": NaN,
        "Total Revenue": NaN,
        "Operating Revenue": NaN
    },
    "2022-06-30": {
        "Tax Effect Of Unusual Items": -593670.227605,
        "Tax Rate For Calcs": 0.179737,
        "Normalized EBITDA": 55220000.0,
        "Total Unusual Items": -3303000.0,
        "Total Unusual Items Excluding Goodwill": -3303000.0,
        "Net Income From Continuing Operation Net Minority Interest": 23820000.0,
        "Reconciled Depreciation": 16361000.0,
        "Reconciled Cost Of Revenue": 47958000.0,
        "EBITDA": 51917000.0,
        "EBIT": 35556000.0,
        "Net Interest Income": -6037000.0,
        "Interest Expense": 6163000.0,
        "Interest Income": 1544000.0,
        "Normalized Income": 26529329.772395,
        "Net Income From Continuing And Discontinued Operation": 23820000.0,
        "Total Expenses": 74962000.0,
        "Diluted Average Shares": 91850321.0,
        "Basic Average Shares": 90539647.0,
        "Diluted EPS": 0.26,
        "Basic EPS": 0.26,
        "Diluted NI Availto Com Stockholders": 23820000.0,
        "Net Income Common Stockholders": 23820000.0,
        "Net Income": 23820000.0,
        "Minority Interests": -290000.0,
        "Net Income Including Noncontrolling Interests": 24110000.0,
        "Net Income Continuous Operations": 24110000.0,
        "Tax Provision": 5283000.0,
        "Pretax Income": 29393000.0,
        "Other Income Expense": -4511000.0,
        "Other Non Operating Income Expenses": -1208000.0,
        "Gain On Sale Of Security": -3303000.0,
        "Net Non Operating Interest Income Expense": -6037000.0,
        "Total Other Finance Cost": 1418000.0,
        "Interest Expense Non Operating": 6163000.0,
        "Interest Income Non Operating": 1544000.0,
        "Operating Income": 39941000.0,
        "Operating Expense": 10711000.0,
        "Other Operating Expenses": 573000.0,
        "Depreciation Amortization Depletion Income Statement": 68000.0,
        "Depreciation And Amortization In Income Statement": 68000.0,
        "Selling General And Administration": 10070000.0,
        "General And Administrative Expense": 10070000.0,
        "Other Gand A": 6588000.0,
        "Salaries And Wages": 3482000.0,
        "Gross Profit": 50652000.0,
        "Cost Of Revenue": 64251000.0,
        "Total Revenue": 114903000.0,
        "Operating Revenue": 127918000.0
    },
    "2023-06-30": {
        "Tax Effect Of Unusual Items": NaN,
        "Tax Rate For Calcs": NaN,
        "Normalized EBITDA": NaN,
        "Total Unusual Items": NaN,
        "Total Unusual Items Excluding Goodwill": NaN,
        "Net Income From Continuing Operation Net Minority Interest": NaN,
        "Reconciled Depreciation": NaN,
        "Reconciled Cost Of Revenue": NaN,
        "EBITDA": NaN,
        "EBIT": NaN,
        "Net Interest Income": NaN,
        "Interest Expense": NaN,
        "Interest Income": NaN,
        "Normalized Income": NaN,
        "Net Income From Continuing And Discontinued Operation": NaN,
        "Total Expenses": NaN,
        "Diluted Average Shares": 93643447.0,
        "Basic Average Shares": 92685916.0,
        "Diluted EPS": 0.32,
        "Basic EPS": 0.32,
        "Diluted NI Availto Com Stockholders": NaN,
        "Net Income Common Stockholders": NaN,
        "Net Income": NaN,
        "Minority Interests": NaN,
        "Net Income Including Noncontrolling Interests": NaN,
        "Net Income Continuous Operations": NaN,
        "Tax Provision": NaN,
        "Pretax Income": NaN,
        "Other Income Expense": NaN,
        "Other Non Operating Income Expenses": NaN,
        "Special Income Charges": 0.0,
        "Impairment Of Capital Assets": 0.0,
        "Gain On Sale Of Security": NaN,
        "Net Non Operating Interest Income Expense": NaN,
        "Total Other Finance Cost": NaN,
        "Interest Expense Non Operating": NaN,
        "Interest Income Non Operating": NaN,
        "Operating Income": NaN,
        "Operating Expense": NaN,
        "Other Operating Expenses": NaN,
        "Provision For Doubtful Accounts": NaN,
        "Depreciation Amortization Depletion Income Statement": NaN,
        "Depreciation And Amortization In Income Statement": NaN,
        "Selling General And Administration": NaN,
        "General And Administrative Expense": NaN,
        "Other Gand A": NaN,
        "Salaries And Wages": NaN,
        "Gross Profit": NaN,
        "Cost Of Revenue": NaN,
        "Total Revenue": NaN,
        "Operating Revenue": NaN
    },
    "2022-03-31": {
        "Diluted EPS": 0.57,
        "Total Revenue": 109,
        "Gross Profit": 61,
        "Operating Income": 48,
        "EBIT": 56,
        "Net Income": 52
    },
    "2021-12-31": {
        "Diluted EPS": 0.7,
        "Total Revenue": 135,
        "Gross Profit": 84,
        "Operating Income": 71,
        "EBIT": 82,
        "Net Income": 60
    },
    "2021-09-30": {
        "Diluted EPS": 0.28,
        "Total Revenue": 112,
        "Gross Profit": 68,
        "Operating Income": 57,
        "EBIT": 65,
        "Net Income": 26
    },
    "2021-06-30": {
        "Diluted EPS": 0.89,
        "Total Revenue": 121,
        "Gross Profit": 84,
        "Operating Income": 72,
        "EBIT": 82,
        "Net Income": 83
    },
    "2021-03-31": {
        "Diluted EPS": 0.34,
        "Total Revenue": 123,
        "Gross Profit": 83,
        "Operating Income": 72,
        "EBIT": 83,
        "Net Income": 32
    },
    "2020-12-31": {
        "Diluted EPS": 0.76,
        "Total Revenue": 91,
        "Gross Profit": 58,
        "Operating Income": 48,
        "EBIT": 57,
        "Net Income": 66
    },
    "2020-09-30": {
        "Diluted EPS": 0.34,
        "Total Revenue": 94,
        "Gross Profit": 60,
        "Operating Income": 52,
        "EBIT": 62,
        "Net Income": 31
    },
    "2020-06-30": {
        "Diluted EPS": 0.08,
        "Total Revenue": 71,
        "Gross Profit": 40,
        "Operating Income": 31,
        "EBIT": 40,
        "Net Income": 8
    },
    "2020-03-31": {
        "Diluted EPS": -0.62,
        "Total Revenue": 68,
        "Gross Profit": 31,
        "Operating Income": 21,
        "EBIT": 32,
        "Net Income": -53
    },
    "2019-12-31": {
        "Diluted EPS": 0.49,
        "Total Revenue": 76,
        "Gross Profit": 31,
        "Operating Income": 17,
        "EBIT": 29,
        "Net Income": 45
    },
    "2019-09-30": {
        "Diluted EPS": 0.18,
        "Total Revenue": 61,
        "Gross Profit": 21,
        "Operating Income": 14,
        "EBIT": 24,
        "Net Income": 16
    },
    "2019-06-30": {
        "Diluted EPS": 0.17,
        "Total Revenue": 76,
        "Gross Profit": 32,
        "Operating Income": 24,
        "EBIT": 35,
        "Net Income": 15
    },
    "2019-03-31": {
        "Diluted EPS": 0.17,
        "Total Revenue": 72,
        "Gross Profit": 33,
        "Operating Income": 24,
        "EBIT": 36,
        "Net Income": 15
    },
    "2018-12-31": {
        "Diluted EPS": 0.13,
        "Total Revenue": 85,
        "Gross Profit": 39,
        "Operating Income": 28,
        "EBIT": 39,
        "Net Income": 11
    },
    "2018-09-30": {
        "Diluted EPS": 0.06,
        "Total Revenue": 47,
        "Gross Profit": 19,
        "Operating Income": 12,
        "EBIT": 21,
        "Net Income": 5
    },
    "2018-06-30": {
        "Diluted EPS": -0.22,
        "Total Revenue": 61,
        "Gross Profit": 16,
        "Operating Income": 9,
        "EBIT": 24,
        "Net Income": -18
    },
    "2018-03-31": {
        "Diluted EPS": -0.02,
        "Total Revenue": 40,
        "Gross Profit": 8,
        "Operating Income": 1,
        "EBIT": 12,
        "Net Income": -1
    },
    "2017-12-31": {
        "Diluted EPS": 0.0,
        "Total Revenue": NaN,
        "Gross Profit": NaN,
        "Operating Income": NaN,
        "EBIT": NaN,
        "Net Income": NaN
    },
    "2023-09-30": {
        "Tax Effect Of Unusual Items": NaN,
        "Tax Rate For Calcs": NaN,
        "Normalized EBITDA": NaN,
        "Total Unusual Items": NaN,
        "Total Unusual Items Excluding Goodwill": NaN,
        "Net Income From Continuing Operation Net Minority Interest": NaN,
        "Reconciled Depreciation": NaN,
        "Reconciled Cost Of Revenue": NaN,
        "EBITDA": NaN,
        "EBIT": NaN,
        "Net Interest Income": NaN,
        "Interest Expense": NaN,
        "Interest Income": NaN,
        "Normalized Income": NaN,
        "Net Income From Continuing And Discontinued Operation": NaN,
        "Total Expenses": NaN,
        "Diluted Average Shares": 94009268.0,
        "Basic Average Shares": 93311434.0,
        "Diluted EPS": 0.03,
        "Basic EPS": 0.03,
        "Diluted NI Availto Com Stockholders": NaN,
        "Net Income Common Stockholders": NaN,
        "Net Income": NaN,
        "Minority Interests": NaN,
        "Net Income Including Noncontrolling Interests": NaN,
        "Net Income Continuous Operations": NaN,
        "Tax Provision": NaN,
        "Pretax Income": NaN,
        "Other Income Expense": NaN,
        "Other Non Operating Income Expenses": NaN,
        "Special Income Charges": 0.0,
        "Impairment Of Capital Assets": 0.0,
        "Gain On Sale Of Security": NaN,
        "Net Non Operating Interest Income Expense": NaN,
        "Total Other Finance Cost": NaN,
        "Interest Expense Non Operating": NaN,
        "Interest Income Non Operating": NaN,
        "Operating Income": NaN,
        "Operating Expense": NaN,
        "Other Operating Expenses": NaN,
        "Provision For Doubtful Accounts": 2500000.0,
        "Depreciation Amortization Depletion Income Statement": NaN,
        "Depreciation And Amortization In Income Statement": NaN,
        "Selling General And Administration": NaN,
        "General And Administrative Expense": NaN,
        "Other Gand A": NaN,
        "Salaries And Wages": NaN,
        "Gross Profit": NaN,
        "Cost Of Revenue": NaN,
        "Total Revenue": NaN,
        "Operating Revenue": NaN
    },
    "2023-12-31": {
        "Tax Effect Of Unusual Items": 4603106.978688,
        "Tax Rate For Calcs": 0.185079,
        "Normalized EBITDA": 46268000.0,
        "Total Unusual Items": 24871000.0,
        "Total Unusual Items Excluding Goodwill": 24871000.0,
        "Net Income From Continuing Operation Net Minority Interest": 35552000.0,
        "Reconciled Depreciation": 24980000.0,
        "Reconciled Cost Of Revenue": 50016000.0,
        "EBITDA": 71139000.0,
        "EBIT": 46159000.0,
        "Net Interest Income": -2613000.0,
        "Interest Expense": 692000.0,
        "Interest Income": 1989000.0,
        "Normalized Income": 15284106.978688,
        "Net Income From Continuing And Discontinued Operation": 35552000.0,
        "Total Expenses": 87879000.0,
        "Diluted Average Shares": NaN,
        "Basic Average Shares": NaN,
        "Diluted EPS": NaN,
        "Basic EPS": NaN,
        "Diluted NI Availto Com Stockholders": 35552000.0,
        "Net Income Common Stockholders": 35552000.0,
        "Net Income": 35552000.0,
        "Minority Interests": NaN,
        "Net Income Including Noncontrolling Interests": 37052000.0,
        "Net Income Continuous Operations": 37052000.0,
        "Tax Provision": 8415000.0,
        "Pretax Income": 45467000.0,
        "Other Income Expense": 19545000.0,
        "Other Non Operating Income Expenses": -5326000.0,
        "Special Income Charges": NaN,
        "Impairment Of Capital Assets": NaN,
        "Gain On Sale Of Security": 24871000.0,
        "Net Non Operating Interest Income Expense": -2613000.0,
        "Total Other Finance Cost": 3910000.0,
        "Interest Expense Non Operating": 692000.0,
        "Interest Income Non Operating": 1989000.0,
        "Operating Income": 28535000.0,
        "Operating Expense": 13319000.0,
        "Other Operating Expenses": 682000.0,
        "Provision For Doubtful Accounts": NaN,
        "Depreciation Amortization Depletion Income Statement": 436000.0,
        "Depreciation And Amortization In Income Statement": 436000.0,
        "Selling General And Administration": 12201000.0,
        "General And Administrative Expense": 12201000.0,
        "Other Gand A": 6358000.0,
        "Salaries And Wages": 5843000.0,
        "Gross Profit": 41854000.0,
        "Cost Of Revenue": 74560000.0,
        "Total Revenue": 116414000.0,
        "Operating Revenue": 117966000.0
    },
    "2024-03-31": {
        "Tax Effect Of Unusual Items": NaN,
        "Tax Rate For Calcs": NaN,
        "Normalized EBITDA": NaN,
        "Total Unusual Items": NaN,
        "Total Unusual Items Excluding Goodwill": NaN,
        "Net Income From Continuing Operation Net Minority Interest": NaN,
        "Reconciled Depreciation": NaN,
        "Reconciled Cost Of Revenue": NaN,
        "EBITDA": NaN,
        "EBIT": NaN,
        "Net Interest Income": NaN,
        "Interest Expense": NaN,
        "Interest Income": NaN,
        "Normalized Income": NaN,
        "Net Income From Continuing And Discontinued Operation": NaN,
        "Total Expenses": NaN,
        "Total Operating Income As Reported": NaN,
        "Diluted Average Shares": NaN,
        "Basic Average Shares": NaN,
        "Diluted EPS": NaN,
        "Basic EPS": NaN,
        "Diluted NI Availto Com Stockholders": NaN,
        "Net Income Common Stockholders": NaN,
        "Net Income": NaN,
        "Minority Interests": NaN,
        "Net Income Including Noncontrolling Interests": NaN,
        "Net Income Continuous Operations": NaN,
        "Tax Provision": NaN,
        "Pretax Income": NaN,
        "Other Income Expense": NaN,
        "Other Non Operating Income Expenses": NaN,
        "Special Income Charges": NaN,
        "Impairment Of Capital Assets": NaN,
        "Gain On Sale Of Security": NaN,
        "Net Non Operating Interest Income Expense": NaN,
        "Total Other Finance Cost": NaN,
        "Interest Expense Non Operating": NaN,
        "Interest Income Non Operating": NaN,
        "Operating Income": NaN,
        "Operating Expense": NaN,
        "Other Operating Expenses": NaN,
        "Provision For Doubtful Accounts": 1900.0,
        "Depreciation Amortization Depletion Income Statement": NaN,
        "Depreciation And Amortization In Income Statement": NaN,
        "Selling General And Administration": NaN,
        "General And Administrative Expense": NaN,
        "Other Gand A": NaN,
        "Salaries And Wages": NaN,
        "Gross Profit": NaN,
        "Cost Of Revenue": NaN,
        "Total Revenue": NaN,
        "Operating Revenue": NaN
    },
    "2024-06-30": {
        "Tax Effect Of Unusual Items": NaN,
        "Tax Rate For Calcs": NaN,
        "Normalized EBITDA": NaN,
        "Total Unusual Items": NaN,
        "Total Unusual Items Excluding Goodwill": NaN,
        "Net Income From Continuing Operation Net Minority Interest": NaN,
        "Reconciled Depreciation": NaN,
        "Reconciled Cost Of Revenue": NaN,
        "EBITDA": NaN,
        "EBIT": NaN,
        "Net Interest Income": NaN,
        "Interest Expense": NaN,
        "Interest Income": NaN,
        "Normalized Income": NaN,
        "Net Income From Continuing And Discontinued Operation": NaN,
        "Total Expenses": NaN,
        "Total Operating Income As Reported": 14662000.0,
        "Diluted Average Shares": 103082363.0,
        "Basic Average Shares": 103082363.0,
        "Diluted EPS": -0.52,
        "Basic EPS": -0.52,
        "Diluted NI Availto Com Stockholders": NaN,
        "Net Income Common Stockholders": NaN,
        "Net Income": NaN,
        "Minority Interests": NaN,
        "Net Income Including Noncontrolling Interests": NaN,
        "Net Income Continuous Operations": NaN,
        "Tax Provision": NaN,
        "Pretax Income": NaN,
        "Other Income Expense": NaN,
        "Other Non Operating Income Expenses": NaN,
        "Special Income Charges": -10745000.0,
        "Impairment Of Capital Assets": 10745000.0,
        "Gain On Sale Of Security": NaN,
        "Net Non Operating Interest Income Expense": NaN,
        "Total Other Finance Cost": NaN,
        "Interest Expense Non Operating": NaN,
        "Interest Income Non Operating": NaN,
        "Operating Income": NaN,
        "Operating Expense": NaN,
        "Other Operating Expenses": NaN,
        "Provision For Doubtful Accounts": NaN,
        "Depreciation Amortization Depletion Income Statement": NaN,
        "Depreciation And Amortization In Income Statement": NaN,
        "Selling General And Administration": NaN,
        "General And Administrative Expense": NaN,
        "Other Gand A": NaN,
        "Salaries And Wages": NaN,
        "Gross Profit": NaN,
        "Cost Of Revenue": NaN,
        "Total Revenue": NaN,
        "Operating Revenue": NaN
    },
    "2024-09-30": {
        "Tax Effect Of Unusual Items": 2812705.722564,
        "Tax Rate For Calcs": 0.167633,
        "Normalized EBITDA": 54937000.0,
        "Total Unusual Items": 16779000.0,
        "Total Unusual Items Excluding Goodwill": 16779000.0,
        "Net Income From Continuing Operation Net Minority Interest": 40857000.0,
        "Reconciled Depreciation": 21555000.0,
        "Reconciled Cost Of Revenue": 49957000.0,
        "EBITDA": 71716000.0,
        "EBIT": 50161000.0,
        "Net Interest Income": -892000.0,
        "Interest Expense": 463000.0,
        "Interest Income": 781000.0,
        "Normalized Income": 26890705.722564,
        "Net Income From Continuing And Discontinued Operation": 40857000.0,
        "Total Expenses": 90981000.0,
        "Total Operating Income As Reported": NaN,
        "Diluted Average Shares": 103973827.0,
        "Basic Average Shares": 103239881.0,
        "Diluted EPS": 0.39,
        "Basic EPS": 0.4,
        "Diluted NI Availto Com Stockholders": 40857000.0,
        "Net Income Common Stockholders": 40857000.0,
        "Net Income": 40857000.0,
        "Minority Interests": -510000.0,
        "Net Income Including Noncontrolling Interests": 41367000.0,
        "Net Income Continuous Operations": 41367000.0,
        "Tax Provision": 8331000.0,
        "Pretax Income": 49698000.0,
        "Other Income Expense": 16734000.0,
        "Other Non Operating Income Expenses": -45000.0,
        "Special Income Charges": -467000.0,
        "Impairment Of Capital Assets": 467000.0,
        "Gain On Sale Of Security": 17246000.0,
        "Net Non Operating Interest Income Expense": -892000.0,
        "Total Other Finance Cost": 1210000.0,
        "Interest Expense Non Operating": 463000.0,
        "Interest Income Non Operating": 781000.0,
        "Operating Income": 33856000.0,
        "Operating Expense": 19853000.0,
        "Other Operating Expenses": 566000.0,
        "Provision For Doubtful Accounts": 1800000.0,
        "Depreciation Amortization Depletion Income Statement": 384000.0,
        "Depreciation And Amortization In Income Statement": 384000.0,
        "Selling General And Administration": 17103000.0,
        "General And Administrative Expense": 17103000.0,
        "Other Gand A": 5447000.0,
        "Salaries And Wages": 11656000.0,
        "Gross Profit": 53709000.0,
        "Cost Of Revenue": 71128000.0,
        "Total Revenue": 124837000.0,
        "Operating Revenue": 121434000.0
    },
    "2024-12-31": {
        "Tax Effect Of Unusual Items": -10018895.163351,
        "Tax Rate For Calcs": 0.10699,
        "Normalized EBITDA": 59572000.0,
        "Total Unusual Items": -93643000.0,
        "Total Unusual Items Excluding Goodwill": -93643000.0,
        "Net Income From Continuing Operation Net Minority Interest": -48944000.0,
        "Reconciled Depreciation": 20265000.0,
        "Reconciled Cost Of Revenue": 50303000.0,
        "EBITDA": -34071000.0,
        "EBIT": -54336000.0,
        "Net Interest Income": -8924000.0,
        "Interest Expense": 454000.0,
        "Interest Income": 690000.0,
        "Normalized Income": 34680104.836649,
        "Net Income From Continuing And Discontinued Operation": -48944000.0,
        "Total Expenses": 70551000.0,
        "Total Operating Income As Reported": NaN,
        "Diluted Average Shares": NaN,
        "Basic Average Shares": NaN,
        "Diluted EPS": NaN,
        "Basic EPS": NaN,
        "Diluted NI Availto Com Stockholders": -48944000.0,
        "Net Income Common Stockholders": -48944000.0,
        "Net Income": -48944000.0,
        "Minority Interests": -16000.0,
        "Net Income Including Noncontrolling Interests": -48928000.0,
        "Net Income Continuous Operations": -48928000.0,
        "Tax Provision": -5862000.0,
        "Pretax Income": -54790000.0,
        "Other Income Expense": -97854000.0,
        "Other Non Operating Income Expenses": -4211000.0,
        "Special Income Charges": -839000.0,
        "Impairment Of Capital Assets": 839000.0,
        "Gain On Sale Of Security": -92804000.0,
        "Net Non Operating Interest Income Expense": -8924000.0,
        "Total Other Finance Cost": 9160000.0,
        "Interest Expense Non Operating": 454000.0,
        "Interest Income Non Operating": 690000.0,
        "Operating Income": 51988000.0,
        "Operating Expense": 387000.0,
        "Other Operating Expenses": 537000.0,
        "Provision For Doubtful Accounts": NaN,
        "Depreciation Amortization Depletion Income Statement": 404000.0,
        "Depreciation And Amortization In Income Statement": 404000.0,
        "Selling General And Administration": 5746000.0,
        "General And Administrative Expense": 5746000.0,
        "Other Gand A": 4403000.0,
        "Salaries And Wages": 1343000.0,
        "Gross Profit": 52375000.0,
        "Cost Of Revenue": 70164000.0,
        "Total Revenue": 122539000.0,
        "Operating Revenue": 125545000.0
    },
    "2025-03-31": {
        "Tax Effect Of Unusual Items": 9026868.551296,
        "Tax Rate For Calcs": 0.15457,
        "Normalized EBITDA": 56151000.0,
        "Total Unusual Items": 58400000.0,
        "Total Unusual Items Excluding Goodwill": 58400000.0,
        "Net Income From Continuing Operation Net Minority Interest": 80227000.0,
        "Reconciled Depreciation": 18620000.0,
        "Reconciled Cost Of Revenue": 51320000.0,
        "EBITDA": 114551000.0,
        "EBIT": 95931000.0,
        "Net Interest Income": -3042700.0,
        "Interest Expense": 563000.0,
        "Interest Income": 838000.0,
        "Normalized Income": 30853868.551296,
        "Net Income From Continuing And Discontinued Operation": 80227000.0,
        "Total Expenses": 82952300.0,
        "Total Operating Income As Reported": NaN,
        "Diluted Average Shares": 103904737.0,
        "Basic Average Shares": 103564654.0,
        "Diluted EPS": 0.77,
        "Basic EPS": 0.77,
        "Diluted NI Availto Com Stockholders": 80227000.0,
        "Net Income Common Stockholders": 80227000.0,
        "Net Income": 80227000.0,
        "Minority Interests": -400000.0,
        "Net Income Including Noncontrolling Interests": 80627000.0,
        "Net Income Continuous Operations": 80627000.0,
        "Tax Provision": 14741000.0,
        "Pretax Income": 95368000.0,
        "Other Income Expense": 56275000.0,
        "Other Non Operating Income Expenses": -2125000.0,
        "Special Income Charges": NaN,
        "Impairment Of Capital Assets": NaN,
        "Gain On Sale Of Security": 58400000.0,
        "Net Non Operating Interest Income Expense": -3042700.0,
        "Total Other Finance Cost": 3317700.0,
        "Interest Expense Non Operating": 563000.0,
        "Interest Income Non Operating": 838000.0,
        "Operating Income": 42135700.0,
        "Operating Expense": 13386300.0,
        "Other Operating Expenses": 841000.0,
        "Provision For Doubtful Accounts": 1300.0,
        "Depreciation Amortization Depletion Income Statement": 374000.0,
        "Depreciation And Amortization In Income Statement": 374000.0,
        "Selling General And Administration": 12170000.0,
        "General And Administrative Expense": 12170000.0,
        "Other Gand A": 4460000.0,
        "Salaries And Wages": 7710000.0,
        "Gross Profit": 55522000.0,
        "Cost Of Revenue": 69566000.0,
        "Total Revenue": 125088000.0,
        "Operating Revenue": 124225000.0
    },
    "2025-06-30": {
        "Tax Effect Of Unusual Items": 6009849.958388,
        "Tax Rate For Calcs": 0.155534,
        "Normalized EBITDA": 71316000.0,
        "Total Unusual Items": 38640000.0,
        "Total Unusual Items Excluding Goodwill": 38640000.0,
        "Net Income From Continuing Operation Net Minority Interest": 70548000.0,
        "Reconciled Depreciation": 25215000.0,
        "Reconciled Cost Of Revenue": 71338000.0,
        "EBITDA": 109956000.0,
        "EBIT": 84741000.0,
        "Net Interest Income": -3980000.0,
        "Interest Expense": 631000.0,
        "Interest Income": 1130000.0,
        "Normalized Income": 37917849.958388,
        "Net Income From Continuing And Discontinued Operation": 70548000.0,
        "Total Expenses": 116410000.0,
        "Total Operating Income As Reported": 47966000.0,
        "Diluted Average Shares": 103905561.0,
        "Basic Average Shares": 103582082.0,
        "Diluted EPS": 0.68,
        "Basic EPS": 0.68,
        "Diluted NI Availto Com Stockholders": 70548000.0,
        "Net Income Common Stockholders": 70548000.0,
        "Net Income": 70548000.0,
        "Minority Interests": -480000.0,
        "Net Income Including Noncontrolling Interests": 71028000.0,
        "Net Income Continuous Operations": 71028000.0,
        "Tax Provision": 13082000.0,
        "Pretax Income": 84110000.0,
        "Other Income Expense": 40990000.0,
        "Other Non Operating Income Expenses": 2350000.0,
        "Special Income Charges": 0.0,
        "Impairment Of Capital Assets": 0.0,
        "Gain On Sale Of Security": 38640000.0,
        "Net Non Operating Interest Income Expense": -3980000.0,
        "Total Other Finance Cost": 4479000.0,
        "Interest Expense Non Operating": 631000.0,
        "Interest Income Non Operating": 1130000.0,
        "Operating Income": 47100000.0,
        "Operating Expense": 20186000.0,
        "Other Operating Expenses": 866000.0,
        "Provision For Doubtful Accounts": NaN,
        "Depreciation Amortization Depletion Income Statement": 329000.0,
        "Depreciation And Amortization In Income Statement": 329000.0,
        "Selling General And Administration": 18991000.0,
        "General And Administrative Expense": 18991000.0,
        "Other Gand A": 4562000.0,
        "Salaries And Wages": 14429000.0,
        "Gross Profit": 67286000.0,
        "Cost Of Revenue": 96224000.0,
        "Total Revenue": 163510000.0,
        "Operating Revenue": 167419000.0
    },
    "2025-09-30": {
        "Tax Effect Of Unusual Items": 5716123.318522,
        "Tax Rate For Calcs": 0.259176,
        "Normalized EBITDA": 65988000.0,
        "Total Unusual Items": 22055000.0,
        "Total Unusual Items Excluding Goodwill": 22055000.0,
        "Net Income From Continuing Operation Net Minority Interest": 35978000.0,
        "Reconciled Depreciation": 31369000.0,
        "Reconciled Cost Of Revenue": 88738000.0,
        "EBITDA": 88043000.0,
        "EBIT": 56674000.0,
        "Net Interest Income": -9222000.0,
        "Interest Expense": 7387000.0,
        "Interest Income": 1208000.0,
        "Normalized Income": 19639123.318522,
        "Net Income From Continuing And Discontinued Operation": 35978000.0,
        "Total Expenses": 139918000.0,
        "Total Operating Income As Reported": NaN,
        "Diluted Average Shares": 104044755.0,
        "Basic Average Shares": 103621631.0,
        "Diluted EPS": 0.35,
        "Basic EPS": 0.35,
        "Diluted NI Availto Com Stockholders": 35978000.0,
        "Net Income Common Stockholders": 35978000.0,
        "Net Income": 35978000.0,
        "Minority Interests": -535000.0,
        "Net Income Including Noncontrolling Interests": 36513000.0,
        "Net Income Continuous Operations": 36513000.0,
        "Tax Provision": 12774000.0,
        "Pretax Income": 49287000.0,
        "Other Income Expense": 21335000.0,
        "Other Non Operating Income Expenses": -720000.0,
        "Special Income Charges": 0.0,
        "Impairment Of Capital Assets": 0.0,
        "Gain On Sale Of Security": 22055000.0,
        "Net Non Operating Interest Income Expense": -9222000.0,
        "Total Other Finance Cost": 3043000.0,
        "Interest Expense Non Operating": 7387000.0,
        "Interest Income Non Operating": 1208000.0,
        "Operating Income": 37174000.0,
        "Operating Expense": 20223000.0,
        "Other Operating Expenses": 901000.0,
        "Provision For Doubtful Accounts": NaN,
        "Depreciation Amortization Depletion Income Statement": 412000.0,
        "Depreciation And Amortization In Income Statement": 412000.0,
        "Selling General And Administration": 18910000.0,
        "General And Administrative Expense": 18910000.0,
        "Other Gand A": 4680000.0,
        "Salaries And Wages": 14230000.0,
        "Gross Profit": 57397000.0,
        "Cost Of Revenue": 119695000.0,
        "Total Revenue": 177092000.0,
        "Operating Revenue": 171576000.0
    }
}