{
    "2023-03-31": {
        "Tax Effect Of Unusual Items": NaN,
        "Tax Rate For Calcs": NaN,
        "Normalized EBITDA": NaN,
        "Total Unusual Items": NaN,
        "Total Unusual Items Excluding Goodwill": NaN,
        "Net Income From Continuing Operation Net Minority Interest": NaN,
        "Reconciled Depreciation": NaN,
        "Reconciled Cost Of Revenue": NaN,
        "EBITDA": NaN,
        "EBIT": NaN,
        "Net Interest Income": NaN,
        "Interest Expense": NaN,
        "Normalized Income": NaN,
        "Net Income From Continuing And Discontinued Operation": NaN,
        "Total Expenses": NaN,
        "Total Operating Income As Reported": NaN,
        "Diluted Average Shares": NaN,
        "Basic Average Shares": NaN,
        "Diluted EPS": NaN,
        "Basic EPS": NaN,
        "Diluted NI Availto Com Stockholders": NaN,
        "Net Income Common Stockholders": NaN,
        "Net Income": NaN,
        "Minority Interests": NaN,
        "Net Income Including Noncontrolling Interests": NaN,
        "Net Income Discontinuous Operations": NaN,
        "Net Income Continuous Operations": NaN,
        "Tax Provision": NaN,
        "Pretax Income": NaN,
        "Other Income Expense": NaN,
        "Special Income Charges": NaN,
        "Other Special Charges": NaN,
        "Restructuring And Mergern Acquisition": NaN,
        "Net Non Operating Interest Income Expense": NaN,
        "Total Other Finance Cost": 19510000.0,
        "Interest Expense Non Operating": NaN,
        "Operating Income": NaN,
        "Operating Expense": NaN,
        "Selling General And Administration": NaN,
        "General And Administrative Expense": NaN,
        "Other Gand A": NaN,
        "Gross Profit": NaN,
        "Cost Of Revenue": NaN,
        "Total Revenue": NaN,
        "Operating Revenue": NaN
    },
    "2022-12-31": {
        "Tax Effect Of Unusual Items": NaN,
        "Tax Rate For Calcs": NaN,
        "Normalized EBITDA": NaN,
        "Total Unusual Items": NaN,
        "Total Unusual Items Excluding Goodwill": NaN,
        "Net Income From Continuing Operation Net Minority Interest": NaN,
        "Reconciled Depreciation": NaN,
        "Reconciled Cost Of Revenue": NaN,
        "EBITDA": NaN,
        "EBIT": NaN,
        "Net Interest Income": NaN,
        "Interest Expense": NaN,
        "Normalized Income": NaN,
        "Net Income From Continuing And Discontinued Operation": NaN,
        "Total Expenses": NaN,
        "Total Operating Income As Reported": NaN,
        "Diluted Average Shares": NaN,
        "Basic Average Shares": NaN,
        "Diluted EPS": NaN,
        "Basic EPS": NaN,
        "Diluted NI Availto Com Stockholders": NaN,
        "Net Income Common Stockholders": NaN,
        "Net Income": NaN,
        "Minority Interests": NaN,
        "Net Income Including Noncontrolling Interests": NaN,
        "Net Income Discontinuous Operations": NaN,
        "Net Income Continuous Operations": NaN,
        "Tax Provision": NaN,
        "Pretax Income": NaN,
        "Other Income Expense": NaN,
        "Other Non Operating Income Expenses": 5836000.0,
        "Special Income Charges": NaN,
        "Other Special Charges": NaN,
        "Restructuring And Mergern Acquisition": NaN,
        "Net Non Operating Interest Income Expense": NaN,
        "Total Other Finance Cost": 18434000.0,
        "Interest Expense Non Operating": NaN,
        "Operating Income": NaN,
        "Operating Expense": NaN,
        "Selling General And Administration": NaN,
        "General And Administrative Expense": NaN,
        "Other Gand A": NaN,
        "Gross Profit": NaN,
        "Cost Of Revenue": NaN,
        "Total Revenue": NaN,
        "Operating Revenue": NaN
    },
    "2022-09-30": {
        "Tax Effect Of Unusual Items": NaN,
        "Tax Rate For Calcs": NaN,
        "Normalized EBITDA": NaN,
        "Total Unusual Items": NaN,
        "Total Unusual Items Excluding Goodwill": NaN,
        "Net Income From Continuing Operation Net Minority Interest": NaN,
        "Reconciled Depreciation": NaN,
        "Reconciled Cost Of Revenue": NaN,
        "EBITDA": NaN,
        "EBIT": NaN,
        "Net Interest Income": NaN,
        "Interest Expense": NaN,
        "Normalized Income": NaN,
        "Net Income From Continuing And Discontinued Operation": NaN,
        "Total Expenses": NaN,
        "Total Operating Income As Reported": NaN,
        "Diluted Average Shares": NaN,
        "Basic Average Shares": NaN,
        "Diluted EPS": NaN,
        "Basic EPS": NaN,
        "Diluted NI Availto Com Stockholders": NaN,
        "Net Income Common Stockholders": NaN,
        "Net Income": NaN,
        "Minority Interests": NaN,
        "Net Income Including Noncontrolling Interests": NaN,
        "Net Income Discontinuous Operations": NaN,
        "Net Income Continuous Operations": NaN,
        "Tax Provision": NaN,
        "Pretax Income": NaN,
        "Other Income Expense": NaN,
        "Other Non Operating Income Expenses": 3300000.0,
        "Special Income Charges": NaN,
        "Other Special Charges": NaN,
        "Restructuring And Mergern Acquisition": NaN,
        "Net Non Operating Interest Income Expense": NaN,
        "Total Other Finance Cost": NaN,
        "Interest Expense Non Operating": NaN,
        "Operating Income": NaN,
        "Operating Expense": NaN,
        "Selling General And Administration": NaN,
        "General And Administrative Expense": NaN,
        "Other Gand A": NaN,
        "Gross Profit": NaN,
        "Cost Of Revenue": NaN,
        "Total Revenue": NaN,
        "Operating Revenue": NaN
    },
    "2022-06-30": {
        "Tax Effect Of Unusual Items": -1194793.0,
        "Tax Rate For Calcs": 0.257,
        "Normalized EBITDA": 111559000.0,
        "Total Unusual Items": -4649000.0,
        "Total Unusual Items Excluding Goodwill": -4649000.0,
        "Net Income From Continuing Operation Net Minority Interest": 57149000.0,
        "Reconciled Depreciation": 16383000.0,
        "Reconciled Cost Of Revenue": 433705000.0,
        "EBITDA": 106910000.0,
        "EBIT": 90527000.0,
        "Net Interest Income": -7907000.0,
        "Normalized Income": 60603207.0,
        "Net Income From Continuing And Discontinued Operation": 55249000.0,
        "Total Expenses": 570650000.0,
        "Total Operating Income As Reported": 85878000.0,
        "Diluted Average Shares": 60185520.0,
        "Basic Average Shares": 60038053.0,
        "Diluted EPS": 0.91,
        "Basic EPS": 0.92,
        "Diluted NI Availto Com Stockholders": 55249000.0,
        "Net Income Common Stockholders": 55249000.0,
        "Net Income": 55249000.0,
        "Minority Interests": -775000.0,
        "Net Income Including Noncontrolling Interests": 56024000.0,
        "Net Income Discontinuous Operations": -1900000.0,
        "Net Income Continuous Operations": 57924000.0,
        "Tax Provision": 20047000.0,
        "Pretax Income": 77971000.0,
        "Other Income Expense": -4649000.0,
        "Other Non Operating Income Expenses": NaN,
        "Special Income Charges": -4649000.0,
        "Restructuring And Mergern Acquisition": 4649000.0,
        "Net Non Operating Interest Income Expense": -7907000.0,
        "Total Other Finance Cost": 7907000.0,
        "Operating Income": 90527000.0,
        "Operating Expense": 136945000.0,
        "Selling General And Administration": 136945000.0,
        "General And Administrative Expense": NaN,
        "Other Gand A": NaN,
        "Gross Profit": 227472000.0,
        "Cost Of Revenue": 433705000.0,
        "Total Revenue": 661177000.0,
        "Operating Revenue": 661177000.0
    },
    "2023-06-30": {
        "Tax Effect Of Unusual Items": NaN,
        "Tax Rate For Calcs": NaN,
        "Normalized EBITDA": NaN,
        "Total Unusual Items": NaN,
        "Total Unusual Items Excluding Goodwill": NaN,
        "Net Income From Continuing Operation Net Minority Interest": NaN,
        "Reconciled Depreciation": NaN,
        "Reconciled Cost Of Revenue": NaN,
        "EBITDA": NaN,
        "EBIT": NaN,
        "Net Interest Income": NaN,
        "Interest Expense": NaN,
        "Normalized Income": NaN,
        "Net Income From Continuing And Discontinued Operation": NaN,
        "Total Expenses": NaN,
        "Total Operating Income As Reported": NaN,
        "Diluted Average Shares": NaN,
        "Basic Average Shares": NaN,
        "Diluted EPS": NaN,
        "Basic EPS": NaN,
        "Diluted NI Availto Com Stockholders": NaN,
        "Net Income Common Stockholders": NaN,
        "Net Income": NaN,
        "Minority Interests": NaN,
        "Net Income Including Noncontrolling Interests": NaN,
        "Net Income Discontinuous Operations": NaN,
        "Net Income Continuous Operations": NaN,
        "Tax Provision": NaN,
        "Pretax Income": NaN,
        "Other Income Expense": NaN,
        "Special Income Charges": NaN,
        "Other Special Charges": NaN,
        "Restructuring And Mergern Acquisition": NaN,
        "Net Non Operating Interest Income Expense": NaN,
        "Total Other Finance Cost": 18819000.0,
        "Interest Expense Non Operating": NaN,
        "Operating Income": NaN,
        "Operating Expense": NaN,
        "Selling General And Administration": NaN,
        "General And Administrative Expense": 150115000.0,
        "Other Gand A": 150115000.0,
        "Gross Profit": NaN,
        "Cost Of Revenue": NaN,
        "Total Revenue": NaN,
        "Operating Revenue": NaN
    },
    "2022-03-31": {
        "Diluted EPS": 0.93,
        "Total Revenue": 648,
        "Gross Profit": 224,
        "Operating Income": 84,
        "EBIT": 100,
        "Net Income": 55
    },
    "2021-12-31": {
        "Diluted EPS": 0.66,
        "Total Revenue": 624,
        "Gross Profit": 213,
        "Operating Income": 73,
        "EBIT": 92,
        "Net Income": 39
    },
    "2021-09-30": {
        "Diluted EPS": 1.01,
        "Total Revenue": 606,
        "Gross Profit": 207,
        "Operating Income": 79,
        "EBIT": 98,
        "Net Income": 61
    },
    "2021-06-30": {
        "Diluted EPS": 1.29,
        "Total Revenue": 630,
        "Gross Profit": 218,
        "Operating Income": 82,
        "EBIT": 101,
        "Net Income": 77
    },
    "2021-03-31": {
        "Diluted EPS": 0.96,
        "Total Revenue": 568,
        "Gross Profit": 200,
        "Operating Income": 72,
        "EBIT": 91,
        "Net Income": 58
    },
    "2020-12-31": {
        "Diluted EPS": 0.0,
        "Total Revenue": NaN,
        "Gross Profit": NaN,
        "Operating Income": NaN,
        "EBIT": NaN,
        "Net Income": NaN
    },
    "2023-09-30": {
        "Tax Effect Of Unusual Items": NaN,
        "Tax Rate For Calcs": NaN,
        "Normalized EBITDA": NaN,
        "Total Unusual Items": NaN,
        "Total Unusual Items Excluding Goodwill": NaN,
        "Net Income From Continuing Operation Net Minority Interest": NaN,
        "Reconciled Depreciation": NaN,
        "Reconciled Cost Of Revenue": NaN,
        "EBITDA": NaN,
        "EBIT": NaN,
        "Net Interest Income": NaN,
        "Interest Expense": NaN,
        "Normalized Income": NaN,
        "Net Income From Continuing And Discontinued Operation": NaN,
        "Total Expenses": NaN,
        "Total Operating Income As Reported": NaN,
        "Diluted Average Shares": NaN,
        "Basic Average Shares": NaN,
        "Diluted EPS": NaN,
        "Basic EPS": NaN,
        "Diluted NI Availto Com Stockholders": NaN,
        "Net Income Common Stockholders": NaN,
        "Net Income": NaN,
        "Minority Interests": NaN,
        "Net Income Including Noncontrolling Interests": NaN,
        "Net Income Discontinuous Operations": NaN,
        "Net Income Continuous Operations": NaN,
        "Tax Provision": NaN,
        "Pretax Income": NaN,
        "Other Income Expense": NaN,
        "Other Non Operating Income Expenses": NaN,
        "Special Income Charges": NaN,
        "Other Special Charges": NaN,
        "Restructuring And Mergern Acquisition": NaN,
        "Net Non Operating Interest Income Expense": NaN,
        "Total Other Finance Cost": 20502000.0,
        "Interest Expense Non Operating": NaN,
        "Operating Income": NaN,
        "Operating Expense": NaN,
        "Selling General And Administration": NaN,
        "General And Administrative Expense": NaN,
        "Other Gand A": NaN,
        "Gross Profit": NaN,
        "Cost Of Revenue": NaN,
        "Total Revenue": NaN,
        "Operating Revenue": NaN
    },
    "2023-12-31": {
        "Tax Effect Of Unusual Items": NaN,
        "Tax Rate For Calcs": NaN,
        "Normalized EBITDA": NaN,
        "Total Unusual Items": NaN,
        "Total Unusual Items Excluding Goodwill": NaN,
        "Net Income From Continuing Operation Net Minority Interest": NaN,
        "Reconciled Depreciation": NaN,
        "Reconciled Cost Of Revenue": NaN,
        "EBITDA": NaN,
        "EBIT": NaN,
        "Net Interest Income": NaN,
        "Interest Expense": NaN,
        "Normalized Income": NaN,
        "Net Income From Continuing And Discontinued Operation": NaN,
        "Total Expenses": NaN,
        "Total Operating Income As Reported": NaN,
        "Diluted Average Shares": NaN,
        "Basic Average Shares": NaN,
        "Diluted EPS": NaN,
        "Basic EPS": NaN,
        "Diluted NI Availto Com Stockholders": NaN,
        "Net Income Common Stockholders": NaN,
        "Net Income": NaN,
        "Minority Interests": NaN,
        "Net Income Including Noncontrolling Interests": NaN,
        "Net Income Discontinuous Operations": NaN,
        "Net Income Continuous Operations": NaN,
        "Tax Provision": NaN,
        "Pretax Income": NaN,
        "Other Income Expense": NaN,
        "Other Non Operating Income Expenses": NaN,
        "Special Income Charges": NaN,
        "Other Special Charges": NaN,
        "Restructuring And Mergern Acquisition": NaN,
        "Net Non Operating Interest Income Expense": NaN,
        "Total Other Finance Cost": 26243000.0,
        "Interest Expense Non Operating": NaN,
        "Operating Income": NaN,
        "Operating Expense": NaN,
        "Selling General And Administration": NaN,
        "General And Administrative Expense": NaN,
        "Other Gand A": NaN,
        "Gross Profit": NaN,
        "Cost Of Revenue": NaN,
        "Total Revenue": NaN,
        "Operating Revenue": NaN
    },
    "2024-03-31": {
        "Tax Effect Of Unusual Items": NaN,
        "Tax Rate For Calcs": NaN,
        "Normalized EBITDA": NaN,
        "Total Unusual Items": NaN,
        "Total Unusual Items Excluding Goodwill": NaN,
        "Net Income From Continuing Operation Net Minority Interest": NaN,
        "Reconciled Depreciation": NaN,
        "Reconciled Cost Of Revenue": NaN,
        "EBITDA": NaN,
        "EBIT": NaN,
        "Net Interest Income": NaN,
        "Interest Expense": NaN,
        "Normalized Income": NaN,
        "Net Income From Continuing And Discontinued Operation": NaN,
        "Total Expenses": NaN,
        "Total Operating Income As Reported": NaN,
        "Diluted Average Shares": NaN,
        "Basic Average Shares": NaN,
        "Diluted EPS": NaN,
        "Basic EPS": NaN,
        "Diluted NI Availto Com Stockholders": NaN,
        "Net Income Common Stockholders": NaN,
        "Net Income": NaN,
        "Minority Interests": NaN,
        "Net Income Including Noncontrolling Interests": NaN,
        "Net Income Discontinuous Operations": NaN,
        "Net Income Continuous Operations": NaN,
        "Tax Provision": NaN,
        "Pretax Income": NaN,
        "Other Income Expense": NaN,
        "Other Non Operating Income Expenses": -12155000.0,
        "Special Income Charges": NaN,
        "Other Special Charges": 12155000.0,
        "Restructuring And Mergern Acquisition": NaN,
        "Net Non Operating Interest Income Expense": NaN,
        "Total Other Finance Cost": NaN,
        "Interest Expense Non Operating": NaN,
        "Operating Income": NaN,
        "Operating Expense": NaN,
        "Selling General And Administration": NaN,
        "General And Administrative Expense": NaN,
        "Other Gand A": NaN,
        "Gross Profit": NaN,
        "Cost Of Revenue": NaN,
        "Total Revenue": NaN,
        "Operating Revenue": NaN
    },
    "2024-06-30": {
        "Tax Effect Of Unusual Items": -825729.0,
        "Tax Rate For Calcs": 0.173,
        "Normalized EBITDA": 140671000.0,
        "Total Unusual Items": -4773000.0,
        "Total Unusual Items Excluding Goodwill": -4773000.0,
        "Net Income From Continuing Operation Net Minority Interest": 84068000.0,
        "Reconciled Depreciation": 16543000.0,
        "Reconciled Cost Of Revenue": 436738000.0,
        "EBITDA": 135898000.0,
        "EBIT": 119355000.0,
        "Net Interest Income": -15940000.0,
        "Interest Expense": 15940000.0,
        "Normalized Income": 88015271.0,
        "Net Income From Continuing And Discontinued Operation": 82907000.0,
        "Total Expenses": 582925000.0,
        "Total Operating Income As Reported": 119355000.0,
        "Diluted Average Shares": 61078456.0,
        "Basic Average Shares": 60432230.0,
        "Diluted EPS": 1.35,
        "Basic EPS": 1.36,
        "Diluted NI Availto Com Stockholders": 82907000.0,
        "Net Income Common Stockholders": 82907000.0,
        "Net Income": 82907000.0,
        "Minority Interests": -1462000.0,
        "Net Income Including Noncontrolling Interests": 84369000.0,
        "Net Income Discontinuous Operations": -1161000.0,
        "Net Income Continuous Operations": 85530000.0,
        "Tax Provision": 17885000.0,
        "Pretax Income": 103415000.0,
        "Other Income Expense": -4773000.0,
        "Other Non Operating Income Expenses": NaN,
        "Special Income Charges": -4773000.0,
        "Other Special Charges": NaN,
        "Restructuring And Mergern Acquisition": 4773000.0,
        "Net Non Operating Interest Income Expense": -15940000.0,
        "Total Other Finance Cost": NaN,
        "Interest Expense Non Operating": 15940000.0,
        "Operating Income": 124128000.0,
        "Operating Expense": 146187000.0,
        "Selling General And Administration": 146187000.0,
        "General And Administrative Expense": 146187000.0,
        "Other Gand A": 146187000.0,
        "Gross Profit": 270315000.0,
        "Cost Of Revenue": 436738000.0,
        "Total Revenue": 707053000.0,
        "Operating Revenue": 707053000.0
    },
    "2024-09-30": {
        "Tax Effect Of Unusual Items": -380625.0,
        "Tax Rate For Calcs": 0.203,
        "Normalized EBITDA": 124988000.0,
        "Total Unusual Items": -1875000.0,
        "Total Unusual Items Excluding Goodwill": -1875000.0,
        "Net Income From Continuing Operation Net Minority Interest": 69454000.0,
        "Reconciled Depreciation": 17098000.0,
        "Reconciled Cost Of Revenue": 419460000.0,
        "EBITDA": 123113000.0,
        "EBIT": 106015000.0,
        "Net Interest Income": -16894000.0,
        "Interest Expense": 16894000.0,
        "Normalized Income": 70948375.0,
        "Net Income From Continuing And Discontinued Operation": 68240000.0,
        "Total Expenses": 565360000.0,
        "Total Operating Income As Reported": 106015000.0,
        "Diluted Average Shares": 61086129.0,
        "Basic Average Shares": 60439818.0,
        "Diluted EPS": 1.11,
        "Basic EPS": 1.12,
        "Diluted NI Availto Com Stockholders": 68240000.0,
        "Net Income Common Stockholders": 68240000.0,
        "Net Income": 68240000.0,
        "Minority Interests": -1593000.0,
        "Net Income Including Noncontrolling Interests": 69833000.0,
        "Net Income Discontinuous Operations": -1214000.0,
        "Net Income Continuous Operations": 71047000.0,
        "Tax Provision": 18074000.0,
        "Pretax Income": 89121000.0,
        "Other Income Expense": -1875000.0,
        "Other Non Operating Income Expenses": NaN,
        "Special Income Charges": -1875000.0,
        "Other Special Charges": NaN,
        "Restructuring And Mergern Acquisition": 1875000.0,
        "Net Non Operating Interest Income Expense": -16894000.0,
        "Total Other Finance Cost": NaN,
        "Interest Expense Non Operating": 16894000.0,
        "Operating Income": 107890000.0,
        "Operating Expense": 145900000.0,
        "Selling General And Administration": 145900000.0,
        "General And Administrative Expense": NaN,
        "Other Gand A": NaN,
        "Gross Profit": 253790000.0,
        "Cost Of Revenue": 419460000.0,
        "Total Revenue": 673250000.0,
        "Operating Revenue": 673250000.0
    },
    "2024-12-31": {
        "Tax Effect Of Unusual Items": -392638.292799,
        "Tax Rate For Calcs": 0.237244,
        "Normalized EBITDA": 129844000.0,
        "Total Unusual Items": -1655000.0,
        "Total Unusual Items Excluding Goodwill": -1655000.0,
        "Net Income From Continuing Operation Net Minority Interest": 72369000.0,
        "Reconciled Depreciation": 16762000.0,
        "Reconciled Cost Of Revenue": 412433000.0,
        "EBITDA": 128189000.0,
        "EBIT": 111427000.0,
        "Net Interest Income": -14965000.0,
        "Interest Expense": 14965000.0,
        "Normalized Income": 73631361.707201,
        "Net Income From Continuing And Discontinued Operation": 53744000.0,
        "Total Expenses": 557674000.0,
        "Total Operating Income As Reported": 111427000.0,
        "Diluted Average Shares": 61072727.0,
        "Basic Average Shares": 61072727.0,
        "Diluted EPS": 0.88,
        "Basic EPS": 0.88,
        "Diluted NI Availto Com Stockholders": 53744000.0,
        "Net Income Common Stockholders": 53744000.0,
        "Net Income": 53744000.0,
        "Minority Interests": -1208000.0,
        "Net Income Including Noncontrolling Interests": 54952000.0,
        "Net Income Discontinuous Operations": -18625000.0,
        "Net Income Continuous Operations": 73577000.0,
        "Tax Provision": 22885000.0,
        "Pretax Income": 96462000.0,
        "Other Income Expense": -1655000.0,
        "Other Non Operating Income Expenses": 0.0,
        "Special Income Charges": -1655000.0,
        "Other Special Charges": NaN,
        "Restructuring And Mergern Acquisition": 1655000.0,
        "Net Non Operating Interest Income Expense": -14965000.0,
        "Total Other Finance Cost": NaN,
        "Interest Expense Non Operating": 14965000.0,
        "Operating Income": 113082000.0,
        "Operating Expense": 145241000.0,
        "Selling General And Administration": 145241000.0,
        "General And Administrative Expense": NaN,
        "Other Gand A": NaN,
        "Gross Profit": 258323000.0,
        "Cost Of Revenue": 412433000.0,
        "Total Revenue": 670756000.0,
        "Operating Revenue": 670756000.0
    },
    "2025-03-31": {
        "Tax Effect Of Unusual Items": -989780.0,
        "Tax Rate For Calcs": 0.22,
        "Normalized EBITDA": 131835000.0,
        "Total Unusual Items": -4499000.0,
        "Total Unusual Items Excluding Goodwill": -4499000.0,
        "Net Income From Continuing Operation Net Minority Interest": 70095000.0,
        "Reconciled Depreciation": 17491000.0,
        "Reconciled Cost Of Revenue": 422936000.0,
        "EBITDA": 127336000.0,
        "EBIT": 109845000.0,
        "Net Interest Income": -16782000.0,
        "Interest Expense": 16782000.0,
        "Normalized Income": 73604220.0,
        "Net Income From Continuing And Discontinued Operation": 67363000.0,
        "Total Expenses": 563794000.0,
        "Total Operating Income As Reported": 109845000.0,
        "Diluted Average Shares": 61239091.0,
        "Basic Average Shares": 61239091.0,
        "Diluted EPS": 1.1,
        "Basic EPS": 1.1,
        "Diluted NI Availto Com Stockholders": 67363000.0,
        "Net Income Common Stockholders": 67363000.0,
        "Net Income": 67363000.0,
        "Minority Interests": -2469000.0,
        "Net Income Including Noncontrolling Interests": 69832000.0,
        "Net Income Discontinuous Operations": -2732000.0,
        "Net Income Continuous Operations": 72564000.0,
        "Tax Provision": 20499000.0,
        "Pretax Income": 93063000.0,
        "Other Income Expense": -4499000.0,
        "Other Non Operating Income Expenses": NaN,
        "Special Income Charges": -4499000.0,
        "Other Special Charges": NaN,
        "Restructuring And Mergern Acquisition": 4499000.0,
        "Net Non Operating Interest Income Expense": -16782000.0,
        "Total Other Finance Cost": NaN,
        "Interest Expense Non Operating": 16782000.0,
        "Operating Income": 114344000.0,
        "Operating Expense": 140858000.0,
        "Selling General And Administration": 140858000.0,
        "General And Administrative Expense": NaN,
        "Other Gand A": NaN,
        "Gross Profit": 255202000.0,
        "Cost Of Revenue": 422936000.0,
        "Total Revenue": 678138000.0,
        "Operating Revenue": 678138000.0
    },
    "2025-06-30": {
        "Tax Effect Of Unusual Items": -289120.0,
        "Tax Rate For Calcs": 0.208,
        "Normalized EBITDA": 129839000.0,
        "Total Unusual Items": -1390000.0,
        "Total Unusual Items Excluding Goodwill": -1390000.0,
        "Net Income From Continuing Operation Net Minority Interest": 68591000.0,
        "Reconciled Depreciation": 19355000.0,
        "Reconciled Cost Of Revenue": 449539000.0,
        "EBITDA": 128449000.0,
        "EBIT": 109094000.0,
        "Net Interest Income": -20999000.0,
        "Interest Expense": 20999000.0,
        "Normalized Income": 69691880.0,
        "Net Income From Continuing And Discontinued Operation": 66883000.0,
        "Total Expenses": 605102000.0,
        "Total Operating Income As Reported": 109094000.0,
        "Diluted Average Shares": 61360550.0,
        "Basic Average Shares": 60802727.0,
        "Diluted EPS": 1.09,
        "Basic EPS": 1.1,
        "Diluted NI Availto Com Stockholders": 66883000.0,
        "Net Income Common Stockholders": 66883000.0,
        "Net Income": 66883000.0,
        "Minority Interests": -1221000.0,
        "Net Income Including Noncontrolling Interests": 68104000.0,
        "Net Income Discontinuous Operations": -1708000.0,
        "Net Income Continuous Operations": 69812000.0,
        "Tax Provision": 18283000.0,
        "Pretax Income": 88095000.0,
        "Other Income Expense": -1390000.0,
        "Other Non Operating Income Expenses": NaN,
        "Special Income Charges": -1390000.0,
        "Other Special Charges": NaN,
        "Restructuring And Mergern Acquisition": 1390000.0,
        "Net Non Operating Interest Income Expense": -20999000.0,
        "Total Other Finance Cost": NaN,
        "Interest Expense Non Operating": 20999000.0,
        "Operating Income": 110484000.0,
        "Operating Expense": 155563000.0,
        "Selling General And Administration": 155563000.0,
        "General And Administrative Expense": 155563000.0,
        "Other Gand A": 155563000.0,
        "Gross Profit": 266047000.0,
        "Cost Of Revenue": 449539000.0,
        "Total Revenue": 715586000.0,
        "Operating Revenue": 715586000.0
    }
}