{
    "2023-06-30": {
        "Tax Effect Of Unusual Items": NaN,
        "Tax Rate For Calcs": NaN,
        "Normalized EBITDA": NaN,
        "Total Unusual Items": NaN,
        "Total Unusual Items Excluding Goodwill": NaN,
        "Net Income From Continuing Operation Net Minority Interest": NaN,
        "Reconciled Depreciation": NaN,
        "Reconciled Cost Of Revenue": NaN,
        "EBITDA": NaN,
        "EBIT": NaN,
        "Net Interest Income": NaN,
        "Interest Expense": NaN,
        "Normalized Income": NaN,
        "Net Income From Continuing And Discontinued Operation": NaN,
        "Total Expenses": NaN,
        "Total Operating Income As Reported": NaN,
        "Diluted Average Shares": 14007692.0,
        "Basic Average Shares": 13488889.0,
        "Diluted EPS": 0.26,
        "Basic EPS": 0.27,
        "Diluted NI Availto Com Stockholders": NaN,
        "Net Income Common Stockholders": NaN,
        "Net Income": NaN,
        "Net Income Including Noncontrolling Interests": NaN,
        "Net Income Continuous Operations": NaN,
        "Tax Provision": NaN,
        "Pretax Income": NaN,
        "Other Income Expense": NaN,
        "Other Non Operating Income Expenses": NaN,
        "Special Income Charges": NaN,
        "Gain On Sale Of Ppe": NaN,
        "Net Non Operating Interest Income Expense": NaN,
        "Interest Expense Non Operating": NaN,
        "Operating Income": NaN,
        "Operating Expense": NaN,
        "Depreciation Amortization Depletion Income Statement": NaN,
        "Depreciation And Amortization In Income Statement": NaN,
        "Amortization": NaN,
        "Amortization Of Intangibles Income Statement": NaN,
        "Selling General And Administration": NaN,
        "Gross Profit": NaN,
        "Cost Of Revenue": NaN,
        "Total Revenue": NaN,
        "Operating Revenue": NaN
    },
    "2023-03-31": {
        "Tax Effect Of Unusual Items": NaN,
        "Tax Rate For Calcs": NaN,
        "Normalized EBITDA": NaN,
        "Net Income From Continuing Operation Net Minority Interest": NaN,
        "Reconciled Depreciation": NaN,
        "Reconciled Cost Of Revenue": NaN,
        "EBITDA": NaN,
        "EBIT": NaN,
        "Net Interest Income": NaN,
        "Interest Expense": NaN,
        "Normalized Income": NaN,
        "Net Income From Continuing And Discontinued Operation": NaN,
        "Total Expenses": NaN,
        "Total Operating Income As Reported": NaN,
        "Diluted Average Shares": 13648000.0,
        "Basic Average Shares": 13648000.0,
        "Diluted EPS": -0.07,
        "Basic EPS": -0.07,
        "Diluted NI Availto Com Stockholders": NaN,
        "Net Income Common Stockholders": NaN,
        "Net Income": NaN,
        "Net Income Including Noncontrolling Interests": NaN,
        "Net Income Continuous Operations": NaN,
        "Tax Provision": NaN,
        "Pretax Income": NaN,
        "Other Income Expense": NaN,
        "Other Non Operating Income Expenses": NaN,
        "Net Non Operating Interest Income Expense": NaN,
        "Interest Expense Non Operating": NaN,
        "Operating Income": NaN,
        "Operating Expense": NaN,
        "Depreciation Amortization Depletion Income Statement": NaN,
        "Depreciation And Amortization In Income Statement": NaN,
        "Amortization": NaN,
        "Amortization Of Intangibles Income Statement": NaN,
        "Selling General And Administration": NaN,
        "Gross Profit": NaN,
        "Cost Of Revenue": NaN,
        "Total Revenue": NaN,
        "Operating Revenue": NaN
    },
    "2022-12-31": {
        "Tax Effect Of Unusual Items": NaN,
        "Tax Rate For Calcs": NaN,
        "Normalized EBITDA": NaN,
        "Net Income From Continuing Operation Net Minority Interest": NaN,
        "Reconciled Depreciation": NaN,
        "Reconciled Cost Of Revenue": NaN,
        "EBITDA": NaN,
        "EBIT": NaN,
        "Net Interest Income": NaN,
        "Interest Expense": NaN,
        "Normalized Income": NaN,
        "Net Income From Continuing And Discontinued Operation": NaN,
        "Total Expenses": NaN,
        "Total Operating Income As Reported": NaN,
        "Diluted Average Shares": 13520000.0,
        "Basic Average Shares": 13520000.0,
        "Diluted EPS": 0.2,
        "Basic EPS": 0.2,
        "Diluted NI Availto Com Stockholders": NaN,
        "Net Income Common Stockholders": NaN,
        "Net Income": NaN,
        "Net Income Including Noncontrolling Interests": NaN,
        "Net Income Continuous Operations": NaN,
        "Tax Provision": NaN,
        "Pretax Income": NaN,
        "Other Income Expense": NaN,
        "Other Non Operating Income Expenses": NaN,
        "Net Non Operating Interest Income Expense": NaN,
        "Interest Expense Non Operating": NaN,
        "Operating Income": NaN,
        "Operating Expense": NaN,
        "Depreciation Amortization Depletion Income Statement": NaN,
        "Depreciation And Amortization In Income Statement": NaN,
        "Amortization": NaN,
        "Amortization Of Intangibles Income Statement": NaN,
        "Selling General And Administration": NaN,
        "Gross Profit": NaN,
        "Cost Of Revenue": NaN,
        "Total Revenue": NaN,
        "Operating Revenue": NaN
    },
    "2022-09-30": {
        "Tax Effect Of Unusual Items": 0.0,
        "Tax Rate For Calcs": 0.088163,
        "Normalized EBITDA": 5802000.0,
        "Net Income From Continuing Operation Net Minority Interest": 2958000.0,
        "Reconciled Depreciation": 1604000.0,
        "Reconciled Cost Of Revenue": 60311000.0,
        "EBITDA": 5802000.0,
        "EBIT": 4198000.0,
        "Net Interest Income": -954000.0,
        "Interest Expense": 954000.0,
        "Normalized Income": 2958000.0,
        "Net Income From Continuing And Discontinued Operation": 2958000.0,
        "Total Expenses": 70684000.0,
        "Total Operating Income As Reported": 4220000.0,
        "Diluted Average Shares": 13652000.0,
        "Basic Average Shares": 13590000.0,
        "Diluted EPS": 0.22,
        "Basic EPS": 0.22,
        "Diluted NI Availto Com Stockholders": 2958000.0,
        "Net Income Common Stockholders": 2958000.0,
        "Net Income": 2958000.0,
        "Net Income Including Noncontrolling Interests": 2958000.0,
        "Net Income Continuous Operations": 2958000.0,
        "Tax Provision": 286000.0,
        "Pretax Income": 3244000.0,
        "Other Income Expense": -22000.0,
        "Other Non Operating Income Expenses": -22000.0,
        "Net Non Operating Interest Income Expense": -954000.0,
        "Interest Expense Non Operating": 954000.0,
        "Operating Income": 4220000.0,
        "Operating Expense": 9411000.0,
        "Depreciation Amortization Depletion Income Statement": 642000.0,
        "Depreciation And Amortization In Income Statement": 642000.0,
        "Amortization": 642000.0,
        "Amortization Of Intangibles Income Statement": 642000.0,
        "Selling General And Administration": 8769000.0,
        "Gross Profit": 13631000.0,
        "Cost Of Revenue": 61273000.0,
        "Total Revenue": 74904000.0,
        "Operating Revenue": 81457000.0
    },
    "2022-06-30": {
        "Tax Effect Of Unusual Items": 0.0,
        "Tax Rate For Calcs": 0.21967,
        "Normalized EBITDA": 9073000.0,
        "Net Income From Continuing Operation Net Minority Interest": 5673000.0,
        "Reconciled Depreciation": 855000.0,
        "Reconciled Cost Of Revenue": 70613000.0,
        "EBITDA": 9073000.0,
        "EBIT": 8218000.0,
        "Net Interest Income": -948000.0,
        "Interest Expense": 948000.0,
        "Normalized Income": 5673000.0,
        "Net Income From Continuing And Discontinued Operation": 5673000.0,
        "Total Expenses": 86148000.0,
        "Total Operating Income As Reported": 8189000.0,
        "Diluted Average Shares": 13643000.0,
        "Basic Average Shares": 13588000.0,
        "Diluted EPS": 0.42,
        "Basic EPS": 0.42,
        "Diluted NI Availto Com Stockholders": 5673000.0,
        "Net Income Common Stockholders": 5673000.0,
        "Net Income": 5673000.0,
        "Net Income Including Noncontrolling Interests": 5673000.0,
        "Net Income Continuous Operations": 5673000.0,
        "Tax Provision": 1597000.0,
        "Pretax Income": 7270000.0,
        "Other Income Expense": 29000.0,
        "Other Non Operating Income Expenses": 29000.0,
        "Net Non Operating Interest Income Expense": -948000.0,
        "Interest Expense Non Operating": 948000.0,
        "Operating Income": 8189000.0,
        "Operating Expense": 15535000.0,
        "Depreciation Amortization Depletion Income Statement": 855000.0,
        "Depreciation And Amortization In Income Statement": 855000.0,
        "Amortization": 855000.0,
        "Amortization Of Intangibles Income Statement": 855000.0,
        "Selling General And Administration": 14680000.0,
        "Gross Profit": 23724000.0,
        "Cost Of Revenue": 70613000.0,
        "Total Revenue": 94337000.0,
        "Operating Revenue": 94337000.0
    },
    "2022-03-31": {
        "Diluted EPS": 0.49,
        "Total Revenue": 72,
        "Gross Profit": 20,
        "Operating Income": 9,
        "EBIT": 10,
        "Net Income": 7
    },
    "2021-12-31": {
        "Diluted EPS": 0.36,
        "Total Revenue": 73,
        "Gross Profit": 16,
        "Operating Income": 6,
        "EBIT": 7,
        "Net Income": 5
    },
    "2021-09-30": {
        "Diluted EPS": 0.43,
        "Total Revenue": 81,
        "Gross Profit": 18,
        "Operating Income": 8,
        "EBIT": 9,
        "Net Income": 6
    },
    "2021-06-30": {
        "Diluted EPS": 0.58,
        "Total Revenue": 100,
        "Gross Profit": 25,
        "Operating Income": 11,
        "EBIT": 12,
        "Net Income": 8
    },
    "2021-03-31": {
        "Diluted EPS": 0.39,
        "Total Revenue": 59,
        "Gross Profit": 17,
        "Operating Income": 7,
        "EBIT": 8,
        "Net Income": 5
    },
    "2020-12-31": {
        "Diluted EPS": 0.36,
        "Total Revenue": 75,
        "Gross Profit": 18,
        "Operating Income": 7,
        "EBIT": 8,
        "Net Income": 5
    },
    "2020-09-30": {
        "Diluted EPS": 0.71,
        "Total Revenue": 78,
        "Gross Profit": 24,
        "Operating Income": 13,
        "EBIT": 14,
        "Net Income": 10
    },
    "2020-06-30": {
        "Diluted EPS": 0.61,
        "Total Revenue": 84,
        "Gross Profit": 23,
        "Operating Income": 11,
        "EBIT": 12,
        "Net Income": 9
    },
    "2020-03-31": {
        "Diluted EPS": 0.14,
        "Total Revenue": 37,
        "Gross Profit": 10,
        "Operating Income": 2,
        "EBIT": 3,
        "Net Income": 2
    },
    "2019-12-31": {
        "Diluted EPS": 0.17,
        "Total Revenue": 47,
        "Gross Profit": 11,
        "Operating Income": 4,
        "EBIT": 4,
        "Net Income": 3
    },
    "2019-09-30": {
        "Diluted EPS": 0.18,
        "Total Revenue": 46,
        "Gross Profit": 10,
        "Operating Income": 3,
        "EBIT": 4,
        "Net Income": 3
    },
    "2019-06-30": {
        "Diluted EPS": 0.13,
        "Total Revenue": 56,
        "Gross Profit": 13,
        "Operating Income": 2,
        "EBIT": 4,
        "Net Income": 2
    },
    "2019-03-31": {
        "Diluted EPS": 0.02,
        "Total Revenue": 32,
        "Gross Profit": 8,
        "Operating Income": 0,
        "EBIT": 1,
        "Net Income": 0
    },
    "2018-12-31": {
        "Diluted EPS": 0.24,
        "Total Revenue": 51,
        "Gross Profit": 12,
        "Operating Income": 5,
        "EBIT": 6,
        "Net Income": 4
    },
    "2018-09-30": {
        "Diluted EPS": 0.25,
        "Total Revenue": 44,
        "Gross Profit": 12,
        "Operating Income": 5,
        "EBIT": 6,
        "Net Income": 4
    },
    "2018-06-30": {
        "Diluted EPS": 0.84,
        "Total Revenue": 49,
        "Gross Profit": 11,
        "Operating Income": 2,
        "EBIT": 3,
        "Net Income": 12
    },
    "2018-03-31": {
        "Diluted EPS": 0.08,
        "Total Revenue": 32,
        "Gross Profit": 9,
        "Operating Income": 2,
        "EBIT": 3,
        "Net Income": 1
    },
    "2017-12-31": {
        "Diluted EPS": 0.52,
        "Total Revenue": 49,
        "Gross Profit": 12,
        "Operating Income": 5,
        "EBIT": 6,
        "Net Income": 7
    },
    "2017-09-30": {
        "Diluted EPS": 0.22,
        "Total Revenue": 43,
        "Gross Profit": 11,
        "Operating Income": 4,
        "EBIT": 5,
        "Net Income": 3
    },
    "2017-06-30": {
        "Diluted EPS": 0.15,
        "Total Revenue": 54,
        "Gross Profit": 13,
        "Operating Income": 3,
        "EBIT": 5,
        "Net Income": 2
    },
    "2017-03-31": {
        "Diluted EPS": 0.1,
        "Total Revenue": 32,
        "Gross Profit": 8,
        "Operating Income": 2,
        "EBIT": 3,
        "Net Income": 1
    },
    "2016-12-31": {
        "Diluted EPS": 0.23,
        "Total Revenue": 50,
        "Gross Profit": 10,
        "Operating Income": 4,
        "EBIT": 5,
        "Net Income": 3
    },
    "2016-09-30": {
        "Diluted EPS": 0.3,
        "Total Revenue": 39,
        "Gross Profit": 10,
        "Operating Income": 5,
        "EBIT": 6,
        "Net Income": 4
    },
    "2016-06-30": {
        "Diluted EPS": 0.15,
        "Total Revenue": 48,
        "Gross Profit": 13,
        "Operating Income": 3,
        "EBIT": 5,
        "Net Income": 2
    },
    "2016-03-31": {
        "Diluted EPS": 0.12,
        "Total Revenue": 35,
        "Gross Profit": 11,
        "Operating Income": 2,
        "EBIT": 4,
        "Net Income": 2
    },
    "2015-12-31": {
        "Diluted EPS": 0.2,
        "Total Revenue": 48,
        "Gross Profit": 10,
        "Operating Income": 3,
        "EBIT": 4,
        "Net Income": 3
    },
    "2015-09-30": {
        "Diluted EPS": 0.14,
        "Total Revenue": 35,
        "Gross Profit": 9,
        "Operating Income": 2,
        "EBIT": 3,
        "Net Income": 2
    },
    "2015-06-30": {
        "Diluted EPS": 0.23,
        "Total Revenue": 44,
        "Gross Profit": 13,
        "Operating Income": 4,
        "EBIT": 6,
        "Net Income": 3
    },
    "2015-03-31": {
        "Diluted EPS": 0.25,
        "Total Revenue": 33,
        "Gross Profit": 11,
        "Operating Income": 4,
        "EBIT": 5,
        "Net Income": 3
    },
    "2014-12-31": {
        "Diluted EPS": 0.3,
        "Total Revenue": 41,
        "Gross Profit": 11,
        "Operating Income": 4,
        "EBIT": 5,
        "Net Income": 4
    },
    "2014-09-30": {
        "Diluted EPS": 0.96,
        "Total Revenue": 32,
        "Gross Profit": 10,
        "Operating Income": 4,
        "EBIT": 5,
        "Net Income": 14
    },
    "2014-06-30": {
        "Diluted EPS": -0.58,
        "Total Revenue": 38,
        "Gross Profit": 12,
        "Operating Income": 4,
        "EBIT": 5,
        "Net Income": -8
    },
    "2014-03-31": {
        "Diluted EPS": 0.16,
        "Total Revenue": 28,
        "Gross Profit": 9,
        "Operating Income": 3,
        "EBIT": 4,
        "Net Income": 2
    },
    "2013-12-31": {
        "Diluted EPS": 0.23,
        "Total Revenue": 32,
        "Gross Profit": 7,
        "Operating Income": 3,
        "EBIT": 4,
        "Net Income": 3
    },
    "2013-09-30": {
        "Diluted EPS": 0.18,
        "Total Revenue": 32,
        "Gross Profit": 10,
        "Operating Income": 4,
        "EBIT": 5,
        "Net Income": 3
    },
    "2013-06-30": {
        "Diluted EPS": 0.19,
        "Total Revenue": 38,
        "Gross Profit": 13,
        "Operating Income": 6,
        "EBIT": 7,
        "Net Income": 3
    },
    "2013-03-31": {
        "Diluted EPS": 0.12,
        "Total Revenue": 32,
        "Gross Profit": 11,
        "Operating Income": 3,
        "EBIT": 4,
        "Net Income": 2
    },
    "2012-12-31": {
        "Diluted EPS": 0.29,
        "Total Revenue": 6,
        "Gross Profit": -1,
        "Operating Income": 17,
        "EBIT": 4,
        "Net Income": 4
    },
    "2012-09-30": {
        "Diluted EPS": -0.86,
        "Total Revenue": 34,
        "Gross Profit": 11,
        "Operating Income": -10,
        "EBIT": 4,
        "Net Income": -12
    },
    "2012-06-30": {
        "Diluted EPS": 0.08,
        "Total Revenue": 42,
        "Gross Profit": 12,
        "Operating Income": 3,
        "EBIT": 4,
        "Net Income": 1
    },
    "2012-03-31": {
        "Diluted EPS": 0.12,
        "Total Revenue": 31,
        "Gross Profit": 11,
        "Operating Income": 3,
        "EBIT": 4,
        "Net Income": 2
    },
    "2011-12-31": {
        "Diluted EPS": 0.16,
        "Total Revenue": 37,
        "Gross Profit": 10,
        "Operating Income": 0,
        "EBIT": 3,
        "Net Income": 2
    },
    "2011-09-30": {
        "Diluted EPS": -0.03,
        "Total Revenue": 29,
        "Gross Profit": 8,
        "Operating Income": -1,
        "EBIT": 2,
        "Net Income": 0
    },
    "2011-06-30": {
        "Diluted EPS": 0.11,
        "Total Revenue": 41,
        "Gross Profit": 13,
        "Operating Income": 3,
        "EBIT": 4,
        "Net Income": 1
    },
    "2011-03-31": {
        "Diluted EPS": 0.09,
        "Total Revenue": 28,
        "Gross Profit": 10,
        "Operating Income": 2,
        "EBIT": 3,
        "Net Income": 1
    },
    "2010-12-31": {
        "Diluted EPS": 0.17,
        "Total Revenue": 31,
        "Gross Profit": 8,
        "Operating Income": 1,
        "EBIT": 2,
        "Net Income": 2
    },
    "2010-09-30": {
        "Diluted EPS": 0.09,
        "Total Revenue": 29,
        "Gross Profit": 9,
        "Operating Income": 2,
        "EBIT": 3,
        "Net Income": 1
    },
    "2010-06-30": {
        "Diluted EPS": 0.14,
        "Total Revenue": 36,
        "Gross Profit": 12,
        "Operating Income": 3,
        "EBIT": 5,
        "Net Income": 2
    },
    "2010-03-31": {
        "Diluted EPS": 0.06,
        "Total Revenue": 25,
        "Gross Profit": 9,
        "Operating Income": 1,
        "EBIT": 2,
        "Net Income": 1
    },
    "2009-12-31": {
        "Diluted EPS": 0.08,
        "Total Revenue": 29,
        "Gross Profit": 7,
        "Operating Income": 1,
        "EBIT": 2,
        "Net Income": 1
    },
    "2009-09-30": {
        "Diluted EPS": 0.05,
        "Total Revenue": 26,
        "Gross Profit": 8,
        "Operating Income": 1,
        "EBIT": 2,
        "Net Income": 1
    },
    "2009-06-30": {
        "Diluted EPS": 0.03,
        "Total Revenue": 36,
        "Gross Profit": 11,
        "Operating Income": 1,
        "EBIT": 3,
        "Net Income": 0
    },
    "2009-03-31": {
        "Diluted EPS": -0.03,
        "Total Revenue": 25,
        "Gross Profit": 8,
        "Operating Income": -1,
        "EBIT": 1,
        "Net Income": 0
    },
    "2023-09-30": {
        "Tax Effect Of Unusual Items": NaN,
        "Tax Rate For Calcs": NaN,
        "Normalized EBITDA": NaN,
        "Total Unusual Items": 0.0,
        "Total Unusual Items Excluding Goodwill": 0.0,
        "Net Income From Continuing Operation Net Minority Interest": NaN,
        "Reconciled Depreciation": NaN,
        "Reconciled Cost Of Revenue": NaN,
        "EBITDA": NaN,
        "EBIT": NaN,
        "Net Interest Income": NaN,
        "Interest Expense": NaN,
        "Normalized Income": NaN,
        "Net Income From Continuing And Discontinued Operation": NaN,
        "Total Expenses": NaN,
        "Total Operating Income As Reported": NaN,
        "Diluted Average Shares": NaN,
        "Basic Average Shares": NaN,
        "Diluted EPS": NaN,
        "Basic EPS": NaN,
        "Diluted NI Availto Com Stockholders": NaN,
        "Net Income Common Stockholders": NaN,
        "Net Income": NaN,
        "Net Income Including Noncontrolling Interests": NaN,
        "Net Income Continuous Operations": NaN,
        "Tax Provision": NaN,
        "Pretax Income": NaN,
        "Other Income Expense": NaN,
        "Other Non Operating Income Expenses": NaN,
        "Special Income Charges": 0.0,
        "Gain On Sale Of Ppe": 0.0,
        "Net Non Operating Interest Income Expense": NaN,
        "Interest Expense Non Operating": NaN,
        "Operating Income": NaN,
        "Operating Expense": NaN,
        "Depreciation Amortization Depletion Income Statement": NaN,
        "Depreciation And Amortization In Income Statement": NaN,
        "Amortization": NaN,
        "Amortization Of Intangibles Income Statement": NaN,
        "Selling General And Administration": NaN,
        "Gross Profit": NaN,
        "Cost Of Revenue": NaN,
        "Total Revenue": NaN,
        "Operating Revenue": NaN
    },
    "2023-12-31": {
        "Tax Effect Of Unusual Items": 0.0,
        "Tax Rate For Calcs": 0.263942,
        "Normalized EBITDA": 6410000.0,
        "Total Unusual Items": NaN,
        "Total Unusual Items Excluding Goodwill": NaN,
        "Net Income From Continuing Operation Net Minority Interest": 2864000.0,
        "Reconciled Depreciation": 1450000.0,
        "Reconciled Cost Of Revenue": 48740000.0,
        "EBITDA": 6410000.0,
        "EBIT": 4960000.0,
        "Net Interest Income": -1069000.0,
        "Interest Expense": 1069000.0,
        "Normalized Income": 2864000.0,
        "Net Income From Continuing And Discontinued Operation": 2864000.0,
        "Total Expenses": 60547000.0,
        "Total Operating Income As Reported": 4959000.0,
        "Diluted Average Shares": NaN,
        "Basic Average Shares": NaN,
        "Diluted EPS": NaN,
        "Basic EPS": NaN,
        "Diluted NI Availto Com Stockholders": 2864000.0,
        "Net Income Common Stockholders": 2864000.0,
        "Net Income": 2864000.0,
        "Net Income Including Noncontrolling Interests": 2864000.0,
        "Net Income Continuous Operations": 2864000.0,
        "Tax Provision": 1027000.0,
        "Pretax Income": 3891000.0,
        "Other Income Expense": 1000.0,
        "Other Non Operating Income Expenses": 1000.0,
        "Special Income Charges": NaN,
        "Gain On Sale Of Ppe": NaN,
        "Net Non Operating Interest Income Expense": -1069000.0,
        "Interest Expense Non Operating": 1069000.0,
        "Operating Income": 4959000.0,
        "Operating Expense": 10977000.0,
        "Depreciation Amortization Depletion Income Statement": 620000.0,
        "Depreciation And Amortization In Income Statement": 620000.0,
        "Amortization": 620000.0,
        "Amortization Of Intangibles Income Statement": 620000.0,
        "Selling General And Administration": 10357000.0,
        "Gross Profit": 15936000.0,
        "Cost Of Revenue": 49570000.0,
        "Total Revenue": 65506000.0,
        "Operating Revenue": 73512000.0
    },
    "2024-03-31": {
        "Tax Effect Of Unusual Items": 0.0,
        "Tax Rate For Calcs": 0.237543,
        "Normalized EBITDA": 4436000.0,
        "Total Unusual Items": NaN,
        "Total Unusual Items Excluding Goodwill": NaN,
        "Net Income From Continuing Operation Net Minority Interest": 1775000.0,
        "Reconciled Depreciation": 1373000.0,
        "Reconciled Cost Of Revenue": 42170000.0,
        "EBITDA": 4436000.0,
        "EBIT": 3063000.0,
        "Net Interest Income": -735000.0,
        "Interest Expense": 735000.0,
        "Normalized Income": 1775000.0,
        "Net Income From Continuing And Discontinued Operation": 1775000.0,
        "Total Expenses": 54244000.0,
        "Total Operating Income As Reported": 3060000.0,
        "Diluted Average Shares": 13890000.0,
        "Basic Average Shares": 13786000.0,
        "Diluted EPS": 0.13,
        "Basic EPS": 0.13,
        "Diluted NI Availto Com Stockholders": 1775000.0,
        "Net Income Common Stockholders": 1775000.0,
        "Net Income": 1775000.0,
        "Net Income Including Noncontrolling Interests": 1775000.0,
        "Net Income Continuous Operations": 1775000.0,
        "Tax Provision": 553000.0,
        "Pretax Income": 2328000.0,
        "Other Income Expense": 3000.0,
        "Other Non Operating Income Expenses": 3000.0,
        "Special Income Charges": NaN,
        "Gain On Sale Of Ppe": NaN,
        "Net Non Operating Interest Income Expense": -735000.0,
        "Interest Expense Non Operating": 735000.0,
        "Operating Income": 3060000.0,
        "Operating Expense": 11294000.0,
        "Depreciation Amortization Depletion Income Statement": 593000.0,
        "Depreciation And Amortization In Income Statement": 593000.0,
        "Amortization": 593000.0,
        "Amortization Of Intangibles Income Statement": 593000.0,
        "Selling General And Administration": 10701000.0,
        "Gross Profit": 14354000.0,
        "Cost Of Revenue": 42950000.0,
        "Total Revenue": 57304000.0,
        "Operating Revenue": 64047000.0
    },
    "2024-06-30": {
        "Tax Effect Of Unusual Items": 0.0,
        "Tax Rate For Calcs": 0.238,
        "Normalized EBITDA": 5838000.0,
        "Total Unusual Items": NaN,
        "Total Unusual Items Excluding Goodwill": NaN,
        "Net Income From Continuing Operation Net Minority Interest": 2844000.0,
        "Reconciled Depreciation": 1378000.0,
        "Reconciled Cost Of Revenue": 46628000.0,
        "EBITDA": 5838000.0,
        "EBIT": 4460000.0,
        "Net Interest Income": -730000.0,
        "Interest Expense": 730000.0,
        "Normalized Income": 2844000.0,
        "Net Income From Continuing And Discontinued Operation": 2844000.0,
        "Total Expenses": 58069000.0,
        "Total Operating Income As Reported": 4457000.0,
        "Diluted Average Shares": 14220000.0,
        "Basic Average Shares": 13542857.0,
        "Diluted EPS": 0.2,
        "Basic EPS": 0.21,
        "Diluted NI Availto Com Stockholders": 2844000.0,
        "Net Income Common Stockholders": 2844000.0,
        "Net Income": 2844000.0,
        "Net Income Including Noncontrolling Interests": 2844000.0,
        "Net Income Continuous Operations": 2844000.0,
        "Tax Provision": 886000.0,
        "Pretax Income": 3730000.0,
        "Other Income Expense": 3000.0,
        "Other Non Operating Income Expenses": 3000.0,
        "Special Income Charges": NaN,
        "Gain On Sale Of Ppe": NaN,
        "Net Non Operating Interest Income Expense": -730000.0,
        "Interest Expense Non Operating": 730000.0,
        "Operating Income": 4457000.0,
        "Operating Expense": 10654000.0,
        "Depreciation Amortization Depletion Income Statement": 591000.0,
        "Depreciation And Amortization In Income Statement": 591000.0,
        "Amortization": 591000.0,
        "Amortization Of Intangibles Income Statement": 591000.0,
        "Selling General And Administration": 10063000.0,
        "Gross Profit": 15111000.0,
        "Cost Of Revenue": 47415000.0,
        "Total Revenue": 62526000.0,
        "Operating Revenue": 70509000.0
    },
    "2024-09-30": {
        "Tax Effect Of Unusual Items": 933295.0,
        "Tax Rate For Calcs": 0.239,
        "Normalized EBITDA": 6016000.0,
        "Total Unusual Items": 3905000.0,
        "Total Unusual Items Excluding Goodwill": 3905000.0,
        "Net Income From Continuing Operation Net Minority Interest": 5667000.0,
        "Reconciled Depreciation": 1940000.0,
        "Reconciled Cost Of Revenue": 50054000.0,
        "EBITDA": 9921000.0,
        "EBIT": 7981000.0,
        "Net Interest Income": -530000.0,
        "Interest Expense": 530000.0,
        "Normalized Income": 2695295.0,
        "Net Income From Continuing And Discontinued Operation": 5667000.0,
        "Total Expenses": 63669000.0,
        "Total Operating Income As Reported": 7974000.0,
        "Diluted Average Shares": 14167500.0,
        "Basic Average Shares": 13821951.0,
        "Diluted EPS": 0.4,
        "Basic EPS": 0.41,
        "Diluted NI Availto Com Stockholders": 5667000.0,
        "Net Income Common Stockholders": 5667000.0,
        "Net Income": 5667000.0,
        "Net Income Including Noncontrolling Interests": 5667000.0,
        "Net Income Continuous Operations": 5667000.0,
        "Tax Provision": 1784000.0,
        "Pretax Income": 7451000.0,
        "Other Income Expense": 3912000.0,
        "Other Non Operating Income Expenses": 7000.0,
        "Special Income Charges": 3905000.0,
        "Gain On Sale Of Ppe": 3905000.0,
        "Net Non Operating Interest Income Expense": -530000.0,
        "Interest Expense Non Operating": 530000.0,
        "Operating Income": 4069000.0,
        "Operating Expense": 12722000.0,
        "Depreciation Amortization Depletion Income Statement": 1047000.0,
        "Depreciation And Amortization In Income Statement": 1047000.0,
        "Amortization": 1047000.0,
        "Amortization Of Intangibles Income Statement": 1047000.0,
        "Selling General And Administration": 11675000.0,
        "Gross Profit": 16791000.0,
        "Cost Of Revenue": 50947000.0,
        "Total Revenue": 67738000.0,
        "Operating Revenue": 76321000.0
    },
    "2024-12-31": {
        "Tax Effect Of Unusual Items": 0.0,
        "Tax Rate For Calcs": 0.367237,
        "Normalized EBITDA": 5924000.0,
        "Total Unusual Items": 0.0,
        "Total Unusual Items Excluding Goodwill": 0.0,
        "Net Income From Continuing Operation Net Minority Interest": 2700000.0,
        "Reconciled Depreciation": 1350000.0,
        "Reconciled Cost Of Revenue": 47215000.0,
        "EBITDA": 5924000.0,
        "EBIT": 4574000.0,
        "Net Interest Income": -307000.0,
        "Interest Expense": 307000.0,
        "Normalized Income": 2700000.0,
        "Net Income From Continuing And Discontinued Operation": 2700000.0,
        "Total Expenses": 59429000.0,
        "Total Operating Income As Reported": 4513000.0,
        "Diluted Average Shares": 14210526.0,
        "Basic Average Shares": 13500000.0,
        "Diluted EPS": 0.19,
        "Basic EPS": 0.2,
        "Diluted NI Availto Com Stockholders": 2700000.0,
        "Net Income Common Stockholders": 2700000.0,
        "Net Income": 2700000.0,
        "Net Income Including Noncontrolling Interests": 2700000.0,
        "Net Income Continuous Operations": 2700000.0,
        "Tax Provision": 1567000.0,
        "Pretax Income": 4267000.0,
        "Other Income Expense": 61000.0,
        "Other Non Operating Income Expenses": 61000.0,
        "Special Income Charges": 0.0,
        "Gain On Sale Of Ppe": 0.0,
        "Net Non Operating Interest Income Expense": -307000.0,
        "Interest Expense Non Operating": 307000.0,
        "Operating Income": 4513000.0,
        "Operating Expense": 11435000.0,
        "Depreciation Amortization Depletion Income Statement": 571000.0,
        "Depreciation And Amortization In Income Statement": 571000.0,
        "Amortization": 571000.0,
        "Amortization Of Intangibles Income Statement": 571000.0,
        "Selling General And Administration": 10864000.0,
        "Gross Profit": 15948000.0,
        "Cost Of Revenue": 47994000.0,
        "Total Revenue": 63942000.0,
        "Operating Revenue": 73079000.0
    },
    "2025-03-31": {
        "Tax Effect Of Unusual Items": 0.0,
        "Tax Rate For Calcs": 0.238441,
        "Normalized EBITDA": 4922000.0,
        "Total Unusual Items": NaN,
        "Total Unusual Items Excluding Goodwill": NaN,
        "Net Income From Continuing Operation Net Minority Interest": 2619000.0,
        "Reconciled Depreciation": 1239000.0,
        "Reconciled Cost Of Revenue": 40017000.0,
        "EBITDA": 4922000.0,
        "EBIT": 3683000.0,
        "Net Interest Income": -244000.0,
        "Interest Expense": 244000.0,
        "Normalized Income": 2619000.0,
        "Net Income From Continuing And Discontinued Operation": 2619000.0,
        "Total Expenses": 51827000.0,
        "Total Operating Income As Reported": 3652000.0,
        "Diluted Average Shares": 13784211.0,
        "Basic Average Shares": 13784211.0,
        "Diluted EPS": 0.19,
        "Basic EPS": 0.19,
        "Diluted NI Availto Com Stockholders": 2619000.0,
        "Net Income Common Stockholders": 2619000.0,
        "Net Income": 2619000.0,
        "Net Income Including Noncontrolling Interests": 2619000.0,
        "Net Income Continuous Operations": 2619000.0,
        "Tax Provision": 820000.0,
        "Pretax Income": 3439000.0,
        "Other Income Expense": 31000.0,
        "Other Non Operating Income Expenses": 31000.0,
        "Special Income Charges": NaN,
        "Gain On Sale Of Ppe": NaN,
        "Net Non Operating Interest Income Expense": -244000.0,
        "Interest Expense Non Operating": 244000.0,
        "Operating Income": 3652000.0,
        "Operating Expense": 11138000.0,
        "Depreciation Amortization Depletion Income Statement": 567000.0,
        "Depreciation And Amortization In Income Statement": 567000.0,
        "Amortization": 567000.0,
        "Amortization Of Intangibles Income Statement": 567000.0,
        "Selling General And Administration": 10571000.0,
        "Gross Profit": 14790000.0,
        "Cost Of Revenue": 40689000.0,
        "Total Revenue": 55479000.0,
        "Operating Revenue": 61508000.0
    }
}