{
    "2023-03-31": {
        "Tax Effect Of Unusual Items": NaN,
        "Tax Rate For Calcs": NaN,
        "Normalized EBITDA": NaN,
        "Total Unusual Items": NaN,
        "Total Unusual Items Excluding Goodwill": NaN,
        "Net Income From Continuing Operation Net Minority Interest": NaN,
        "Reconciled Depreciation": NaN,
        "Reconciled Cost Of Revenue": NaN,
        "EBITDA": NaN,
        "EBIT": NaN,
        "Net Interest Income": NaN,
        "Interest Expense": NaN,
        "Interest Income": NaN,
        "Normalized Income": NaN,
        "Net Income From Continuing And Discontinued Operation": NaN,
        "Total Expenses": NaN,
        "Total Operating Income As Reported": NaN,
        "Diluted Average Shares": NaN,
        "Basic Average Shares": NaN,
        "Diluted EPS": NaN,
        "Basic EPS": NaN,
        "Diluted NI Availto Com Stockholders": NaN,
        "Net Income Common Stockholders": NaN,
        "Net Income": NaN,
        "Net Income Including Noncontrolling Interests": NaN,
        "Net Income Continuous Operations": NaN,
        "Pretax Income": NaN,
        "Other Income Expense": NaN,
        "Special Income Charges": NaN,
        "Gain On Sale Of Ppe": NaN,
        "Other Special Charges": NaN,
        "Impairment Of Capital Assets": NaN,
        "Gain On Sale Of Security": NaN,
        "Net Non Operating Interest Income Expense": NaN,
        "Interest Expense Non Operating": NaN,
        "Interest Income Non Operating": NaN,
        "Operating Income": NaN,
        "Operating Expense": NaN,
        "Other Operating Expenses": -1290000.0,
        "Selling General And Administration": NaN,
        "General And Administrative Expense": NaN,
        "Other Gand A": NaN,
        "Gross Profit": NaN,
        "Cost Of Revenue": NaN,
        "Total Revenue": NaN,
        "Operating Revenue": NaN
    },
    "2022-12-31": {
        "Tax Effect Of Unusual Items": NaN,
        "Tax Rate For Calcs": NaN,
        "Normalized EBITDA": NaN,
        "Total Unusual Items": NaN,
        "Total Unusual Items Excluding Goodwill": NaN,
        "Net Income From Continuing Operation Net Minority Interest": NaN,
        "Reconciled Depreciation": NaN,
        "Reconciled Cost Of Revenue": NaN,
        "EBITDA": NaN,
        "EBIT": NaN,
        "Net Interest Income": NaN,
        "Interest Expense": NaN,
        "Interest Income": NaN,
        "Normalized Income": NaN,
        "Net Income From Continuing And Discontinued Operation": NaN,
        "Total Expenses": NaN,
        "Total Operating Income As Reported": NaN,
        "Diluted Average Shares": 7100432.0,
        "Basic Average Shares": 7081776.0,
        "Diluted EPS": 2.86,
        "Basic EPS": 2.87,
        "Diluted NI Availto Com Stockholders": NaN,
        "Net Income Common Stockholders": NaN,
        "Net Income": NaN,
        "Net Income Including Noncontrolling Interests": NaN,
        "Net Income Continuous Operations": NaN,
        "Pretax Income": NaN,
        "Other Income Expense": NaN,
        "Special Income Charges": NaN,
        "Gain On Sale Of Ppe": NaN,
        "Other Special Charges": NaN,
        "Impairment Of Capital Assets": NaN,
        "Gain On Sale Of Security": NaN,
        "Net Non Operating Interest Income Expense": NaN,
        "Interest Expense Non Operating": NaN,
        "Interest Income Non Operating": NaN,
        "Operating Income": NaN,
        "Operating Expense": NaN,
        "Other Operating Expenses": -1960000.0,
        "Selling General And Administration": NaN,
        "General And Administrative Expense": NaN,
        "Other Gand A": NaN,
        "Gross Profit": NaN,
        "Cost Of Revenue": NaN,
        "Total Revenue": NaN,
        "Operating Revenue": NaN
    },
    "2022-09-30": {
        "Tax Effect Of Unusual Items": NaN,
        "Tax Rate For Calcs": NaN,
        "Normalized EBITDA": NaN,
        "Total Unusual Items": NaN,
        "Total Unusual Items Excluding Goodwill": NaN,
        "Net Income From Continuing Operation Net Minority Interest": NaN,
        "Reconciled Depreciation": NaN,
        "Reconciled Cost Of Revenue": NaN,
        "EBITDA": NaN,
        "EBIT": NaN,
        "Net Interest Income": NaN,
        "Interest Expense": NaN,
        "Interest Income": NaN,
        "Normalized Income": NaN,
        "Net Income From Continuing And Discontinued Operation": NaN,
        "Total Expenses": NaN,
        "Total Operating Income As Reported": NaN,
        "Diluted Average Shares": NaN,
        "Basic Average Shares": NaN,
        "Diluted EPS": NaN,
        "Basic EPS": NaN,
        "Diluted NI Availto Com Stockholders": NaN,
        "Net Income Common Stockholders": NaN,
        "Net Income": NaN,
        "Net Income Including Noncontrolling Interests": NaN,
        "Net Income Continuous Operations": NaN,
        "Pretax Income": NaN,
        "Other Income Expense": NaN,
        "Special Income Charges": NaN,
        "Gain On Sale Of Ppe": NaN,
        "Other Special Charges": NaN,
        "Impairment Of Capital Assets": 0.0,
        "Gain On Sale Of Security": NaN,
        "Net Non Operating Interest Income Expense": NaN,
        "Interest Expense Non Operating": NaN,
        "Interest Income Non Operating": NaN,
        "Operating Income": NaN,
        "Operating Expense": NaN,
        "Other Operating Expenses": NaN,
        "Selling General And Administration": NaN,
        "General And Administrative Expense": NaN,
        "Other Gand A": NaN,
        "Gross Profit": NaN,
        "Cost Of Revenue": NaN,
        "Total Revenue": NaN,
        "Operating Revenue": NaN
    },
    "2022-06-30": {
        "Tax Effect Of Unusual Items": 1459.6,
        "Tax Rate For Calcs": 0.4,
        "Normalized EBITDA": 35984902.0,
        "Total Unusual Items": 3649.0,
        "Total Unusual Items Excluding Goodwill": 3649.0,
        "Net Income From Continuing Operation Net Minority Interest": 30749842.0,
        "Reconciled Depreciation": 4106538.0,
        "Reconciled Cost Of Revenue": 14450190.0,
        "EBITDA": 35988551.0,
        "EBIT": 31882013.0,
        "Net Interest Income": -1131905.0,
        "Interest Expense": 1132171.0,
        "Interest Income": 266.0,
        "Normalized Income": 30747652.6,
        "Net Income From Continuing And Discontinued Operation": 30749842.0,
        "Total Expenses": 16601511.0,
        "Total Operating Income As Reported": 31878098.0,
        "Diluted Average Shares": 7258436.0,
        "Basic Average Shares": 7224424.0,
        "Diluted EPS": 4.24,
        "Basic EPS": 4.26,
        "Diluted NI Availto Com Stockholders": 30749842.0,
        "Net Income Common Stockholders": 30749842.0,
        "Net Income": 30749842.0,
        "Net Income Including Noncontrolling Interests": 30749842.0,
        "Net Income Continuous Operations": 30749842.0,
        "Pretax Income": 30749842.0,
        "Other Income Expense": 3649.0,
        "Special Income Charges": 0.0,
        "Gain On Sale Of Ppe": 0.0,
        "Gain On Sale Of Security": 3649.0,
        "Net Non Operating Interest Income Expense": -1131905.0,
        "Interest Expense Non Operating": 1132171.0,
        "Interest Income Non Operating": 266.0,
        "Operating Income": 31878098.0,
        "Operating Expense": 2151321.0,
        "Other Operating Expenses": 0.0,
        "Selling General And Administration": 2151321.0,
        "General And Administrative Expense": 2151321.0,
        "Other Gand A": 2151321.0,
        "Gross Profit": 34029419.0,
        "Cost Of Revenue": 14450190.0,
        "Total Revenue": 48479609.0,
        "Operating Revenue": 50329436.0
    },
    "2022-03-31": {
        "Diluted EPS": 4.13,
        "Total Revenue": 45,
        "Gross Profit": 35,
        "Operating Income": 29,
        "EBIT": 31,
        "Net Income": 30
    },
    "2021-12-31": {
        "Diluted EPS": 3.25,
        "Total Revenue": 38,
        "Gross Profit": 29,
        "Operating Income": 24,
        "EBIT": 26,
        "Net Income": 23
    },
    "2021-09-30": {
        "Diluted EPS": 1.17,
        "Total Revenue": 23,
        "Gross Profit": 12,
        "Operating Income": 9,
        "EBIT": 11,
        "Net Income": 8
    },
    "2021-06-30": {
        "Diluted EPS": 1.11,
        "Total Revenue": 18,
        "Gross Profit": 11,
        "Operating Income": 9,
        "EBIT": 10,
        "Net Income": 8
    },
    "2021-03-31": {
        "Diluted EPS": 0.53,
        "Total Revenue": 14,
        "Gross Profit": 7,
        "Operating Income": 4,
        "EBIT": 6,
        "Net Income": 4
    },
    "2020-12-31": {
        "Diluted EPS": 0.05,
        "Total Revenue": 12,
        "Gross Profit": 4,
        "Operating Income": 2,
        "EBIT": 3,
        "Net Income": 0
    },
    "2020-09-30": {
        "Diluted EPS": 0.01,
        "Total Revenue": 12,
        "Gross Profit": 4,
        "Operating Income": 1,
        "EBIT": 3,
        "Net Income": 0
    },
    "2020-06-30": {
        "Diluted EPS": 0.2,
        "Total Revenue": 14,
        "Gross Profit": 4,
        "Operating Income": 3,
        "EBIT": 4,
        "Net Income": 1
    },
    "2020-03-31": {
        "Diluted EPS": 0.32,
        "Total Revenue": 15,
        "Gross Profit": 7,
        "Operating Income": 3,
        "EBIT": 4,
        "Net Income": 2
    },
    "2019-12-31": {
        "Diluted EPS": 0.33,
        "Total Revenue": 13,
        "Gross Profit": 4,
        "Operating Income": 0,
        "EBIT": 1,
        "Net Income": -1
    },
    "2019-09-30": {
        "Diluted EPS": -0.1,
        "Total Revenue": 10,
        "Gross Profit": 3,
        "Operating Income": 1,
        "EBIT": 2,
        "Net Income": 0
    },
    "2019-06-30": {
        "Diluted EPS": -1.12,
        "Total Revenue": 8,
        "Gross Profit": 3,
        "Operating Income": 0,
        "EBIT": 1,
        "Net Income": -2
    },
    "2019-03-31": {
        "Diluted EPS": -0.32,
        "Total Revenue": 8,
        "Gross Profit": 3,
        "Operating Income": 1,
        "EBIT": 2,
        "Net Income": 0
    },
    "2018-12-31": {
        "Diluted EPS": -5.42,
        "Total Revenue": 8,
        "Gross Profit": 3,
        "Operating Income": 0,
        "EBIT": 2,
        "Net Income": -2
    },
    "2018-09-30": {
        "Diluted EPS": 4.24,
        "Total Revenue": 8,
        "Gross Profit": 2,
        "Operating Income": 0,
        "EBIT": 1,
        "Net Income": 0
    },
    "2018-06-30": {
        "Diluted EPS": 1.52,
        "Total Revenue": 10,
        "Gross Profit": 4,
        "Operating Income": 3,
        "EBIT": 4,
        "Net Income": 2
    },
    "2018-03-31": {
        "Diluted EPS": -1.36,
        "Total Revenue": 8,
        "Gross Profit": 2,
        "Operating Income": -1,
        "EBIT": 0,
        "Net Income": -2
    },
    "2017-12-31": {
        "Diluted EPS": 0.45,
        "Total Revenue": 0,
        "Gross Profit": -1,
        "Operating Income": 1,
        "EBIT": 2,
        "Net Income": 1
    },
    "2017-09-30": {
        "Diluted EPS": -3.81,
        "Total Revenue": 6,
        "Gross Profit": 2,
        "Operating Income": -5,
        "EBIT": -4,
        "Net Income": -5
    },
    "2017-06-30": {
        "Diluted EPS": -1.04,
        "Total Revenue": 10,
        "Gross Profit": 4,
        "Operating Income": 0,
        "EBIT": 0,
        "Net Income": -1
    },
    "2017-03-31": {
        "Diluted EPS": -1.92,
        "Total Revenue": 8,
        "Gross Profit": 2,
        "Operating Income": -1,
        "EBIT": 1,
        "Net Income": -3
    },
    "2016-12-31": {
        "Diluted EPS": -17.6,
        "Total Revenue": 7,
        "Gross Profit": 2,
        "Operating Income": -6,
        "EBIT": -3,
        "Net Income": -18
    },
    "2016-09-30": {
        "Diluted EPS": -4.88,
        "Total Revenue": 7,
        "Gross Profit": 2,
        "Operating Income": -3,
        "EBIT": -1,
        "Net Income": -5
    },
    "2016-06-30": {
        "Diluted EPS": -19.36,
        "Total Revenue": 7,
        "Gross Profit": 1,
        "Operating Income": -4,
        "EBIT": -2,
        "Net Income": -20
    },
    "2016-03-31": {
        "Diluted EPS": -3.2,
        "Total Revenue": 7,
        "Gross Profit": 1,
        "Operating Income": -2,
        "EBIT": 0,
        "Net Income": -3
    },
    "2015-12-31": {
        "Diluted EPS": -4.16,
        "Total Revenue": 9,
        "Gross Profit": 2,
        "Operating Income": -3,
        "EBIT": -1,
        "Net Income": -4
    },
    "2015-09-30": {
        "Diluted EPS": -2.32,
        "Total Revenue": 11,
        "Gross Profit": 4,
        "Operating Income": -1,
        "EBIT": 2,
        "Net Income": -2
    },
    "2015-06-30": {
        "Diluted EPS": -5.12,
        "Total Revenue": 9,
        "Gross Profit": 2,
        "Operating Income": -3,
        "EBIT": 0,
        "Net Income": -4
    },
    "2015-03-31": {
        "Diluted EPS": -8.0,
        "Total Revenue": 8,
        "Gross Profit": 0,
        "Operating Income": -5,
        "EBIT": -2,
        "Net Income": -6
    },
    "2014-12-31": {
        "Diluted EPS": -10.88,
        "Total Revenue": 12,
        "Gross Profit": 3,
        "Operating Income": -6,
        "EBIT": -3,
        "Net Income": -7
    },
    "2014-09-30": {
        "Diluted EPS": -5.76,
        "Total Revenue": 10,
        "Gross Profit": 2,
        "Operating Income": -3,
        "EBIT": 0,
        "Net Income": -4
    },
    "2014-06-30": {
        "Diluted EPS": -7.6,
        "Total Revenue": 10,
        "Gross Profit": 1,
        "Operating Income": -4,
        "EBIT": -1,
        "Net Income": -5
    },
    "2014-03-31": {
        "Diluted EPS": -4.0,
        "Total Revenue": 9,
        "Gross Profit": 3,
        "Operating Income": -2,
        "EBIT": 1,
        "Net Income": -2
    },
    "2013-12-31": {
        "Diluted EPS": -151.68,
        "Total Revenue": 10,
        "Gross Profit": 3,
        "Operating Income": -85,
        "EBIT": -78,
        "Net Income": -86
    },
    "2013-09-30": {
        "Diluted EPS": -6.4,
        "Total Revenue": 9,
        "Gross Profit": 2,
        "Operating Income": -3,
        "EBIT": 1,
        "Net Income": -4
    },
    "2013-06-30": {
        "Diluted EPS": -16.0,
        "Total Revenue": 10,
        "Gross Profit": 1,
        "Operating Income": -8,
        "EBIT": -4,
        "Net Income": -9
    },
    "2013-03-31": {
        "Diluted EPS": -8.0,
        "Total Revenue": 11,
        "Gross Profit": 3,
        "Operating Income": -4,
        "EBIT": 0,
        "Net Income": -5
    },
    "2012-12-31": {
        "Diluted EPS": 0.0,
        "Total Revenue": 12,
        "Gross Profit": 5,
        "Operating Income": -1,
        "EBIT": 3,
        "Net Income": -2
    },
    "2012-09-30": {
        "Diluted EPS": -1.6,
        "Total Revenue": 13,
        "Gross Profit": 7,
        "Operating Income": 0,
        "EBIT": 5,
        "Net Income": -1
    },
    "2012-06-30": {
        "Diluted EPS": -3.2,
        "Total Revenue": 13,
        "Gross Profit": 6,
        "Operating Income": -1,
        "EBIT": 4,
        "Net Income": -1
    },
    "2012-03-31": {
        "Diluted EPS": -22.4,
        "Total Revenue": 14,
        "Gross Profit": 7,
        "Operating Income": -8,
        "EBIT": -4,
        "Net Income": -9
    },
    "2011-12-31": {
        "Diluted EPS": 3.2,
        "Total Revenue": 15,
        "Gross Profit": 8,
        "Operating Income": 2,
        "EBIT": 6,
        "Net Income": 1
    },
    "2011-09-30": {
        "Diluted EPS": 1.6,
        "Total Revenue": 16,
        "Gross Profit": 8,
        "Operating Income": 2,
        "EBIT": 7,
        "Net Income": 1
    },
    "2011-06-30": {
        "Diluted EPS": 0.0,
        "Total Revenue": 16,
        "Gross Profit": 8,
        "Operating Income": 1,
        "EBIT": 5,
        "Net Income": 0
    },
    "2011-03-31": {
        "Diluted EPS": -1.6,
        "Total Revenue": 14,
        "Gross Profit": 6,
        "Operating Income": 0,
        "EBIT": 4,
        "Net Income": -1
    },
    "2010-12-31": {
        "Diluted EPS": -2.4,
        "Total Revenue": 13,
        "Gross Profit": 3,
        "Operating Income": -2,
        "EBIT": 2,
        "Net Income": -1
    },
    "2010-09-30": {
        "Diluted EPS": -8.0,
        "Total Revenue": 12,
        "Gross Profit": 5,
        "Operating Income": -1,
        "EBIT": 2,
        "Net Income": -3
    },
    "2010-06-30": {
        "Diluted EPS": 1.6,
        "Total Revenue": 14,
        "Gross Profit": 7,
        "Operating Income": 1,
        "EBIT": 5,
        "Net Income": 1
    },
    "2010-03-31": {
        "Diluted EPS": -8.0,
        "Total Revenue": 14,
        "Gross Profit": 8,
        "Operating Income": 1,
        "EBIT": 6,
        "Net Income": -3
    },
    "2009-12-31": {
        "Diluted EPS": -42.4,
        "Total Revenue": 16,
        "Gross Profit": 9,
        "Operating Income": -6,
        "EBIT": -1,
        "Net Income": -16
    },
    "2009-09-30": {
        "Diluted EPS": 5.6,
        "Total Revenue": 17,
        "Gross Profit": 10,
        "Operating Income": 2,
        "EBIT": 7,
        "Net Income": 2
    },
    "2009-06-30": {
        "Diluted EPS": -14.4,
        "Total Revenue": 15,
        "Gross Profit": 9,
        "Operating Income": 2,
        "EBIT": 6,
        "Net Income": -5
    },
    "2009-03-31": {
        "Diluted EPS": 10.4,
        "Total Revenue": 15,
        "Gross Profit": 9,
        "Operating Income": 2,
        "EBIT": 6,
        "Net Income": 4
    },
    "2023-06-30": {
        "Tax Effect Of Unusual Items": NaN,
        "Tax Rate For Calcs": NaN,
        "Normalized EBITDA": NaN,
        "Total Unusual Items": NaN,
        "Total Unusual Items Excluding Goodwill": NaN,
        "Net Income From Continuing Operation Net Minority Interest": NaN,
        "Reconciled Depreciation": NaN,
        "Reconciled Cost Of Revenue": NaN,
        "EBITDA": NaN,
        "EBIT": NaN,
        "Net Interest Income": NaN,
        "Interest Expense": NaN,
        "Interest Income": NaN,
        "Normalized Income": NaN,
        "Net Income From Continuing And Discontinued Operation": NaN,
        "Total Expenses": NaN,
        "Total Operating Income As Reported": NaN,
        "Diluted Average Shares": NaN,
        "Basic Average Shares": NaN,
        "Diluted EPS": NaN,
        "Basic EPS": NaN,
        "Diluted NI Availto Com Stockholders": NaN,
        "Net Income Common Stockholders": NaN,
        "Net Income": NaN,
        "Net Income Including Noncontrolling Interests": NaN,
        "Net Income Continuous Operations": NaN,
        "Pretax Income": NaN,
        "Other Income Expense": NaN,
        "Special Income Charges": NaN,
        "Gain On Sale Of Ppe": NaN,
        "Other Special Charges": NaN,
        "Impairment Of Capital Assets": NaN,
        "Gain On Sale Of Security": NaN,
        "Net Non Operating Interest Income Expense": NaN,
        "Interest Expense Non Operating": NaN,
        "Interest Income Non Operating": NaN,
        "Operating Income": NaN,
        "Operating Expense": NaN,
        "Other Operating Expenses": 1172092.0,
        "Selling General And Administration": NaN,
        "General And Administrative Expense": NaN,
        "Other Gand A": NaN,
        "Gross Profit": NaN,
        "Cost Of Revenue": NaN,
        "Total Revenue": NaN,
        "Operating Revenue": NaN
    },
    "2023-09-30": {
        "Tax Effect Of Unusual Items": NaN,
        "Tax Rate For Calcs": NaN,
        "Normalized EBITDA": NaN,
        "Total Unusual Items": NaN,
        "Total Unusual Items Excluding Goodwill": NaN,
        "Net Income From Continuing Operation Net Minority Interest": NaN,
        "Reconciled Depreciation": NaN,
        "Reconciled Cost Of Revenue": NaN,
        "EBITDA": NaN,
        "EBIT": NaN,
        "Net Interest Income": NaN,
        "Interest Expense": NaN,
        "Interest Income": NaN,
        "Normalized Income": NaN,
        "Net Income From Continuing And Discontinued Operation": NaN,
        "Total Expenses": NaN,
        "Total Operating Income As Reported": NaN,
        "Diluted Average Shares": NaN,
        "Basic Average Shares": NaN,
        "Diluted EPS": NaN,
        "Basic EPS": NaN,
        "Diluted NI Availto Com Stockholders": NaN,
        "Net Income Common Stockholders": NaN,
        "Net Income": NaN,
        "Net Income Including Noncontrolling Interests": NaN,
        "Net Income Continuous Operations": NaN,
        "Pretax Income": NaN,
        "Other Income Expense": NaN,
        "Special Income Charges": NaN,
        "Gain On Sale Of Ppe": NaN,
        "Other Special Charges": -15984253.0,
        "Impairment Of Capital Assets": 13832716.0,
        "Gain On Sale Of Security": NaN,
        "Net Non Operating Interest Income Expense": NaN,
        "Interest Expense Non Operating": NaN,
        "Interest Income Non Operating": NaN,
        "Operating Income": NaN,
        "Operating Expense": NaN,
        "Other Operating Expenses": -216321.0,
        "Selling General And Administration": NaN,
        "General And Administrative Expense": NaN,
        "Other Gand A": NaN,
        "Gross Profit": NaN,
        "Cost Of Revenue": NaN,
        "Total Revenue": NaN,
        "Operating Revenue": NaN
    },
    "2023-12-31": {
        "Tax Effect Of Unusual Items": NaN,
        "Tax Rate For Calcs": NaN,
        "Normalized EBITDA": NaN,
        "Total Unusual Items": NaN,
        "Total Unusual Items Excluding Goodwill": NaN,
        "Net Income From Continuing Operation Net Minority Interest": NaN,
        "Reconciled Depreciation": NaN,
        "Reconciled Cost Of Revenue": NaN,
        "EBITDA": NaN,
        "EBIT": NaN,
        "Net Interest Income": NaN,
        "Interest Expense": NaN,
        "Interest Income": NaN,
        "Normalized Income": NaN,
        "Net Income From Continuing And Discontinued Operation": NaN,
        "Total Expenses": NaN,
        "Total Operating Income As Reported": NaN,
        "Diluted Average Shares": NaN,
        "Basic Average Shares": NaN,
        "Diluted EPS": NaN,
        "Basic EPS": NaN,
        "Diluted NI Availto Com Stockholders": NaN,
        "Net Income Common Stockholders": NaN,
        "Net Income": NaN,
        "Net Income Including Noncontrolling Interests": NaN,
        "Net Income Continuous Operations": NaN,
        "Pretax Income": NaN,
        "Other Income Expense": NaN,
        "Special Income Charges": NaN,
        "Gain On Sale Of Ppe": NaN,
        "Other Special Charges": 0.0,
        "Impairment Of Capital Assets": 0.0,
        "Gain On Sale Of Security": NaN,
        "Net Non Operating Interest Income Expense": NaN,
        "Interest Expense Non Operating": NaN,
        "Interest Income Non Operating": NaN,
        "Operating Income": NaN,
        "Operating Expense": NaN,
        "Other Operating Expenses": -1081282.0,
        "Selling General And Administration": NaN,
        "General And Administrative Expense": NaN,
        "Other Gand A": NaN,
        "Gross Profit": NaN,
        "Cost Of Revenue": NaN,
        "Total Revenue": NaN,
        "Operating Revenue": NaN
    },
    "2024-03-31": {
        "Tax Effect Of Unusual Items": NaN,
        "Tax Rate For Calcs": NaN,
        "Normalized EBITDA": NaN,
        "Total Unusual Items": NaN,
        "Total Unusual Items Excluding Goodwill": NaN,
        "Net Income From Continuing Operation Net Minority Interest": NaN,
        "Reconciled Depreciation": NaN,
        "Reconciled Cost Of Revenue": NaN,
        "EBITDA": NaN,
        "EBIT": NaN,
        "Net Interest Income": NaN,
        "Interest Expense": NaN,
        "Interest Income": NaN,
        "Normalized Income": NaN,
        "Net Income From Continuing And Discontinued Operation": NaN,
        "Total Expenses": NaN,
        "Total Operating Income As Reported": NaN,
        "Diluted Average Shares": NaN,
        "Basic Average Shares": NaN,
        "Diluted EPS": NaN,
        "Basic EPS": NaN,
        "Diluted NI Availto Com Stockholders": NaN,
        "Net Income Common Stockholders": NaN,
        "Net Income": NaN,
        "Net Income Including Noncontrolling Interests": NaN,
        "Net Income Continuous Operations": NaN,
        "Pretax Income": NaN,
        "Other Income Expense": NaN,
        "Special Income Charges": NaN,
        "Gain On Sale Of Ppe": NaN,
        "Impairment Of Capital Assets": NaN,
        "Gain On Sale Of Security": NaN,
        "Net Non Operating Interest Income Expense": NaN,
        "Interest Expense Non Operating": NaN,
        "Interest Income Non Operating": NaN,
        "Operating Income": NaN,
        "Operating Expense": NaN,
        "Other Operating Expenses": 1591558.0,
        "Selling General And Administration": NaN,
        "General And Administrative Expense": NaN,
        "Other Gand A": NaN,
        "Gross Profit": NaN,
        "Cost Of Revenue": NaN,
        "Total Revenue": NaN,
        "Operating Revenue": NaN
    },
    "2024-06-30": {
        "Tax Effect Of Unusual Items": NaN,
        "Tax Rate For Calcs": NaN,
        "Normalized EBITDA": NaN,
        "Total Unusual Items": NaN,
        "Total Unusual Items Excluding Goodwill": NaN,
        "Net Income From Continuing Operation Net Minority Interest": NaN,
        "Reconciled Depreciation": NaN,
        "Reconciled Cost Of Revenue": NaN,
        "EBITDA": NaN,
        "EBIT": NaN,
        "Net Interest Income": NaN,
        "Interest Expense": NaN,
        "Interest Income": NaN,
        "Normalized Income": NaN,
        "Net Income From Continuing And Discontinued Operation": NaN,
        "Total Expenses": NaN,
        "Total Operating Income As Reported": NaN,
        "Diluted Average Shares": NaN,
        "Basic Average Shares": NaN,
        "Diluted EPS": NaN,
        "Basic EPS": NaN,
        "Diluted NI Availto Com Stockholders": NaN,
        "Net Income Common Stockholders": NaN,
        "Net Income": NaN,
        "Net Income Including Noncontrolling Interests": NaN,
        "Net Income Continuous Operations": NaN,
        "Pretax Income": NaN,
        "Other Income Expense": NaN,
        "Special Income Charges": NaN,
        "Gain On Sale Of Ppe": NaN,
        "Impairment Of Capital Assets": NaN,
        "Gain On Sale Of Security": NaN,
        "Net Non Operating Interest Income Expense": NaN,
        "Interest Expense Non Operating": NaN,
        "Interest Income Non Operating": NaN,
        "Operating Income": NaN,
        "Operating Expense": NaN,
        "Other Operating Expenses": 1663711.0,
        "Selling General And Administration": NaN,
        "General And Administrative Expense": NaN,
        "Other Gand A": NaN,
        "Gross Profit": NaN,
        "Cost Of Revenue": NaN,
        "Total Revenue": NaN,
        "Operating Revenue": NaN
    },
    "2024-09-30": {
        "Tax Effect Of Unusual Items": -102680.82,
        "Tax Rate For Calcs": 0.22,
        "Normalized EBITDA": 38035217.0,
        "Total Unusual Items": -466731.0,
        "Total Unusual Items Excluding Goodwill": -466731.0,
        "Net Income From Continuing Operation Net Minority Interest": 27633093.0,
        "Reconciled Depreciation": 6679798.0,
        "Reconciled Cost Of Revenue": 20080049.0,
        "EBITDA": 37568486.0,
        "EBIT": 30888688.0,
        "Net Interest Income": -2557759.0,
        "Interest Expense": 3255595.0,
        "Interest Income": 697836.0,
        "Normalized Income": 27997143.18,
        "Net Income From Continuing And Discontinued Operation": 27633093.0,
        "Total Expenses": 23488578.0,
        "Total Operating Income As Reported": 30657583.0,
        "Diluted Average Shares": 6992363.0,
        "Basic Average Shares": 6953831.0,
        "Diluted EPS": 3.95,
        "Basic EPS": 3.97,
        "Diluted NI Availto Com Stockholders": 27633093.0,
        "Net Income Common Stockholders": 27633093.0,
        "Net Income": 27633093.0,
        "Net Income Including Noncontrolling Interests": 27633093.0,
        "Net Income Continuous Operations": 27633093.0,
        "Pretax Income": 27633093.0,
        "Other Income Expense": -466731.0,
        "Special Income Charges": 0.0,
        "Gain On Sale Of Ppe": 0.0,
        "Impairment Of Capital Assets": 0.0,
        "Gain On Sale Of Security": -466731.0,
        "Net Non Operating Interest Income Expense": -2557759.0,
        "Interest Expense Non Operating": 3255595.0,
        "Interest Income Non Operating": 697836.0,
        "Operating Income": 30657583.0,
        "Operating Expense": 3408529.0,
        "Other Operating Expenses": 2028191.0,
        "Selling General And Administration": 1380338.0,
        "General And Administrative Expense": 1380338.0,
        "Other Gand A": 1380338.0,
        "Gross Profit": 34066112.0,
        "Cost Of Revenue": 20080049.0,
        "Total Revenue": 54146161.0,
        "Operating Revenue": 55848323.0
    },
    "2024-12-31": {
        "Tax Effect Of Unusual Items": 107789.66,
        "Tax Rate For Calcs": 0.22,
        "Normalized EBITDA": 34838310.0,
        "Total Unusual Items": 489953.0,
        "Total Unusual Items Excluding Goodwill": 489953.0,
        "Net Income From Continuing Operation Net Minority Interest": 24391817.0,
        "Reconciled Depreciation": 7425708.0,
        "Reconciled Cost Of Revenue": 22703914.0,
        "EBITDA": 35328263.0,
        "EBIT": 27902555.0,
        "Net Interest Income": -2728150.0,
        "Interest Expense": 3510738.0,
        "Interest Income": 782588.0,
        "Normalized Income": 24009653.66,
        "Net Income From Continuing And Discontinued Operation": 24391817.0,
        "Total Expenses": 26678178.0,
        "Total Operating Income As Reported": 26631873.0,
        "Diluted Average Shares": 6989333.0,
        "Basic Average Shares": 6952001.0,
        "Diluted EPS": 3.49,
        "Basic EPS": 3.51,
        "Diluted NI Availto Com Stockholders": 24391817.0,
        "Net Income Common Stockholders": 24391817.0,
        "Net Income": 24391817.0,
        "Net Income Including Noncontrolling Interests": 24391817.0,
        "Net Income Continuous Operations": 24391817.0,
        "Pretax Income": 24391817.0,
        "Other Income Expense": 489953.0,
        "Special Income Charges": 1859.0,
        "Gain On Sale Of Ppe": 1859.0,
        "Impairment Of Capital Assets": 0.0,
        "Gain On Sale Of Security": 488094.0,
        "Net Non Operating Interest Income Expense": -2728150.0,
        "Interest Expense Non Operating": 3510738.0,
        "Interest Income Non Operating": 782588.0,
        "Operating Income": 26630014.0,
        "Operating Expense": 3974264.0,
        "Other Operating Expenses": NaN,
        "Selling General And Administration": -3093144.0,
        "General And Administrative Expense": -3093144.0,
        "Other Gand A": -3093144.0,
        "Gross Profit": 30604278.0,
        "Cost Of Revenue": 22703914.0,
        "Total Revenue": 53308192.0,
        "Operating Revenue": 54953643.0
    },
    "2025-03-31": {
        "Tax Effect Of Unusual Items": 2212947.22,
        "Tax Rate For Calcs": 0.22,
        "Normalized EBITDA": 38808663.0,
        "Total Unusual Items": 10058851.0,
        "Total Unusual Items Excluding Goodwill": 10058851.0,
        "Net Income From Continuing Operation Net Minority Interest": 36914994.0,
        "Reconciled Depreciation": 8045067.0,
        "Reconciled Cost Of Revenue": 22337479.0,
        "EBITDA": 48867514.0,
        "EBIT": 40822447.0,
        "Net Interest Income": -3397850.0,
        "Interest Expense": 3907453.0,
        "Interest Income": 509603.0,
        "Normalized Income": 29069090.22,
        "Net Income From Continuing And Discontinued Operation": 36914994.0,
        "Total Expenses": 26092102.0,
        "Total Operating Income As Reported": 40484203.0,
        "Diluted Average Shares": 6974994.0,
        "Basic Average Shares": 6958137.0,
        "Diluted EPS": 5.29,
        "Basic EPS": 5.31,
        "Diluted NI Availto Com Stockholders": 36914994.0,
        "Net Income Common Stockholders": 36914994.0,
        "Net Income": 36914994.0,
        "Net Income Including Noncontrolling Interests": 36914994.0,
        "Net Income Continuous Operations": 36914994.0,
        "Pretax Income": 36914994.0,
        "Other Income Expense": 10058851.0,
        "Special Income Charges": 10230210.0,
        "Gain On Sale Of Ppe": 10230210.0,
        "Impairment Of Capital Assets": NaN,
        "Gain On Sale Of Security": -171359.0,
        "Net Non Operating Interest Income Expense": -3397850.0,
        "Interest Expense Non Operating": 3907453.0,
        "Interest Income Non Operating": 509603.0,
        "Operating Income": 30253993.0,
        "Operating Expense": 3754623.0,
        "Other Operating Expenses": 1975705.0,
        "Selling General And Administration": 1778918.0,
        "General And Administrative Expense": 1778918.0,
        "Other Gand A": 1778918.0,
        "Gross Profit": 34008616.0,
        "Cost Of Revenue": 22337479.0,
        "Total Revenue": 56346095.0,
        "Operating Revenue": 57983415.0
    },
    "2025-06-30": {
        "Tax Effect Of Unusual Items": -31270.14,
        "Tax Rate For Calcs": 0.22,
        "Normalized EBITDA": 41232556.0,
        "Total Unusual Items": -142137.0,
        "Total Unusual Items Excluding Goodwill": -142137.0,
        "Net Income From Continuing Operation Net Minority Interest": 29861518.0,
        "Reconciled Depreciation": 7258954.0,
        "Reconciled Cost Of Revenue": 20654263.0,
        "EBITDA": 41090419.0,
        "EBIT": 33831465.0,
        "Net Interest Income": -3374826.0,
        "Interest Expense": 3969947.0,
        "Interest Income": 595121.0,
        "Normalized Income": 29972384.86,
        "Net Income From Continuing And Discontinued Operation": 29861518.0,
        "Total Expenses": 23855238.0,
        "Total Operating Income As Reported": 33378481.0,
        "Diluted Average Shares": 6954709.0,
        "Basic Average Shares": 6917212.0,
        "Diluted EPS": 4.29,
        "Basic EPS": 4.32,
        "Diluted NI Availto Com Stockholders": 29861518.0,
        "Net Income Common Stockholders": 29861518.0,
        "Net Income": 29861518.0,
        "Net Income Including Noncontrolling Interests": 29861518.0,
        "Net Income Continuous Operations": 29861518.0,
        "Pretax Income": 29861518.0,
        "Other Income Expense": -142137.0,
        "Special Income Charges": 0.0,
        "Gain On Sale Of Ppe": 0.0,
        "Impairment Of Capital Assets": NaN,
        "Gain On Sale Of Security": -142137.0,
        "Net Non Operating Interest Income Expense": -3374826.0,
        "Interest Expense Non Operating": 3969947.0,
        "Interest Income Non Operating": 595121.0,
        "Operating Income": 33378481.0,
        "Operating Expense": 3200975.0,
        "Other Operating Expenses": 1812325.0,
        "Selling General And Administration": 1388650.0,
        "General And Administrative Expense": 1388650.0,
        "Other Gand A": 1388650.0,
        "Gross Profit": 36579456.0,
        "Cost Of Revenue": 20654263.0,
        "Total Revenue": 57233719.0,
        "Operating Revenue": 58810230.0
    },
    "2025-09-30": {
        "Tax Effect Of Unusual Items": -9140.34,
        "Tax Rate For Calcs": 0.22,
        "Normalized EBITDA": 39957886.0,
        "Total Unusual Items": -41547.0,
        "Total Unusual Items Excluding Goodwill": -41547.0,
        "Net Income From Continuing Operation Net Minority Interest": 29696071.0,
        "Reconciled Depreciation": 6534052.0,
        "Reconciled Cost Of Revenue": 21187645.0,
        "EBITDA": 39916339.0,
        "EBIT": 33382287.0,
        "Net Interest Income": -2767562.0,
        "Interest Expense": 3686216.0,
        "Interest Income": 918654.0,
        "Normalized Income": 29728477.66,
        "Net Income From Continuing And Discontinued Operation": 29696071.0,
        "Total Expenses": 24401242.0,
        "Total Operating Income As Reported": 32505180.0,
        "Diluted Average Shares": 6980401.0,
        "Basic Average Shares": 6946512.0,
        "Diluted EPS": 4.25,
        "Basic EPS": 4.27,
        "Diluted NI Availto Com Stockholders": 29696071.0,
        "Net Income Common Stockholders": 29696071.0,
        "Net Income": 29696071.0,
        "Net Income Including Noncontrolling Interests": 29696071.0,
        "Net Income Continuous Operations": 29696071.0,
        "Pretax Income": 29696071.0,
        "Other Income Expense": -41547.0,
        "Special Income Charges": 0.0,
        "Gain On Sale Of Ppe": 0.0,
        "Impairment Of Capital Assets": NaN,
        "Gain On Sale Of Security": -41547.0,
        "Net Non Operating Interest Income Expense": -2767562.0,
        "Interest Expense Non Operating": 3686216.0,
        "Interest Income Non Operating": 918654.0,
        "Operating Income": 32505180.0,
        "Operating Expense": 3213597.0,
        "Other Operating Expenses": 2003741.0,
        "Selling General And Administration": 1209856.0,
        "General And Administrative Expense": 1209856.0,
        "Other Gand A": 1209856.0,
        "Gross Profit": 35718777.0,
        "Cost Of Revenue": 21187645.0,
        "Total Revenue": 56906422.0,
        "Operating Revenue": 58547672.0
    }
}