{
    "2023-03-31": {
        "Tax Effect Of Unusual Items": 0.0,
        "Tax Rate For Calcs": 0.21,
        "Normalized EBITDA": 13249000.0,
        "Total Unusual Items": NaN,
        "Total Unusual Items Excluding Goodwill": NaN,
        "Net Income From Continuing Operation Net Minority Interest": 4124000.0,
        "Reconciled Depreciation": 4892000.0,
        "Reconciled Cost Of Revenue": 18369000.0,
        "EBITDA": 13249000.0,
        "EBIT": 8357000.0,
        "Net Interest Income": -119000.0,
        "Interest Expense": 119000.0,
        "Normalized Income": 4124000.0,
        "Net Income From Continuing And Discontinued Operation": 4124000.0,
        "Total Expenses": 82614000.0,
        "Total Operating Income As Reported": 5818000.0,
        "Diluted Average Shares": 169907554.0,
        "Basic Average Shares": 166359810.0,
        "Diluted EPS": 0.02,
        "Basic EPS": 0.02,
        "Diluted NI Availto Com Stockholders": 4124000.0,
        "Net Income Common Stockholders": 4124000.0,
        "Net Income": 4124000.0,
        "Net Income Including Noncontrolling Interests": 4124000.0,
        "Net Income Continuous Operations": 4124000.0,
        "Tax Provision": 4114000.0,
        "Pretax Income": 8238000.0,
        "Other Income Expense": 2539000.0,
        "Other Non Operating Income Expenses": 2539000.0,
        "Special Income Charges": NaN,
        "Gain On Sale Of Business": NaN,
        "Restructuring And Mergern Acquisition": NaN,
        "Net Non Operating Interest Income Expense": -119000.0,
        "Interest Expense Non Operating": 119000.0,
        "Operating Income": 5818000.0,
        "Operating Expense": 61715000.0,
        "Depreciation Amortization Depletion Income Statement": 2362000.0,
        "Depreciation And Amortization In Income Statement": 2362000.0,
        "Amortization": 2362000.0,
        "Amortization Of Intangibles Income Statement": 2362000.0,
        "Research And Development": 14820000.0,
        "Selling General And Administration": 44533000.0,
        "Selling And Marketing Expense": 29126000.0,
        "General And Administrative Expense": 15407000.0,
        "Other Gand A": 15407000.0,
        "Gross Profit": 67533000.0,
        "Cost Of Revenue": 20899000.0,
        "Total Revenue": 88432000.0,
        "Operating Revenue": 88432000.0
    },
    "2022-12-31": {
        "Tax Effect Of Unusual Items": 0.0,
        "Tax Rate For Calcs": 0.257712,
        "Normalized EBITDA": 11486000.0,
        "Total Unusual Items": 0.0,
        "Total Unusual Items Excluding Goodwill": 0.0,
        "Net Income From Continuing Operation Net Minority Interest": 4885000.0,
        "Reconciled Depreciation": 4783000.0,
        "Reconciled Cost Of Revenue": 16742000.0,
        "EBITDA": 11486000.0,
        "EBIT": 6703000.0,
        "Net Interest Income": -122000.0,
        "Interest Expense": 122000.0,
        "Normalized Income": 4885000.0,
        "Net Income From Continuing And Discontinued Operation": 4885000.0,
        "Total Expenses": 79145000.0,
        "Total Operating Income As Reported": 4755000.0,
        "Diluted Average Shares": 169488432.0,
        "Basic Average Shares": 165658163.0,
        "Diluted EPS": 0.03,
        "Basic EPS": 0.03,
        "Diluted NI Availto Com Stockholders": 4885000.0,
        "Net Income Common Stockholders": 4885000.0,
        "Net Income": 4885000.0,
        "Net Income Including Noncontrolling Interests": 4885000.0,
        "Net Income Continuous Operations": 4885000.0,
        "Tax Provision": 1696000.0,
        "Pretax Income": 6581000.0,
        "Other Income Expense": 1948000.0,
        "Other Non Operating Income Expenses": 1948000.0,
        "Special Income Charges": 0.0,
        "Gain On Sale Of Business": NaN,
        "Restructuring And Mergern Acquisition": 0.0,
        "Net Non Operating Interest Income Expense": -122000.0,
        "Interest Expense Non Operating": 122000.0,
        "Operating Income": 4755000.0,
        "Operating Expense": 59982000.0,
        "Depreciation Amortization Depletion Income Statement": 2362000.0,
        "Depreciation And Amortization In Income Statement": 2362000.0,
        "Amortization": 2362000.0,
        "Amortization Of Intangibles Income Statement": 2362000.0,
        "Research And Development": 14685000.0,
        "Selling General And Administration": 42935000.0,
        "Selling And Marketing Expense": 28459000.0,
        "General And Administrative Expense": 14476000.0,
        "Other Gand A": 14476000.0,
        "Gross Profit": 64737000.0,
        "Cost Of Revenue": 19163000.0,
        "Total Revenue": 83900000.0,
        "Operating Revenue": 83900000.0
    },
    "2022-09-30": {
        "Tax Effect Of Unusual Items": 0.0,
        "Tax Rate For Calcs": 0.4,
        "Normalized EBITDA": 10550000.0,
        "Total Unusual Items": 0.0,
        "Total Unusual Items Excluding Goodwill": 0.0,
        "Net Income From Continuing Operation Net Minority Interest": 6770000.0,
        "Reconciled Depreciation": 4716000.0,
        "Reconciled Cost Of Revenue": 16492000.0,
        "EBITDA": 10550000.0,
        "EBIT": 5834000.0,
        "Net Interest Income": -121000.0,
        "Interest Expense": 121000.0,
        "Normalized Income": 6770000.0,
        "Net Income From Continuing And Discontinued Operation": 6770000.0,
        "Total Expenses": 74078000.0,
        "Total Operating Income As Reported": 4718000.0,
        "Diluted Average Shares": 169222794.0,
        "Basic Average Shares": 164427770.0,
        "Diluted EPS": 0.04,
        "Basic EPS": 0.04,
        "Diluted NI Availto Com Stockholders": 6770000.0,
        "Net Income Common Stockholders": 6770000.0,
        "Net Income": 6770000.0,
        "Net Income Including Noncontrolling Interests": 6770000.0,
        "Net Income Continuous Operations": 6770000.0,
        "Tax Provision": -1057000.0,
        "Pretax Income": 5713000.0,
        "Other Income Expense": 1116000.0,
        "Other Non Operating Income Expenses": 1116000.0,
        "Special Income Charges": 0.0,
        "Gain On Sale Of Business": NaN,
        "Restructuring And Mergern Acquisition": 0.0,
        "Net Non Operating Interest Income Expense": -121000.0,
        "Interest Expense Non Operating": 121000.0,
        "Operating Income": 4718000.0,
        "Operating Expense": 55233000.0,
        "Depreciation Amortization Depletion Income Statement": 2363000.0,
        "Depreciation And Amortization In Income Statement": 2363000.0,
        "Amortization": 2363000.0,
        "Amortization Of Intangibles Income Statement": 2363000.0,
        "Research And Development": 12978000.0,
        "Selling General And Administration": 39892000.0,
        "Selling And Marketing Expense": 25906000.0,
        "General And Administrative Expense": 13986000.0,
        "Other Gand A": 13986000.0,
        "Gross Profit": 59951000.0,
        "Cost Of Revenue": 18845000.0,
        "Total Revenue": 78796000.0,
        "Operating Revenue": 78796000.0
    },
    "2022-06-30": {
        "Tax Effect Of Unusual Items": 0.0,
        "Tax Rate For Calcs": 0.4,
        "Normalized EBITDA": 8969000.0,
        "Total Unusual Items": 0.0,
        "Total Unusual Items Excluding Goodwill": 0.0,
        "Net Income From Continuing Operation Net Minority Interest": 6879000.0,
        "Reconciled Depreciation": 4632000.0,
        "Reconciled Cost Of Revenue": 15533000.0,
        "EBITDA": 8969000.0,
        "EBIT": 4337000.0,
        "Net Interest Income": -121000.0,
        "Interest Expense": 121000.0,
        "Normalized Income": 6879000.0,
        "Net Income From Continuing And Discontinued Operation": 6879000.0,
        "Total Expenses": 69847000.0,
        "Total Operating Income As Reported": 4015000.0,
        "Diluted Average Shares": 168950869.0,
        "Basic Average Shares": 162991881.0,
        "Diluted EPS": 0.04,
        "Basic EPS": 0.04,
        "Diluted NI Availto Com Stockholders": 6879000.0,
        "Net Income Common Stockholders": 6879000.0,
        "Net Income": 6879000.0,
        "Net Income Including Noncontrolling Interests": 6879000.0,
        "Net Income Continuous Operations": 6879000.0,
        "Tax Provision": -2663000.0,
        "Pretax Income": 4216000.0,
        "Other Income Expense": 322000.0,
        "Other Non Operating Income Expenses": 322000.0,
        "Special Income Charges": 0.0,
        "Restructuring And Mergern Acquisition": 0.0,
        "Net Non Operating Interest Income Expense": -121000.0,
        "Interest Expense Non Operating": 121000.0,
        "Operating Income": 4015000.0,
        "Operating Expense": 52044000.0,
        "Depreciation Amortization Depletion Income Statement": 2362000.0,
        "Depreciation And Amortization In Income Statement": 2362000.0,
        "Amortization": 2362000.0,
        "Amortization Of Intangibles Income Statement": 2362000.0,
        "Research And Development": 10993000.0,
        "Selling General And Administration": 38689000.0,
        "Selling And Marketing Expense": 23692000.0,
        "General And Administrative Expense": 14997000.0,
        "Other Gand A": 14997000.0,
        "Gross Profit": 56059000.0,
        "Cost Of Revenue": 17803000.0,
        "Total Revenue": 73862000.0,
        "Operating Revenue": 73862000.0
    },
    "2022-03-31": {
        "Diluted EPS": 0.01,
        "Total Revenue": 67,
        "Gross Profit": 51,
        "Operating Income": 3,
        "EBIT": 8,
        "Net Income": 2
    },
    "2021-12-31": {
        "Diluted EPS": 0.0,
        "Total Revenue": 62,
        "Gross Profit": 46,
        "Operating Income": -1,
        "EBIT": 4,
        "Net Income": -1
    },
    "2021-09-30": {
        "Diluted EPS": -0.06,
        "Total Revenue": 55,
        "Gross Profit": 41,
        "Operating Income": -5,
        "EBIT": -1,
        "Net Income": -8
    },
    "2021-06-30": {
        "Diluted EPS": 0.0,
        "Total Revenue": 52,
        "Gross Profit": 38,
        "Operating Income": 2,
        "EBIT": 6,
        "Net Income": 0
    },
    "2021-03-31": {
        "Diluted EPS": 0.0,
        "Total Revenue": 47,
        "Gross Profit": 35,
        "Operating Income": 3,
        "EBIT": 7,
        "Net Income": 0
    },
    "2020-12-31": {
        "Diluted EPS": 0.0,
        "Total Revenue": NaN,
        "Gross Profit": NaN,
        "Operating Income": NaN,
        "EBIT": NaN,
        "Net Income": NaN
    },
    "2020-09-30": {
        "Diluted EPS": 0.0,
        "Total Revenue": 39,
        "Gross Profit": 30,
        "Operating Income": 2,
        "EBIT": 2,
        "Net Income": 0
    },
    "2019-12-31": {
        "Diluted EPS": 0.0,
        "Total Revenue": NaN,
        "Gross Profit": NaN,
        "Operating Income": NaN,
        "EBIT": NaN,
        "Net Income": NaN
    },
    "2023-06-30": {
        "Tax Effect Of Unusual Items": 0.0,
        "Tax Rate For Calcs": 0.21,
        "Normalized EBITDA": 17093000.0,
        "Total Unusual Items": NaN,
        "Total Unusual Items Excluding Goodwill": NaN,
        "Net Income From Continuing Operation Net Minority Interest": 4338000.0,
        "Reconciled Depreciation": 4931000.0,
        "Reconciled Cost Of Revenue": 19068000.0,
        "EBITDA": 17093000.0,
        "EBIT": 12162000.0,
        "Net Interest Income": -121000.0,
        "Interest Expense": 121000.0,
        "Normalized Income": 4338000.0,
        "Net Income From Continuing And Discontinued Operation": 4338000.0,
        "Total Expenses": 85569000.0,
        "Total Operating Income As Reported": 8840000.0,
        "Diluted Average Shares": 169969058.0,
        "Basic Average Shares": 166902466.0,
        "Diluted EPS": 0.03,
        "Basic EPS": 0.03,
        "Diluted NI Availto Com Stockholders": 4338000.0,
        "Net Income Common Stockholders": 4338000.0,
        "Net Income": 4338000.0,
        "Net Income Including Noncontrolling Interests": 4338000.0,
        "Net Income Continuous Operations": 4338000.0,
        "Tax Provision": 7703000.0,
        "Pretax Income": 12041000.0,
        "Other Income Expense": 3322000.0,
        "Other Non Operating Income Expenses": 3322000.0,
        "Special Income Charges": NaN,
        "Gain On Sale Of Business": NaN,
        "Restructuring And Mergern Acquisition": NaN,
        "Net Non Operating Interest Income Expense": -121000.0,
        "Interest Expense Non Operating": 121000.0,
        "Operating Income": 8840000.0,
        "Operating Expense": 63932000.0,
        "Depreciation Amortization Depletion Income Statement": 2362000.0,
        "Depreciation And Amortization In Income Statement": 2362000.0,
        "Amortization": 2362000.0,
        "Amortization Of Intangibles Income Statement": 2362000.0,
        "Research And Development": 16693000.0,
        "Selling General And Administration": 44877000.0,
        "Selling And Marketing Expense": 30421000.0,
        "General And Administrative Expense": 14456000.0,
        "Other Gand A": 14456000.0,
        "Gross Profit": 72772000.0,
        "Cost Of Revenue": 21637000.0,
        "Total Revenue": 94409000.0,
        "Operating Revenue": 94409000.0
    },
    "2023-09-30": {
        "Tax Effect Of Unusual Items": 3731405.0,
        "Tax Rate For Calcs": 0.355,
        "Normalized EBITDA": 12504000.0,
        "Total Unusual Items": 10511000.0,
        "Total Unusual Items Excluding Goodwill": 10511000.0,
        "Net Income From Continuing Operation Net Minority Interest": 11530000.0,
        "Reconciled Depreciation": 5015000.0,
        "Reconciled Cost Of Revenue": 19208000.0,
        "EBITDA": 23015000.0,
        "EBIT": 18000000.0,
        "Net Interest Income": -135000.0,
        "Interest Expense": 135000.0,
        "Normalized Income": 4750405.0,
        "Net Income From Continuing And Discontinued Operation": 11530000.0,
        "Total Expenses": 93926000.0,
        "Total Operating Income As Reported": 14317000.0,
        "Diluted Average Shares": 170269392.0,
        "Basic Average Shares": 167546450.0,
        "Diluted EPS": 0.07,
        "Basic EPS": 0.07,
        "Diluted NI Availto Com Stockholders": 11530000.0,
        "Net Income Common Stockholders": 11530000.0,
        "Net Income": 11530000.0,
        "Net Income Including Noncontrolling Interests": 11530000.0,
        "Net Income Continuous Operations": 11530000.0,
        "Tax Provision": 6335000.0,
        "Pretax Income": 17865000.0,
        "Other Income Expense": 14194000.0,
        "Other Non Operating Income Expenses": 3683000.0,
        "Special Income Charges": 10511000.0,
        "Gain On Sale Of Business": 10511000.0,
        "Restructuring And Mergern Acquisition": NaN,
        "Net Non Operating Interest Income Expense": -135000.0,
        "Interest Expense Non Operating": 135000.0,
        "Operating Income": 3806000.0,
        "Operating Expense": 72105000.0,
        "Depreciation Amortization Depletion Income Statement": 2402000.0,
        "Depreciation And Amortization In Income Statement": 2402000.0,
        "Amortization": 2402000.0,
        "Amortization Of Intangibles Income Statement": 2402000.0,
        "Research And Development": 17889000.0,
        "Selling General And Administration": 51814000.0,
        "Selling And Marketing Expense": 33596000.0,
        "General And Administrative Expense": 18218000.0,
        "Other Gand A": 18218000.0,
        "Gross Profit": 75911000.0,
        "Cost Of Revenue": 21821000.0,
        "Total Revenue": 97732000.0,
        "Operating Revenue": 97732000.0
    }
}