{
    "2023-12-31": {
        "Tax Effect Of Unusual Items": NaN,
        "Tax Rate For Calcs": NaN,
        "Normalized EBITDA": NaN,
        "Net Income From Continuing Operation Net Minority Interest": NaN,
        "Reconciled Depreciation": NaN,
        "Reconciled Cost Of Revenue": NaN,
        "EBITDA": NaN,
        "EBIT": NaN,
        "Net Interest Income": NaN,
        "Interest Income": NaN,
        "Normalized Income": NaN,
        "Net Income From Continuing And Discontinued Operation": NaN,
        "Total Expenses": NaN,
        "Total Operating Income As Reported": NaN,
        "Diluted Average Shares": 2499210.0,
        "Basic Average Shares": 2478588.0,
        "Diluted EPS": 0.72,
        "Basic EPS": 0.73,
        "Diluted NI Availto Com Stockholders": NaN,
        "Net Income Common Stockholders": NaN,
        "Net Income": NaN,
        "Net Income Including Noncontrolling Interests": NaN,
        "Net Income Continuous Operations": NaN,
        "Tax Provision": NaN,
        "Pretax Income": NaN,
        "Other Income Expense": NaN,
        "Other Non Operating Income Expenses": NaN,
        "Net Non Operating Interest Income Expense": NaN,
        "Interest Income Non Operating": NaN,
        "Operating Income": NaN,
        "Operating Expense": NaN,
        "Selling General And Administration": NaN,
        "Gross Profit": NaN,
        "Cost Of Revenue": NaN,
        "Total Revenue": NaN,
        "Operating Revenue": NaN
    },
    "2023-09-30": {
        "Tax Effect Of Unusual Items": NaN,
        "Tax Rate For Calcs": NaN,
        "Normalized EBITDA": NaN,
        "Net Income From Continuing Operation Net Minority Interest": NaN,
        "Reconciled Depreciation": NaN,
        "Reconciled Cost Of Revenue": NaN,
        "EBITDA": NaN,
        "EBIT": NaN,
        "Net Interest Income": NaN,
        "Interest Income": NaN,
        "Normalized Income": NaN,
        "Net Income From Continuing And Discontinued Operation": NaN,
        "Total Expenses": NaN,
        "Total Operating Income As Reported": NaN,
        "Diluted Average Shares": 2485789.0,
        "Basic Average Shares": 2470092.0,
        "Diluted EPS": 0.44,
        "Basic EPS": 0.44,
        "Diluted NI Availto Com Stockholders": NaN,
        "Net Income Common Stockholders": NaN,
        "Net Income": NaN,
        "Net Income Including Noncontrolling Interests": NaN,
        "Net Income Continuous Operations": NaN,
        "Tax Provision": NaN,
        "Pretax Income": NaN,
        "Other Income Expense": NaN,
        "Other Non Operating Income Expenses": NaN,
        "Net Non Operating Interest Income Expense": NaN,
        "Interest Income Non Operating": NaN,
        "Operating Income": NaN,
        "Operating Expense": NaN,
        "Selling General And Administration": NaN,
        "Gross Profit": NaN,
        "Cost Of Revenue": NaN,
        "Total Revenue": NaN,
        "Operating Revenue": NaN
    },
    "2023-06-30": {
        "Tax Effect Of Unusual Items": 0.0,
        "Tax Rate For Calcs": 0.225951,
        "Normalized EBITDA": 1103396.0,
        "Net Income From Continuing Operation Net Minority Interest": 895535.0,
        "Reconciled Depreciation": 120975.0,
        "Reconciled Cost Of Revenue": 6338558.0,
        "EBITDA": 1103396.0,
        "EBIT": 982421.0,
        "Net Interest Income": 153040.0,
        "Interest Income": 153040.0,
        "Normalized Income": 895535.0,
        "Net Income From Continuing And Discontinued Operation": 895535.0,
        "Total Expenses": 7360382.0,
        "Total Operating Income As Reported": 982421.0,
        "Diluted Average Shares": NaN,
        "Basic Average Shares": NaN,
        "Diluted EPS": NaN,
        "Basic EPS": NaN,
        "Diluted NI Availto Com Stockholders": 895535.0,
        "Net Income Common Stockholders": 895535.0,
        "Net Income": 895535.0,
        "Net Income Including Noncontrolling Interests": 895535.0,
        "Net Income Continuous Operations": 895535.0,
        "Tax Provision": 261413.0,
        "Pretax Income": 1156948.0,
        "Other Income Expense": 21487.0,
        "Other Non Operating Income Expenses": 21487.0,
        "Net Non Operating Interest Income Expense": 153040.0,
        "Interest Income Non Operating": 153040.0,
        "Operating Income": 982421.0,
        "Operating Expense": 1021824.0,
        "Selling General And Administration": 1021824.0,
        "Gross Profit": 2004245.0,
        "Cost Of Revenue": 6338558.0,
        "Total Revenue": 8342803.0,
        "Operating Revenue": 8342803.0
    },
    "2023-03-31": {
        "Tax Effect Of Unusual Items": NaN,
        "Tax Rate For Calcs": NaN,
        "Normalized EBITDA": NaN,
        "Net Income From Continuing Operation Net Minority Interest": NaN,
        "Reconciled Depreciation": NaN,
        "Reconciled Cost Of Revenue": NaN,
        "EBITDA": NaN,
        "EBIT": NaN,
        "Net Interest Income": NaN,
        "Interest Income": NaN,
        "Normalized Income": NaN,
        "Net Income From Continuing And Discontinued Operation": NaN,
        "Total Expenses": NaN,
        "Total Operating Income As Reported": NaN,
        "Diluted Average Shares": 2484218.0,
        "Basic Average Shares": 2457727.0,
        "Diluted EPS": 0.35,
        "Basic EPS": 0.35,
        "Diluted NI Availto Com Stockholders": NaN,
        "Net Income Common Stockholders": NaN,
        "Net Income": NaN,
        "Net Income Including Noncontrolling Interests": NaN,
        "Net Income Continuous Operations": NaN,
        "Tax Provision": NaN,
        "Pretax Income": NaN,
        "Other Income Expense": NaN,
        "Other Non Operating Income Expenses": NaN,
        "Net Non Operating Interest Income Expense": NaN,
        "Interest Income Non Operating": NaN,
        "Operating Income": NaN,
        "Operating Expense": NaN,
        "Selling General And Administration": NaN,
        "Gross Profit": NaN,
        "Cost Of Revenue": NaN,
        "Total Revenue": NaN,
        "Operating Revenue": NaN
    },
    "2024-03-31": {
        "Tax Effect Of Unusual Items": NaN,
        "Tax Rate For Calcs": NaN,
        "Normalized EBITDA": NaN,
        "Net Income From Continuing Operation Net Minority Interest": NaN,
        "Reconciled Depreciation": NaN,
        "Reconciled Cost Of Revenue": NaN,
        "EBITDA": NaN,
        "EBIT": NaN,
        "Net Interest Income": NaN,
        "Interest Income": NaN,
        "Normalized Income": NaN,
        "Net Income From Continuing And Discontinued Operation": NaN,
        "Total Expenses": NaN,
        "Total Operating Income As Reported": NaN,
        "Diluted Average Shares": 2571921.0,
        "Basic Average Shares": 2491906.0,
        "Diluted EPS": 0.4,
        "Basic EPS": 0.41,
        "Diluted NI Availto Com Stockholders": NaN,
        "Net Income Common Stockholders": NaN,
        "Net Income": NaN,
        "Net Income Including Noncontrolling Interests": NaN,
        "Net Income Continuous Operations": NaN,
        "Tax Provision": NaN,
        "Pretax Income": NaN,
        "Other Income Expense": NaN,
        "Other Non Operating Income Expenses": NaN,
        "Net Non Operating Interest Income Expense": NaN,
        "Interest Income Non Operating": NaN,
        "Operating Income": NaN,
        "Operating Expense": NaN,
        "Selling General And Administration": NaN,
        "Gross Profit": NaN,
        "Cost Of Revenue": NaN,
        "Total Revenue": NaN,
        "Operating Revenue": NaN
    },
    "2022-12-31": {
        "Tax Effect Of Unusual Items": NaN,
        "Tax Rate For Calcs": NaN,
        "Normalized EBITDA": NaN,
        "Net Income From Continuing Operation Net Minority Interest": NaN,
        "Reconciled Depreciation": NaN,
        "Reconciled Cost Of Revenue": NaN,
        "EBITDA": NaN,
        "EBIT": NaN,
        "Net Interest Income": NaN,
        "Interest Income": NaN,
        "Normalized Income": NaN,
        "Net Income From Continuing And Discontinued Operation": NaN,
        "Total Expenses": NaN,
        "Total Operating Income As Reported": NaN,
        "Diluted Average Shares": 2452064.0,
        "Basic Average Shares": 2452064.0,
        "Diluted EPS": 0.47,
        "Basic EPS": 0.47,
        "Diluted NI Availto Com Stockholders": NaN,
        "Net Income Common Stockholders": NaN,
        "Net Income": NaN,
        "Net Income Including Noncontrolling Interests": NaN,
        "Net Income Continuous Operations": NaN,
        "Tax Provision": NaN,
        "Pretax Income": NaN,
        "Other Income Expense": NaN,
        "Other Non Operating Income Expenses": NaN,
        "Net Non Operating Interest Income Expense": NaN,
        "Interest Income Non Operating": NaN,
        "Operating Income": NaN,
        "Operating Expense": NaN,
        "Selling General And Administration": NaN,
        "Gross Profit": NaN,
        "Cost Of Revenue": NaN,
        "Total Revenue": NaN,
        "Operating Revenue": NaN
    },
    "2024-06-30": {
        "Tax Effect Of Unusual Items": 0.0,
        "Tax Rate For Calcs": 0.202589,
        "Normalized EBITDA": 2241592.0,
        "Net Income From Continuing Operation Net Minority Interest": 1893296.0,
        "Reconciled Depreciation": 109692.0,
        "Reconciled Cost Of Revenue": 8409994.0,
        "EBITDA": 2241592.0,
        "EBIT": 2131900.0,
        "Net Interest Income": 237416.0,
        "Interest Income": 237416.0,
        "Normalized Income": 1893296.0,
        "Net Income From Continuing And Discontinued Operation": 1893296.0,
        "Total Expenses": 9479011.0,
        "Total Operating Income As Reported": 2131900.0,
        "Diluted Average Shares": NaN,
        "Basic Average Shares": NaN,
        "Diluted EPS": NaN,
        "Basic EPS": NaN,
        "Diluted NI Availto Com Stockholders": 1893296.0,
        "Net Income Common Stockholders": 1893296.0,
        "Net Income": 1893296.0,
        "Net Income Including Noncontrolling Interests": 1893296.0,
        "Net Income Continuous Operations": 1893296.0,
        "Tax Provision": 481008.0,
        "Pretax Income": 2374304.0,
        "Other Income Expense": 4988.0,
        "Other Non Operating Income Expenses": 4988.0,
        "Net Non Operating Interest Income Expense": 237416.0,
        "Interest Income Non Operating": 237416.0,
        "Operating Income": 2131900.0,
        "Operating Expense": 1069017.0,
        "Selling General And Administration": 1069017.0,
        "Gross Profit": 3200917.0,
        "Cost Of Revenue": 8409994.0,
        "Total Revenue": 11610911.0,
        "Operating Revenue": 11610911.0
    },
    "2024-09-30": {
        "Tax Effect Of Unusual Items": 0.0,
        "Tax Rate For Calcs": 0.19989,
        "Normalized EBITDA": 1828594.0,
        "Net Income From Continuing Operation Net Minority Interest": 1598317.0,
        "Reconciled Depreciation": 109381.0,
        "Reconciled Cost Of Revenue": 7642336.0,
        "EBITDA": 1828594.0,
        "EBIT": 1719213.0,
        "Net Interest Income": 267617.0,
        "Interest Income": 267617.0,
        "Normalized Income": 1598317.0,
        "Net Income From Continuing And Discontinued Operation": 1598317.0,
        "Total Expenses": 8724005.0,
        "Total Operating Income As Reported": 1719213.0,
        "Diluted Average Shares": 2600237.0,
        "Basic Average Shares": 2525937.0,
        "Diluted EPS": 0.61,
        "Basic EPS": 0.63,
        "Diluted NI Availto Com Stockholders": 1598317.0,
        "Net Income Common Stockholders": 1598317.0,
        "Net Income": 1598317.0,
        "Net Income Including Noncontrolling Interests": 1598317.0,
        "Net Income Continuous Operations": 1598317.0,
        "Tax Provision": 399304.0,
        "Pretax Income": 1997621.0,
        "Other Income Expense": 10791.0,
        "Other Non Operating Income Expenses": 10791.0,
        "Net Non Operating Interest Income Expense": 267617.0,
        "Interest Income Non Operating": 267617.0,
        "Operating Income": 1719213.0,
        "Operating Expense": 1081669.0,
        "Selling General And Administration": 1081669.0,
        "Gross Profit": 2800882.0,
        "Cost Of Revenue": 7642336.0,
        "Total Revenue": 10443218.0,
        "Operating Revenue": 10443218.0
    },
    "2024-12-31": {
        "Tax Effect Of Unusual Items": 0.0,
        "Tax Rate For Calcs": 0.168,
        "Normalized EBITDA": 2134182.0,
        "Net Income From Continuing Operation Net Minority Interest": 1908499.0,
        "Reconciled Depreciation": 109745.0,
        "Reconciled Cost Of Revenue": 10445028.0,
        "EBITDA": 2134182.0,
        "EBIT": 2024437.0,
        "Net Interest Income": 260222.0,
        "Interest Income": 260222.0,
        "Normalized Income": 1908499.0,
        "Net Income From Continuing And Discontinued Operation": 1908499.0,
        "Total Expenses": 11584303.0,
        "Total Operating Income As Reported": 2024437.0,
        "Diluted Average Shares": 2707542.0,
        "Basic Average Shares": 2583307.0,
        "Diluted EPS": 0.71,
        "Basic EPS": 0.74,
        "Diluted NI Availto Com Stockholders": 1908499.0,
        "Net Income Common Stockholders": 1908499.0,
        "Net Income": 1908499.0,
        "Net Income Including Noncontrolling Interests": 1908499.0,
        "Net Income Continuous Operations": 1908499.0,
        "Tax Provision": 384363.0,
        "Pretax Income": 2292862.0,
        "Other Income Expense": 8203.0,
        "Other Non Operating Income Expenses": 8203.0,
        "Net Non Operating Interest Income Expense": 260222.0,
        "Interest Income Non Operating": 260222.0,
        "Operating Income": 2024437.0,
        "Operating Expense": 1139275.0,
        "Selling General And Administration": 1139275.0,
        "Gross Profit": 3163712.0,
        "Cost Of Revenue": 10445028.0,
        "Total Revenue": 13608740.0,
        "Operating Revenue": 13608740.0
    },
    "2025-03-31": {
        "Tax Effect Of Unusual Items": 0.0,
        "Tax Rate For Calcs": 0.183451,
        "Normalized EBITDA": 1866728.0,
        "Net Income From Continuing Operation Net Minority Interest": 1704487.0,
        "Reconciled Depreciation": 115606.0,
        "Reconciled Cost Of Revenue": 7354335.0,
        "EBITDA": 1866728.0,
        "EBIT": 1751122.0,
        "Net Interest Income": 324705.0,
        "Interest Income": 324705.0,
        "Normalized Income": 1704487.0,
        "Net Income From Continuing And Discontinued Operation": 1704487.0,
        "Total Expenses": 8551597.0,
        "Total Operating Income As Reported": 1751122.0,
        "Diluted Average Shares": 2699674.0,
        "Basic Average Shares": 2599960.0,
        "Diluted EPS": 0.63,
        "Basic EPS": 0.66,
        "Diluted NI Availto Com Stockholders": 1704487.0,
        "Net Income Common Stockholders": 1704487.0,
        "Net Income": 1704487.0,
        "Net Income Including Noncontrolling Interests": 1704487.0,
        "Net Income Continuous Operations": 1704487.0,
        "Tax Provision": 382941.0,
        "Pretax Income": 2087428.0,
        "Other Income Expense": 11601.0,
        "Other Non Operating Income Expenses": 11601.0,
        "Net Non Operating Interest Income Expense": 324705.0,
        "Interest Income Non Operating": 324705.0,
        "Operating Income": 1751122.0,
        "Operating Expense": 1197262.0,
        "Selling General And Administration": 1197262.0,
        "Gross Profit": 2948384.0,
        "Cost Of Revenue": 7354335.0,
        "Total Revenue": 10302719.0,
        "Operating Revenue": 10302719.0
    },
    "2025-06-30": {
        "Tax Effect Of Unusual Items": 0.0,
        "Tax Rate For Calcs": 0.125077,
        "Normalized EBITDA": 2748705.0,
        "Net Income From Continuing Operation Net Minority Interest": 2931651.0,
        "Reconciled Depreciation": 116791.0,
        "Reconciled Cost Of Revenue": 5824542.0,
        "EBITDA": 2748705.0,
        "EBIT": 2631914.0,
        "Net Interest Income": 407308.0,
        "Interest Income": 407308.0,
        "Normalized Income": 2931651.0,
        "Net Income From Continuing And Discontinued Operation": 2931651.0,
        "Total Expenses": 6964281.0,
        "Total Operating Income As Reported": 2631914.0,
        "Diluted Average Shares": NaN,
        "Basic Average Shares": NaN,
        "Diluted EPS": NaN,
        "Basic EPS": NaN,
        "Diluted NI Availto Com Stockholders": 2931651.0,
        "Net Income Common Stockholders": 2931651.0,
        "Net Income": 2931651.0,
        "Net Income Including Noncontrolling Interests": 2931651.0,
        "Net Income Continuous Operations": 2931651.0,
        "Tax Provision": 419102.0,
        "Pretax Income": 3350753.0,
        "Other Income Expense": 311531.0,
        "Other Non Operating Income Expenses": 311531.0,
        "Net Non Operating Interest Income Expense": 407308.0,
        "Interest Income Non Operating": 407308.0,
        "Operating Income": 2631914.0,
        "Operating Expense": 1139739.0,
        "Selling General And Administration": 1139739.0,
        "Gross Profit": 3771653.0,
        "Cost Of Revenue": 5824542.0,
        "Total Revenue": 9596195.0,
        "Operating Revenue": 9596195.0
    },
    "2025-09-30": {
        "Tax Effect Of Unusual Items": 0.0,
        "Tax Rate For Calcs": 0.151585,
        "Normalized EBITDA": 2183615.0,
        "Net Income From Continuing Operation Net Minority Interest": 2169836.0,
        "Reconciled Depreciation": 117879.0,
        "Reconciled Cost Of Revenue": 5875874.0,
        "EBITDA": 2183615.0,
        "EBIT": 2065736.0,
        "Net Interest Income": 472360.0,
        "Interest Income": 472360.0,
        "Normalized Income": 2169836.0,
        "Net Income From Continuing And Discontinued Operation": 2169836.0,
        "Total Expenses": 7027140.0,
        "Total Operating Income As Reported": 2065736.0,
        "Diluted Average Shares": 2845252.0,
        "Basic Average Shares": 2719387.0,
        "Diluted EPS": 0.76,
        "Basic EPS": 0.8,
        "Diluted NI Availto Com Stockholders": 2169836.0,
        "Net Income Common Stockholders": 2169836.0,
        "Net Income": 2169836.0,
        "Net Income Including Noncontrolling Interests": 2169836.0,
        "Net Income Continuous Operations": 2169836.0,
        "Tax Provision": 387682.0,
        "Pretax Income": 2557518.0,
        "Other Income Expense": 19422.0,
        "Other Non Operating Income Expenses": 19422.0,
        "Net Non Operating Interest Income Expense": 472360.0,
        "Interest Income Non Operating": 472360.0,
        "Operating Income": 2065736.0,
        "Operating Expense": 1151266.0,
        "Selling General And Administration": 1151266.0,
        "Gross Profit": 3217002.0,
        "Cost Of Revenue": 5875874.0,
        "Total Revenue": 9092876.0,
        "Operating Revenue": 9092876.0
    }
}