{
    "2023-06-30": {
        "Tax Effect Of Unusual Items": 0.0,
        "Tax Rate For Calcs": 0.27,
        "Net Income From Continuing Operation Net Minority Interest": 9113000.0,
        "Reconciled Depreciation": 647000.0,
        "Net Interest Income": 20089000.0,
        "Interest Expense": 1966000.0,
        "Interest Income": 22055000.0,
        "Normalized Income": 9113000.0,
        "Net Income From Continuing And Discontinued Operation": 9113000.0,
        "Diluted Average Shares": 8299704.0,
        "Basic Average Shares": 7708350.0,
        "Diluted EPS": 1.1,
        "Basic EPS": 1.18,
        "Diluted NI Availto Com Stockholders": 9113000.0,
        "Net Income Common Stockholders": 9113000.0,
        "Net Income": 9113000.0,
        "Net Income Including Noncontrolling Interests": 9113000.0,
        "Net Income Continuous Operations": 9113000.0,
        "Tax Provision": 3370000.0,
        "Pretax Income": 12483000.0,
        "Gain On Sale Of Security": 0.0,
        "Selling General And Administration": 8305000.0,
        "Selling And Marketing Expense": 320000.0,
        "General And Administrative Expense": 7985000.0,
        "Insurance And Claims": 182000.0,
        "Salaries And Wages": 7803000.0,
        "Total Revenue": 26784000.0,
        "Operating Revenue": 26784000.0,
        "Occupancy And Equipment": 835000.0,
        "Professional Expense And Contract Services Expense": 1615000.0,
        "Other Non Interest Expense": 2221000.0
    },
    "2023-03-31": {
        "Tax Effect Of Unusual Items": 0.0,
        "Tax Rate For Calcs": 0.265,
        "Net Income From Continuing Operation Net Minority Interest": 12179000.0,
        "Reconciled Depreciation": 620000.0,
        "Net Interest Income": 19289000.0,
        "Interest Expense": 1076000.0,
        "Interest Income": 20365000.0,
        "Normalized Income": 12179000.0,
        "Net Income From Continuing And Discontinued Operation": 12179000.0,
        "Diluted Average Shares": 8302633.0,
        "Basic Average Shares": 7708745.0,
        "Diluted EPS": 1.47,
        "Basic EPS": 1.58,
        "Diluted NI Availto Com Stockholders": 12179000.0,
        "Net Income Common Stockholders": 12179000.0,
        "Net Income": 12179000.0,
        "Net Income Including Noncontrolling Interests": 12179000.0,
        "Net Income Continuous Operations": 12179000.0,
        "Tax Provision": 4391000.0,
        "Pretax Income": 16570000.0,
        "Gain On Sale Of Security": 4027000.0,
        "Selling General And Administration": 8057000.0,
        "Selling And Marketing Expense": 429000.0,
        "General And Administrative Expense": 7628000.0,
        "Insurance And Claims": 144000.0,
        "Salaries And Wages": 7484000.0,
        "Total Revenue": 29551000.0,
        "Operating Revenue": 29551000.0,
        "Occupancy And Equipment": 829000.0,
        "Professional Expense And Contract Services Expense": 1543000.0,
        "Other Non Interest Expense": 2052000.0
    },
    "2022-12-31": {
        "Tax Effect Of Unusual Items": 0.0,
        "Tax Rate For Calcs": 0.265059,
        "Net Income From Continuing Operation Net Minority Interest": 9114000.0,
        "Reconciled Depreciation": 751000.0,
        "Net Interest Income": 18340000.0,
        "Interest Expense": 713000.0,
        "Interest Income": 19053000.0,
        "Normalized Income": 9114000.0,
        "Net Income From Continuing And Discontinued Operation": 9114000.0,
        "Diluted Average Shares": 8296176.0,
        "Basic Average Shares": 7666674.0,
        "Diluted EPS": 1.1,
        "Basic EPS": 1.19,
        "Diluted NI Availto Com Stockholders": 9114000.0,
        "Net Income Common Stockholders": 9114000.0,
        "Net Income": 9114000.0,
        "Net Income Including Noncontrolling Interests": 9114000.0,
        "Net Income Continuous Operations": 9114000.0,
        "Tax Provision": 3287000.0,
        "Pretax Income": 12401000.0,
        "Gain On Sale Of Security": NaN,
        "Selling General And Administration": 7332000.0,
        "Selling And Marketing Expense": 353000.0,
        "General And Administrative Expense": 6979000.0,
        "Insurance And Claims": 157000.0,
        "Salaries And Wages": 6822000.0,
        "Total Revenue": 25122000.0,
        "Operating Revenue": 25122000.0
    },
    "2022-09-30": {
        "Tax Effect Of Unusual Items": 0.0,
        "Tax Rate For Calcs": 0.265,
        "Net Income From Continuing Operation Net Minority Interest": 7711000.0,
        "Reconciled Depreciation": 599000.0,
        "Net Interest Income": 15547000.0,
        "Interest Expense": 413000.0,
        "Interest Income": 15960000.0,
        "Normalized Income": 7711000.0,
        "Net Income From Continuing And Discontinued Operation": 7711000.0,
        "Diluted Average Shares": 8226214.0,
        "Basic Average Shares": 7637407.0,
        "Diluted EPS": 0.94,
        "Basic EPS": 1.01,
        "Diluted NI Availto Com Stockholders": 7711000.0,
        "Net Income Common Stockholders": 7711000.0,
        "Net Income": 7711000.0,
        "Net Income Including Noncontrolling Interests": 7711000.0,
        "Net Income Continuous Operations": 7711000.0,
        "Tax Provision": 2780000.0,
        "Pretax Income": 10491000.0,
        "Gain On Sale Of Security": NaN,
        "Selling General And Administration": 6519000.0,
        "Selling And Marketing Expense": 480000.0,
        "General And Administrative Expense": 6519000.0,
        "Insurance And Claims": 142000.0,
        "Salaries And Wages": 6519000.0,
        "Total Revenue": 21979000.0,
        "Operating Revenue": 21979000.0
    },
    "2022-06-30": {
        "Tax Effect Of Unusual Items": 0.0,
        "Tax Rate For Calcs": 0.265,
        "Net Income From Continuing Operation Net Minority Interest": 6351000.0,
        "Reconciled Depreciation": 597000.0,
        "Net Interest Income": 13673000.0,
        "Interest Expense": 282000.0,
        "Interest Income": 13955000.0,
        "Normalized Income": 6351000.0,
        "Net Income From Continuing And Discontinued Operation": 6351000.0,
        "Diluted Average Shares": 8184412.0,
        "Basic Average Shares": 7628872.0,
        "Diluted EPS": 0.78,
        "Basic EPS": 0.83,
        "Diluted NI Availto Com Stockholders": 6351000.0,
        "Net Income Common Stockholders": 6351000.0,
        "Net Income": 6351000.0,
        "Net Income Including Noncontrolling Interests": 6351000.0,
        "Net Income Continuous Operations": 6351000.0,
        "Tax Provision": 2290000.0,
        "Pretax Income": 8641000.0,
        "Gain On Sale Of Security": NaN,
        "Selling General And Administration": 6299000.0,
        "Selling And Marketing Expense": 404000.0,
        "General And Administrative Expense": 6299000.0,
        "Other Gand A": 1186000.0,
        "Insurance And Claims": 136000.0,
        "Salaries And Wages": 6299000.0,
        "Total Revenue": 19882000.0,
        "Operating Revenue": 19882000.0
    },
    "2022-03-31": {
        "Diluted EPS": 0.66,
        "Total Revenue": 18,
        "Gross Profit": 17,
        "Operating Income": 7,
        "EBIT": NaN,
        "Net Income": 5
    },
    "2021-12-31": {
        "Diluted EPS": 0.84,
        "Total Revenue": 17,
        "Gross Profit": 17,
        "Operating Income": 8,
        "EBIT": NaN,
        "Net Income": 7
    },
    "2021-09-30": {
        "Diluted EPS": 0.32,
        "Total Revenue": 16,
        "Gross Profit": 16,
        "Operating Income": 3,
        "EBIT": NaN,
        "Net Income": 3
    },
    "2021-06-30": {
        "Diluted EPS": 0.57,
        "Total Revenue": 16,
        "Gross Profit": 16,
        "Operating Income": 6,
        "EBIT": NaN,
        "Net Income": 5
    },
    "2021-03-31": {
        "Diluted EPS": 0.53,
        "Total Revenue": 16,
        "Gross Profit": 16,
        "Operating Income": 6,
        "EBIT": NaN,
        "Net Income": 4
    },
    "2020-12-31": {
        "Diluted EPS": 0.51,
        "Total Revenue": 15,
        "Gross Profit": 15,
        "Operating Income": 5,
        "EBIT": NaN,
        "Net Income": 4
    },
    "2020-09-30": {
        "Diluted EPS": 0.48,
        "Total Revenue": 13,
        "Gross Profit": 13,
        "Operating Income": 5,
        "EBIT": NaN,
        "Net Income": 4
    },
    "2020-06-30": {
        "Diluted EPS": 0.33,
        "Total Revenue": 12,
        "Gross Profit": 12,
        "Operating Income": 3,
        "EBIT": NaN,
        "Net Income": 3
    },
    "2020-03-31": {
        "Diluted EPS": 0.33,
        "Total Revenue": 13,
        "Gross Profit": 12,
        "Operating Income": 4,
        "EBIT": NaN,
        "Net Income": 3
    },
    "2019-12-31": {
        "Diluted EPS": 0.49,
        "Total Revenue": 13,
        "Gross Profit": 12,
        "Operating Income": 5,
        "EBIT": NaN,
        "Net Income": 4
    },
    "2019-09-30": {
        "Diluted EPS": 0.49,
        "Total Revenue": 13,
        "Gross Profit": 12,
        "Operating Income": 5,
        "EBIT": NaN,
        "Net Income": 4
    },
    "2019-06-30": {
        "Diluted EPS": 0.45,
        "Total Revenue": 12,
        "Gross Profit": 12,
        "Operating Income": 5,
        "EBIT": NaN,
        "Net Income": 3
    },
    "2019-03-31": {
        "Diluted EPS": 0.39,
        "Total Revenue": 11,
        "Gross Profit": 10,
        "Operating Income": 4,
        "EBIT": NaN,
        "Net Income": 3
    },
    "2018-12-31": {
        "Diluted EPS": 0.36,
        "Total Revenue": 10,
        "Gross Profit": 10,
        "Operating Income": 4,
        "EBIT": NaN,
        "Net Income": 3
    },
    "2018-09-30": {
        "Diluted EPS": 0.22,
        "Total Revenue": 9,
        "Gross Profit": 9,
        "Operating Income": 2,
        "EBIT": NaN,
        "Net Income": 2
    },
    "2018-06-30": {
        "Diluted EPS": 0.29,
        "Total Revenue": 9,
        "Gross Profit": 9,
        "Operating Income": 3,
        "EBIT": NaN,
        "Net Income": 2
    },
    "2018-03-31": {
        "Diluted EPS": 0.26,
        "Total Revenue": 8,
        "Gross Profit": 8,
        "Operating Income": 3,
        "EBIT": NaN,
        "Net Income": 2
    },
    "2017-12-31": {
        "Diluted EPS": 0.06,
        "Total Revenue": 7,
        "Gross Profit": 7,
        "Operating Income": 2,
        "EBIT": NaN,
        "Net Income": 1
    },
    "2017-09-30": {
        "Diluted EPS": 0.16,
        "Total Revenue": 7,
        "Gross Profit": 7,
        "Operating Income": 2,
        "EBIT": NaN,
        "Net Income": 1
    },
    "2017-06-30": {
        "Diluted EPS": 0.2,
        "Total Revenue": 6,
        "Gross Profit": 6,
        "Operating Income": 2,
        "EBIT": NaN,
        "Net Income": 1
    },
    "2017-03-31": {
        "Diluted EPS": 0.16,
        "Total Revenue": 6,
        "Gross Profit": 5,
        "Operating Income": 1,
        "EBIT": NaN,
        "Net Income": 1
    },
    "2016-12-31": {
        "Diluted EPS": 0.13,
        "Total Revenue": 5,
        "Gross Profit": 5,
        "Operating Income": 0,
        "EBIT": NaN,
        "Net Income": 1
    },
    "2016-09-30": {
        "Diluted EPS": 0.14,
        "Total Revenue": 5,
        "Gross Profit": 5,
        "Operating Income": 1,
        "EBIT": NaN,
        "Net Income": 1
    },
    "2016-06-30": {
        "Diluted EPS": 0.15,
        "Total Revenue": 5,
        "Gross Profit": 5,
        "Operating Income": 1,
        "EBIT": NaN,
        "Net Income": 1
    },
    "2016-03-31": {
        "Diluted EPS": 0.13,
        "Total Revenue": 5,
        "Gross Profit": 5,
        "Operating Income": 1,
        "EBIT": NaN,
        "Net Income": 1
    },
    "2015-12-31": {
        "Diluted EPS": 0.0,
        "Total Revenue": NaN,
        "Gross Profit": NaN,
        "Operating Income": NaN,
        "EBIT": NaN,
        "Net Income": NaN
    },
    "2023-09-30": {
        "Tax Effect Of Unusual Items": NaN,
        "Tax Rate For Calcs": NaN,
        "Net Income From Continuing Operation Net Minority Interest": NaN,
        "Reconciled Depreciation": NaN,
        "Net Interest Income": NaN,
        "Interest Expense": NaN,
        "Interest Income": NaN,
        "Normalized Income": NaN,
        "Net Income From Continuing And Discontinued Operation": NaN,
        "Diluted Average Shares": 8379112.0,
        "Basic Average Shares": 7717971.0,
        "Diluted EPS": 1.17,
        "Basic EPS": 1.27,
        "Diluted NI Availto Com Stockholders": NaN,
        "Net Income Common Stockholders": NaN,
        "Net Income": NaN,
        "Net Income Including Noncontrolling Interests": NaN,
        "Net Income Continuous Operations": NaN,
        "Tax Provision": NaN,
        "Pretax Income": NaN,
        "Gain On Sale Of Security": NaN,
        "Selling General And Administration": NaN,
        "Selling And Marketing Expense": NaN,
        "General And Administrative Expense": NaN,
        "Insurance And Claims": NaN,
        "Salaries And Wages": NaN,
        "Total Revenue": NaN,
        "Operating Revenue": NaN,
        "Occupancy And Equipment": NaN,
        "Professional Expense And Contract Services Expense": NaN,
        "Other Non Interest Expense": NaN
    },
    "2023-12-31": {
        "Tax Effect Of Unusual Items": NaN,
        "Tax Rate For Calcs": NaN,
        "Net Income From Continuing Operation Net Minority Interest": NaN,
        "Reconciled Depreciation": NaN,
        "Net Interest Income": NaN,
        "Interest Expense": NaN,
        "Interest Income": NaN,
        "Normalized Income": NaN,
        "Net Income From Continuing And Discontinued Operation": NaN,
        "Diluted Average Shares": NaN,
        "Basic Average Shares": NaN,
        "Diluted EPS": NaN,
        "Basic EPS": NaN,
        "Diluted NI Availto Com Stockholders": NaN,
        "Net Income Common Stockholders": NaN,
        "Net Income": NaN,
        "Net Income Including Noncontrolling Interests": NaN,
        "Net Income Continuous Operations": NaN,
        "Tax Provision": NaN,
        "Pretax Income": NaN,
        "Gain On Sale Of Security": 0.0,
        "Selling General And Administration": NaN,
        "Selling And Marketing Expense": NaN,
        "General And Administrative Expense": NaN,
        "Insurance And Claims": NaN,
        "Salaries And Wages": NaN,
        "Total Revenue": NaN,
        "Operating Revenue": NaN,
        "Occupancy And Equipment": NaN,
        "Professional Expense And Contract Services Expense": NaN,
        "Other Non Interest Expense": NaN
    },
    "2024-03-31": {
        "Tax Effect Of Unusual Items": NaN,
        "Tax Rate For Calcs": NaN,
        "Net Income From Continuing Operation Net Minority Interest": NaN,
        "Reconciled Depreciation": NaN,
        "Net Interest Income": NaN,
        "Interest Expense": NaN,
        "Interest Income": NaN,
        "Normalized Income": NaN,
        "Net Income From Continuing And Discontinued Operation": NaN,
        "Diluted Average Shares": NaN,
        "Basic Average Shares": NaN,
        "Diluted EPS": NaN,
        "Basic EPS": NaN,
        "Diluted NI Availto Com Stockholders": NaN,
        "Net Income Common Stockholders": NaN,
        "Net Income": NaN,
        "Net Income Including Noncontrolling Interests": NaN,
        "Net Income Continuous Operations": NaN,
        "Tax Provision": NaN,
        "Pretax Income": NaN,
        "Gain On Sale Of Security": 0.0,
        "Selling General And Administration": NaN,
        "Selling And Marketing Expense": NaN,
        "General And Administrative Expense": NaN,
        "Insurance And Claims": NaN,
        "Salaries And Wages": NaN,
        "Total Revenue": NaN,
        "Operating Revenue": NaN,
        "Occupancy And Equipment": NaN,
        "Professional Expense And Contract Services Expense": NaN,
        "Other Non Interest Expense": NaN
    },
    "2024-06-30": {
        "Tax Effect Of Unusual Items": 0.0,
        "Tax Rate For Calcs": 0.269962,
        "Net Income From Continuing Operation Net Minority Interest": 10487000.0,
        "Reconciled Depreciation": 948000.0,
        "Net Interest Income": 24322000.0,
        "Interest Expense": 3063000.0,
        "Interest Income": 27385000.0,
        "Normalized Income": 10487000.0,
        "Net Income From Continuing And Discontinued Operation": 10487000.0,
        "Diluted Average Shares": 8402750.0,
        "Basic Average Shares": 7798441.0,
        "Diluted EPS": 1.25,
        "Basic EPS": 1.34,
        "Diluted NI Availto Com Stockholders": 10487000.0,
        "Net Income Common Stockholders": 10487000.0,
        "Net Income": 10487000.0,
        "Net Income Including Noncontrolling Interests": 10487000.0,
        "Net Income Continuous Operations": 10487000.0,
        "Tax Provision": 3878000.0,
        "Pretax Income": 14365000.0,
        "Gain On Sale Of Security": 0.0,
        "Selling General And Administration": 10639000.0,
        "Selling And Marketing Expense": 881000.0,
        "General And Administrative Expense": 9758000.0,
        "Insurance And Claims": 233000.0,
        "Salaries And Wages": 9525000.0,
        "Total Revenue": 30597000.0,
        "Operating Revenue": 30597000.0,
        "Occupancy And Equipment": 1156000.0,
        "Professional Expense And Contract Services Expense": 857000.0,
        "Other Non Interest Expense": 2580000.0
    },
    "2024-09-30": {
        "Tax Effect Of Unusual Items": 0.0,
        "Tax Rate For Calcs": 0.27,
        "Net Income From Continuing Operation Net Minority Interest": 11360000.0,
        "Reconciled Depreciation": 773000.0,
        "Net Interest Income": 25858000.0,
        "Interest Expense": 3273000.0,
        "Interest Income": 29131000.0,
        "Normalized Income": 11360000.0,
        "Net Income From Continuing And Discontinued Operation": 11360000.0,
        "Diluted Average Shares": 8503966.0,
        "Basic Average Shares": 7815197.0,
        "Diluted EPS": 1.34,
        "Basic EPS": 1.45,
        "Diluted NI Availto Com Stockholders": 11360000.0,
        "Net Income Common Stockholders": 11360000.0,
        "Net Income": 11360000.0,
        "Net Income Including Noncontrolling Interests": 11360000.0,
        "Net Income Continuous Operations": 11360000.0,
        "Tax Provision": 4202000.0,
        "Pretax Income": 15562000.0,
        "Gain On Sale Of Security": 0.0,
        "Selling General And Administration": 10710000.0,
        "Selling And Marketing Expense": 949000.0,
        "General And Administrative Expense": 9761000.0,
        "Insurance And Claims": 236000.0,
        "Salaries And Wages": 9525000.0,
        "Total Revenue": 31920000.0,
        "Operating Revenue": 31920000.0,
        "Occupancy And Equipment": 977000.0,
        "Professional Expense And Contract Services Expense": 955000.0,
        "Other Non Interest Expense": 2716000.0
    },
    "2024-12-31": {
        "Tax Effect Of Unusual Items": 0.0,
        "Tax Rate For Calcs": 0.249968,
        "Net Income From Continuing Operation Net Minority Interest": 11753000.0,
        "Reconciled Depreciation": 821000.0,
        "Net Interest Income": 26886000.0,
        "Interest Expense": 3898000.0,
        "Interest Income": 30784000.0,
        "Normalized Income": 11753000.0,
        "Net Income From Continuing And Discontinued Operation": 11753000.0,
        "Diluted Average Shares": 8588925.0,
        "Basic Average Shares": 7869435.0,
        "Diluted EPS": 1.37,
        "Basic EPS": 1.49,
        "Diluted NI Availto Com Stockholders": 11753000.0,
        "Net Income Common Stockholders": 11753000.0,
        "Net Income": 11753000.0,
        "Net Income Including Noncontrolling Interests": 11753000.0,
        "Net Income Continuous Operations": 11753000.0,
        "Tax Provision": 3917000.0,
        "Pretax Income": 15670000.0,
        "Gain On Sale Of Security": 0.0,
        "Selling General And Administration": 10698000.0,
        "Selling And Marketing Expense": 812000.0,
        "General And Administrative Expense": 9886000.0,
        "Insurance And Claims": 252000.0,
        "Salaries And Wages": 9634000.0,
        "Total Revenue": 33055000.0,
        "Operating Revenue": 33055000.0,
        "Occupancy And Equipment": 1033000.0,
        "Professional Expense And Contract Services Expense": 1061000.0,
        "Other Non Interest Expense": 2893000.0
    },
    "2025-03-31": {
        "Tax Effect Of Unusual Items": 0.0,
        "Tax Rate For Calcs": 0.265,
        "Net Income From Continuing Operation Net Minority Interest": 11407000.0,
        "Reconciled Depreciation": 909000.0,
        "Net Interest Income": 27609000.0,
        "Interest Expense": 3904000.0,
        "Interest Income": 31513000.0,
        "Normalized Income": 11407000.0,
        "Net Income From Continuing And Discontinued Operation": 11407000.0,
        "Diluted Average Shares": 8601607.0,
        "Basic Average Shares": 7988999.0,
        "Diluted EPS": 1.33,
        "Basic EPS": 1.43,
        "Diluted NI Availto Com Stockholders": 11407000.0,
        "Net Income Common Stockholders": 11407000.0,
        "Net Income": 11407000.0,
        "Net Income Including Noncontrolling Interests": 11407000.0,
        "Net Income Continuous Operations": 11407000.0,
        "Tax Provision": 4105000.0,
        "Pretax Income": 15512000.0,
        "Gain On Sale Of Security": NaN,
        "Selling General And Administration": 11186000.0,
        "Selling And Marketing Expense": 851000.0,
        "General And Administrative Expense": 10335000.0,
        "Insurance And Claims": 270000.0,
        "Salaries And Wages": 10065000.0,
        "Total Revenue": 33760000.0,
        "Operating Revenue": 33760000.0,
        "Occupancy And Equipment": 1132000.0,
        "Professional Expense And Contract Services Expense": 1264000.0,
        "Other Non Interest Expense": 3166000.0
    },
    "2025-06-30": {
        "Tax Effect Of Unusual Items": 0.0,
        "Tax Rate For Calcs": 0.220021,
        "Net Income From Continuing Operation Net Minority Interest": 11890000.0,
        "Reconciled Depreciation": 915000.0,
        "Net Interest Income": 29254000.0,
        "Interest Expense": 4282000.0,
        "Interest Income": 33536000.0,
        "Normalized Income": 11890000.0,
        "Net Income From Continuing And Discontinued Operation": 11890000.0,
        "Diluted Average Shares": 8639038.0,
        "Basic Average Shares": 8029541.0,
        "Diluted EPS": 1.38,
        "Basic EPS": 1.48,
        "Diluted NI Availto Com Stockholders": 11890000.0,
        "Net Income Common Stockholders": 11890000.0,
        "Net Income": 11890000.0,
        "Net Income Including Noncontrolling Interests": 11890000.0,
        "Net Income Continuous Operations": 11890000.0,
        "Tax Provision": 3354000.0,
        "Pretax Income": 15244000.0,
        "Gain On Sale Of Security": NaN,
        "Selling General And Administration": 11320000.0,
        "Selling And Marketing Expense": 811000.0,
        "General And Administrative Expense": 10509000.0,
        "Insurance And Claims": 293000.0,
        "Salaries And Wages": 10216000.0,
        "Total Revenue": 35831000.0,
        "Operating Revenue": 35831000.0,
        "Occupancy And Equipment": 1168000.0,
        "Professional Expense And Contract Services Expense": 1291000.0,
        "Other Non Interest Expense": 3283000.0
    }
}