{
    "2023-03-31": {
        "Tax Effect Of Unusual Items": NaN,
        "Tax Rate For Calcs": NaN,
        "Normalized EBITDA": NaN,
        "Total Unusual Items": NaN,
        "Total Unusual Items Excluding Goodwill": NaN,
        "Net Income From Continuing Operation Net Minority Interest": NaN,
        "Reconciled Depreciation": NaN,
        "Reconciled Cost Of Revenue": NaN,
        "EBITDA": NaN,
        "EBIT": NaN,
        "Net Interest Income": NaN,
        "Interest Expense": NaN,
        "Interest Income": NaN,
        "Normalized Income": NaN,
        "Net Income From Continuing And Discontinued Operation": NaN,
        "Total Expenses": NaN,
        "Total Operating Income As Reported": NaN,
        "Diluted Average Shares": 24678113.0,
        "Basic Average Shares": 24678113.0,
        "Diluted EPS": -0.48,
        "Basic EPS": -0.48,
        "Diluted NI Availto Com Stockholders": NaN,
        "Net Income Common Stockholders": NaN,
        "Net Income": NaN,
        "Net Income Including Noncontrolling Interests": NaN,
        "Net Income Continuous Operations": NaN,
        "Tax Provision": NaN,
        "Pretax Income": NaN,
        "Other Income Expense": NaN,
        "Other Non Operating Income Expenses": NaN,
        "Special Income Charges": NaN,
        "Net Non Operating Interest Income Expense": NaN,
        "Interest Expense Non Operating": NaN,
        "Interest Income Non Operating": NaN,
        "Operating Income": NaN,
        "Operating Expense": NaN,
        "Research And Development": NaN,
        "Selling General And Administration": NaN,
        "Gross Profit": NaN,
        "Cost Of Revenue": NaN,
        "Total Revenue": NaN,
        "Operating Revenue": NaN
    },
    "2022-12-31": {
        "Tax Effect Of Unusual Items": NaN,
        "Tax Rate For Calcs": NaN,
        "Normalized EBITDA": NaN,
        "Total Unusual Items": 0.0,
        "Total Unusual Items Excluding Goodwill": 0.0,
        "Net Income From Continuing Operation Net Minority Interest": NaN,
        "Reconciled Depreciation": NaN,
        "Reconciled Cost Of Revenue": NaN,
        "EBITDA": NaN,
        "EBIT": NaN,
        "Net Interest Income": NaN,
        "Interest Expense": NaN,
        "Interest Income": NaN,
        "Normalized Income": NaN,
        "Net Income From Continuing And Discontinued Operation": NaN,
        "Total Expenses": NaN,
        "Total Operating Income As Reported": NaN,
        "Diluted Average Shares": NaN,
        "Basic Average Shares": NaN,
        "Diluted EPS": NaN,
        "Basic EPS": NaN,
        "Diluted NI Availto Com Stockholders": NaN,
        "Net Income Common Stockholders": NaN,
        "Net Income": NaN,
        "Net Income Including Noncontrolling Interests": NaN,
        "Net Income Continuous Operations": NaN,
        "Tax Provision": NaN,
        "Pretax Income": NaN,
        "Other Income Expense": NaN,
        "Other Non Operating Income Expenses": NaN,
        "Special Income Charges": 0.0,
        "Other Special Charges": 0.0,
        "Gain On Sale Of Security": 0.0,
        "Net Non Operating Interest Income Expense": NaN,
        "Interest Expense Non Operating": NaN,
        "Interest Income Non Operating": NaN,
        "Operating Income": NaN,
        "Operating Expense": NaN,
        "Research And Development": NaN,
        "Selling General And Administration": NaN,
        "Gross Profit": NaN,
        "Cost Of Revenue": NaN,
        "Total Revenue": NaN,
        "Operating Revenue": NaN
    },
    "2022-09-30": {
        "Tax Effect Of Unusual Items": NaN,
        "Tax Rate For Calcs": NaN,
        "Normalized EBITDA": NaN,
        "Total Unusual Items": 0.0,
        "Total Unusual Items Excluding Goodwill": 0.0,
        "Net Income From Continuing Operation Net Minority Interest": NaN,
        "Reconciled Depreciation": NaN,
        "Reconciled Cost Of Revenue": NaN,
        "EBITDA": NaN,
        "EBIT": NaN,
        "Net Interest Income": NaN,
        "Interest Expense": NaN,
        "Interest Income": NaN,
        "Normalized Income": NaN,
        "Net Income From Continuing And Discontinued Operation": NaN,
        "Total Expenses": NaN,
        "Total Operating Income As Reported": NaN,
        "Diluted Average Shares": NaN,
        "Basic Average Shares": NaN,
        "Diluted EPS": NaN,
        "Basic EPS": NaN,
        "Diluted NI Availto Com Stockholders": NaN,
        "Net Income Common Stockholders": NaN,
        "Net Income": NaN,
        "Net Income Including Noncontrolling Interests": NaN,
        "Net Income Continuous Operations": NaN,
        "Tax Provision": NaN,
        "Pretax Income": NaN,
        "Other Income Expense": NaN,
        "Other Non Operating Income Expenses": NaN,
        "Special Income Charges": 0.0,
        "Other Special Charges": NaN,
        "Gain On Sale Of Security": NaN,
        "Net Non Operating Interest Income Expense": NaN,
        "Interest Expense Non Operating": NaN,
        "Interest Income Non Operating": NaN,
        "Operating Income": NaN,
        "Operating Expense": NaN,
        "Research And Development": NaN,
        "Selling General And Administration": NaN,
        "Gross Profit": NaN,
        "Cost Of Revenue": NaN,
        "Total Revenue": NaN,
        "Operating Revenue": NaN
    },
    "2022-06-30": {
        "Tax Effect Of Unusual Items": -7168000.0,
        "Tax Rate For Calcs": 0.4,
        "Normalized EBITDA": -15234000.0,
        "Total Unusual Items": -17920000.0,
        "Total Unusual Items Excluding Goodwill": -17920000.0,
        "Net Income From Continuing Operation Net Minority Interest": -37106000.0,
        "Reconciled Depreciation": 1042000.0,
        "Reconciled Cost Of Revenue": 13736000.0,
        "EBITDA": -33154000.0,
        "EBIT": -33154000.0,
        "Net Interest Income": -3356000.0,
        "Interest Expense": 3388000.0,
        "Interest Income": 32000.0,
        "Normalized Income": -26354000.0,
        "Net Income From Continuing And Discontinued Operation": -37106000.0,
        "Total Expenses": 51596000.0,
        "Total Operating Income As Reported": -10406000.0,
        "Diluted Average Shares": 24396847.0,
        "Basic Average Shares": 24396847.0,
        "Diluted EPS": -1.52,
        "Basic EPS": -1.52,
        "Diluted NI Availto Com Stockholders": -37106000.0,
        "Net Income Common Stockholders": -37106000.0,
        "Net Income": -37106000.0,
        "Net Income Including Noncontrolling Interests": -37106000.0,
        "Net Income Continuous Operations": -37106000.0,
        "Tax Provision": 564000.0,
        "Pretax Income": -36542000.0,
        "Other Income Expense": -22780000.0,
        "Other Non Operating Income Expenses": -4860000.0,
        "Special Income Charges": -19019000.0,
        "Other Special Charges": 19019000.0,
        "Gain On Sale Of Security": 1099000.0,
        "Net Non Operating Interest Income Expense": -3356000.0,
        "Interest Expense Non Operating": 3388000.0,
        "Interest Income Non Operating": 32000.0,
        "Operating Income": -10406000.0,
        "Operating Expense": 37860000.0,
        "Research And Development": 4903000.0,
        "Selling General And Administration": 32957000.0,
        "Gross Profit": 27454000.0,
        "Cost Of Revenue": 13736000.0,
        "Total Revenue": 41190000.0,
        "Operating Revenue": 41190000.0
    },
    "2022-03-31": {
        "Diluted EPS": -0.24,
        "Total Revenue": 38,
        "Gross Profit": 25,
        "Operating Income": -6,
        "EBIT": -4,
        "Net Income": -6
    },
    "2021-12-31": {
        "Diluted EPS": -0.6,
        "Total Revenue": 35,
        "Gross Profit": 24,
        "Operating Income": -9,
        "EBIT": -6,
        "Net Income": -14
    },
    "2021-09-30": {
        "Diluted EPS": -0.61,
        "Total Revenue": 29,
        "Gross Profit": 20,
        "Operating Income": -9,
        "EBIT": -9,
        "Net Income": -15
    },
    "2021-06-30": {
        "Diluted EPS": -0.22,
        "Total Revenue": 32,
        "Gross Profit": 21,
        "Operating Income": -5,
        "EBIT": -3,
        "Net Income": -5
    },
    "2021-03-31": {
        "Diluted EPS": -0.29,
        "Total Revenue": 30,
        "Gross Profit": 20,
        "Operating Income": -2,
        "EBIT": -1,
        "Net Income": -7
    },
    "2020-12-31": {
        "Diluted EPS": -0.21,
        "Total Revenue": 27,
        "Gross Profit": 15,
        "Operating Income": -8,
        "EBIT": -5,
        "Net Income": -6
    },
    "2020-09-30": {
        "Diluted EPS": -0.18,
        "Total Revenue": 23,
        "Gross Profit": 15,
        "Operating Income": -3,
        "EBIT": -2,
        "Net Income": -4
    },
    "2020-06-30": {
        "Diluted EPS": -0.45,
        "Total Revenue": 10,
        "Gross Profit": 7,
        "Operating Income": -10,
        "EBIT": -9,
        "Net Income": -10
    },
    "2020-03-31": {
        "Diluted EPS": -0.79,
        "Total Revenue": 24,
        "Gross Profit": 15,
        "Operating Income": -8,
        "EBIT": -7,
        "Net Income": -18
    },
    "2019-12-31": {
        "Diluted EPS": -0.27,
        "Total Revenue": 24,
        "Gross Profit": 16,
        "Operating Income": -4,
        "EBIT": -3,
        "Net Income": -6
    },
    "2019-09-30": {
        "Diluted EPS": -0.62,
        "Total Revenue": 23,
        "Gross Profit": 14,
        "Operating Income": -9,
        "EBIT": -8,
        "Net Income": -13
    },
    "2019-06-30": {
        "Diluted EPS": -0.44,
        "Total Revenue": 22,
        "Gross Profit": 13,
        "Operating Income": -9,
        "EBIT": -9,
        "Net Income": -9
    },
    "2019-03-31": {
        "Diluted EPS": -0.53,
        "Total Revenue": 21,
        "Gross Profit": 11,
        "Operating Income": -8,
        "EBIT": -8,
        "Net Income": -11
    },
    "2018-12-31": {
        "Diluted EPS": -0.48,
        "Total Revenue": 16,
        "Gross Profit": 10,
        "Operating Income": -9,
        "EBIT": -8,
        "Net Income": -11
    },
    "2018-09-30": {
        "Diluted EPS": 0.06,
        "Total Revenue": 16,
        "Gross Profit": 10,
        "Operating Income": -6,
        "EBIT": -5,
        "Net Income": 1
    },
    "2018-06-30": {
        "Diluted EPS": -0.35,
        "Total Revenue": 14,
        "Gross Profit": 8,
        "Operating Income": -6,
        "EBIT": -6,
        "Net Income": -5
    },
    "2018-03-31": {
        "Diluted EPS": -0.45,
        "Total Revenue": 15,
        "Gross Profit": 8,
        "Operating Income": -3,
        "EBIT": -2,
        "Net Income": -7
    },
    "2017-12-31": {
        "Diluted EPS": 0.0,
        "Total Revenue": 12,
        "Gross Profit": 7,
        "Operating Income": -5,
        "EBIT": -4,
        "Net Income": -7
    },
    "2017-09-30": {
        "Diluted EPS": -1.21,
        "Total Revenue": 7,
        "Gross Profit": 4,
        "Operating Income": -6,
        "EBIT": -5,
        "Net Income": -11
    },
    "2017-06-30": {
        "Diluted EPS": -1.55,
        "Total Revenue": 9,
        "Gross Profit": 4,
        "Operating Income": -5,
        "EBIT": -5,
        "Net Income": -12
    },
    "2017-03-31": {
        "Diluted EPS": -0.75,
        "Total Revenue": 7,
        "Gross Profit": 3,
        "Operating Income": -4,
        "EBIT": -4,
        "Net Income": -5
    },
    "2016-12-31": {
        "Diluted EPS": 0.0,
        "Total Revenue": NaN,
        "Gross Profit": NaN,
        "Operating Income": NaN,
        "EBIT": NaN,
        "Net Income": NaN
    },
    "2023-06-30": {
        "Tax Effect Of Unusual Items": NaN,
        "Tax Rate For Calcs": NaN,
        "Normalized EBITDA": NaN,
        "Total Unusual Items": 0.0,
        "Total Unusual Items Excluding Goodwill": 0.0,
        "Net Income From Continuing Operation Net Minority Interest": NaN,
        "Reconciled Depreciation": NaN,
        "Reconciled Cost Of Revenue": NaN,
        "EBITDA": NaN,
        "EBIT": NaN,
        "Net Interest Income": NaN,
        "Interest Expense": NaN,
        "Interest Income": NaN,
        "Normalized Income": NaN,
        "Net Income From Continuing And Discontinued Operation": NaN,
        "Total Expenses": NaN,
        "Total Operating Income As Reported": NaN,
        "Diluted Average Shares": NaN,
        "Basic Average Shares": NaN,
        "Diluted EPS": NaN,
        "Basic EPS": NaN,
        "Diluted NI Availto Com Stockholders": NaN,
        "Net Income Common Stockholders": NaN,
        "Net Income": NaN,
        "Net Income Including Noncontrolling Interests": NaN,
        "Net Income Continuous Operations": NaN,
        "Tax Provision": NaN,
        "Pretax Income": NaN,
        "Other Income Expense": NaN,
        "Other Non Operating Income Expenses": NaN,
        "Special Income Charges": 0.0,
        "Net Non Operating Interest Income Expense": NaN,
        "Interest Expense Non Operating": NaN,
        "Interest Income Non Operating": NaN,
        "Operating Income": NaN,
        "Operating Expense": NaN,
        "Research And Development": NaN,
        "Selling General And Administration": NaN,
        "Gross Profit": NaN,
        "Cost Of Revenue": NaN,
        "Total Revenue": NaN,
        "Operating Revenue": NaN
    },
    "2023-09-30": {
        "Tax Effect Of Unusual Items": NaN,
        "Tax Rate For Calcs": NaN,
        "Normalized EBITDA": NaN,
        "Total Unusual Items": 0.0,
        "Total Unusual Items Excluding Goodwill": 0.0,
        "Net Income From Continuing Operation Net Minority Interest": NaN,
        "Reconciled Depreciation": NaN,
        "Reconciled Cost Of Revenue": NaN,
        "EBITDA": NaN,
        "EBIT": NaN,
        "Net Interest Income": NaN,
        "Interest Expense": NaN,
        "Interest Income": NaN,
        "Normalized Income": NaN,
        "Net Income From Continuing And Discontinued Operation": NaN,
        "Total Expenses": NaN,
        "Total Operating Income As Reported": NaN,
        "Diluted Average Shares": NaN,
        "Basic Average Shares": NaN,
        "Diluted EPS": NaN,
        "Basic EPS": NaN,
        "Diluted NI Availto Com Stockholders": NaN,
        "Net Income Common Stockholders": NaN,
        "Net Income": NaN,
        "Net Income Including Noncontrolling Interests": NaN,
        "Net Income Continuous Operations": NaN,
        "Tax Provision": NaN,
        "Pretax Income": NaN,
        "Other Income Expense": NaN,
        "Other Non Operating Income Expenses": NaN,
        "Special Income Charges": 0.0,
        "Net Non Operating Interest Income Expense": NaN,
        "Interest Expense Non Operating": NaN,
        "Interest Income Non Operating": NaN,
        "Operating Income": NaN,
        "Operating Expense": NaN,
        "Research And Development": NaN,
        "Selling General And Administration": NaN,
        "Gross Profit": NaN,
        "Cost Of Revenue": NaN,
        "Total Revenue": NaN,
        "Operating Revenue": NaN
    },
    "2023-12-31": {
        "Tax Effect Of Unusual Items": NaN,
        "Tax Rate For Calcs": NaN,
        "Normalized EBITDA": NaN,
        "Total Unusual Items": 0.0,
        "Total Unusual Items Excluding Goodwill": 0.0,
        "Net Income From Continuing Operation Net Minority Interest": NaN,
        "Reconciled Depreciation": NaN,
        "Reconciled Cost Of Revenue": NaN,
        "EBITDA": NaN,
        "EBIT": NaN,
        "Net Interest Income": NaN,
        "Interest Expense": NaN,
        "Interest Income": NaN,
        "Normalized Income": NaN,
        "Net Income From Continuing And Discontinued Operation": NaN,
        "Total Expenses": NaN,
        "Total Operating Income As Reported": NaN,
        "Diluted Average Shares": NaN,
        "Basic Average Shares": NaN,
        "Diluted EPS": NaN,
        "Basic EPS": NaN,
        "Diluted NI Availto Com Stockholders": NaN,
        "Net Income Common Stockholders": NaN,
        "Net Income": NaN,
        "Net Income Including Noncontrolling Interests": NaN,
        "Net Income Continuous Operations": NaN,
        "Tax Provision": NaN,
        "Pretax Income": NaN,
        "Other Income Expense": NaN,
        "Other Non Operating Income Expenses": NaN,
        "Special Income Charges": 0.0,
        "Net Non Operating Interest Income Expense": NaN,
        "Interest Expense Non Operating": NaN,
        "Interest Income Non Operating": NaN,
        "Operating Income": NaN,
        "Operating Expense": NaN,
        "Research And Development": NaN,
        "Selling General And Administration": NaN,
        "Gross Profit": NaN,
        "Cost Of Revenue": NaN,
        "Total Revenue": NaN,
        "Operating Revenue": NaN
    },
    "2024-03-31": {
        "Tax Effect Of Unusual Items": 0.0,
        "Tax Rate For Calcs": 0.34,
        "Normalized EBITDA": -9970000.0,
        "Total Unusual Items": NaN,
        "Total Unusual Items Excluding Goodwill": NaN,
        "Net Income From Continuing Operation Net Minority Interest": -16202000.0,
        "Reconciled Depreciation": 1413000.0,
        "Reconciled Cost Of Revenue": 12787000.0,
        "EBITDA": -9970000.0,
        "EBIT": -11383000.0,
        "Net Interest Income": -3893000.0,
        "Interest Expense": 4381000.0,
        "Interest Income": 488000.0,
        "Normalized Income": -16202000.0,
        "Net Income From Continuing And Discontinued Operation": -16202000.0,
        "Total Expenses": 46001000.0,
        "Total Operating Income As Reported": -8834000.0,
        "Diluted Average Shares": 27788120.0,
        "Basic Average Shares": 27788120.0,
        "Diluted EPS": -0.58,
        "Basic EPS": -0.58,
        "Diluted NI Availto Com Stockholders": -16202000.0,
        "Net Income Common Stockholders": -16202000.0,
        "Net Income": -16202000.0,
        "Net Income Including Noncontrolling Interests": -16202000.0,
        "Net Income Continuous Operations": -16202000.0,
        "Tax Provision": 438000.0,
        "Pretax Income": -15764000.0,
        "Other Income Expense": -3037000.0,
        "Other Non Operating Income Expenses": -3037000.0,
        "Special Income Charges": NaN,
        "Net Non Operating Interest Income Expense": -3893000.0,
        "Interest Expense Non Operating": 4381000.0,
        "Interest Income Non Operating": 488000.0,
        "Operating Income": -8834000.0,
        "Operating Expense": 33214000.0,
        "Research And Development": 4273000.0,
        "Selling General And Administration": 28941000.0,
        "Gross Profit": 24380000.0,
        "Cost Of Revenue": 12787000.0,
        "Total Revenue": 37167000.0,
        "Operating Revenue": 37167000.0
    },
    "2024-06-30": {
        "Tax Effect Of Unusual Items": 0.0,
        "Tax Rate For Calcs": 0.34,
        "Normalized EBITDA": -9984000.0,
        "Net Income From Continuing Operation Net Minority Interest": -17181000.0,
        "Reconciled Depreciation": 1583000.0,
        "Reconciled Cost Of Revenue": 15181000.0,
        "EBITDA": -9984000.0,
        "EBIT": -11567000.0,
        "Net Interest Income": -4630000.0,
        "Interest Expense": 5186000.0,
        "Interest Income": 556000.0,
        "Normalized Income": -17181000.0,
        "Net Income From Continuing And Discontinued Operation": -17181000.0,
        "Total Expenses": 53461000.0,
        "Total Operating Income As Reported": -9344000.0,
        "Diluted Average Shares": NaN,
        "Basic Average Shares": NaN,
        "Diluted EPS": NaN,
        "Basic EPS": NaN,
        "Diluted NI Availto Com Stockholders": -17181000.0,
        "Net Income Common Stockholders": -17181000.0,
        "Net Income": -17181000.0,
        "Net Income Including Noncontrolling Interests": -17181000.0,
        "Net Income Continuous Operations": -17181000.0,
        "Tax Provision": 428000.0,
        "Pretax Income": -16753000.0,
        "Other Income Expense": -2779000.0,
        "Other Non Operating Income Expenses": -2779000.0,
        "Net Non Operating Interest Income Expense": -4630000.0,
        "Interest Expense Non Operating": 5186000.0,
        "Interest Income Non Operating": 556000.0,
        "Operating Income": -9344000.0,
        "Operating Expense": 38280000.0,
        "Research And Development": 5488000.0,
        "Selling General And Administration": 32792000.0,
        "Gross Profit": 28936000.0,
        "Cost Of Revenue": 15181000.0,
        "Total Revenue": 44117000.0,
        "Operating Revenue": 44117000.0
    },
    "2024-09-30": {
        "Tax Effect Of Unusual Items": 0.0,
        "Tax Rate For Calcs": 0.34,
        "Normalized EBITDA": -8671000.0,
        "Net Income From Continuing Operation Net Minority Interest": -16682000.0,
        "Reconciled Depreciation": 2188000.0,
        "Reconciled Cost Of Revenue": 14510000.0,
        "EBITDA": -8671000.0,
        "EBIT": -10859000.0,
        "Net Interest Income": -5079000.0,
        "Interest Expense": 5313000.0,
        "Interest Income": 234000.0,
        "Normalized Income": -16682000.0,
        "Net Income From Continuing And Discontinued Operation": -16682000.0,
        "Total Expenses": 53366000.0,
        "Total Operating Income As Reported": -13139000.0,
        "Diluted Average Shares": 28248256.0,
        "Basic Average Shares": 28248256.0,
        "Diluted EPS": -0.59,
        "Basic EPS": -0.59,
        "Diluted NI Availto Com Stockholders": -16682000.0,
        "Net Income Common Stockholders": -16682000.0,
        "Net Income": -16682000.0,
        "Net Income Including Noncontrolling Interests": -16682000.0,
        "Net Income Continuous Operations": -16682000.0,
        "Tax Provision": 510000.0,
        "Pretax Income": -16172000.0,
        "Other Income Expense": 2046000.0,
        "Other Non Operating Income Expenses": 2046000.0,
        "Net Non Operating Interest Income Expense": -5079000.0,
        "Interest Expense Non Operating": 5313000.0,
        "Interest Income Non Operating": 234000.0,
        "Operating Income": -13139000.0,
        "Operating Expense": 38856000.0,
        "Research And Development": 4801000.0,
        "Selling General And Administration": 34055000.0,
        "Gross Profit": 25717000.0,
        "Cost Of Revenue": 14510000.0,
        "Total Revenue": 40227000.0,
        "Operating Revenue": 40227000.0
    },
    "2024-12-31": {
        "Tax Effect Of Unusual Items": 0.0,
        "Tax Rate For Calcs": 0.039177,
        "Normalized EBITDA": -27597000.0,
        "Net Income From Continuing Operation Net Minority Interest": -34531000.0,
        "Reconciled Depreciation": 2393000.0,
        "Reconciled Cost Of Revenue": 14022000.0,
        "EBITDA": -27597000.0,
        "EBIT": -29990000.0,
        "Net Interest Income": -5750000.0,
        "Interest Expense": 5949000.0,
        "Interest Income": 199000.0,
        "Normalized Income": -34531000.0,
        "Net Income From Continuing And Discontinued Operation": -34531000.0,
        "Total Expenses": 63184000.0,
        "Total Operating Income As Reported": -18670000.0,
        "Diluted Average Shares": 28942937.0,
        "Basic Average Shares": 28942937.0,
        "Diluted EPS": -1.19,
        "Basic EPS": -1.19,
        "Diluted NI Availto Com Stockholders": -34531000.0,
        "Net Income Common Stockholders": -34531000.0,
        "Net Income": -34531000.0,
        "Net Income Including Noncontrolling Interests": -34531000.0,
        "Net Income Continuous Operations": -34531000.0,
        "Tax Provision": -1408000.0,
        "Pretax Income": -35939000.0,
        "Other Income Expense": -11519000.0,
        "Other Non Operating Income Expenses": -11519000.0,
        "Net Non Operating Interest Income Expense": -5750000.0,
        "Interest Expense Non Operating": 5949000.0,
        "Interest Income Non Operating": 199000.0,
        "Operating Income": -18670000.0,
        "Operating Expense": 49162000.0,
        "Research And Development": 5144000.0,
        "Selling General And Administration": 44018000.0,
        "Gross Profit": 30492000.0,
        "Cost Of Revenue": 14022000.0,
        "Total Revenue": 44514000.0,
        "Operating Revenue": 44514000.0
    },
    "2025-03-31": {
        "Tax Effect Of Unusual Items": 0.0,
        "Tax Rate For Calcs": 0.34,
        "Normalized EBITDA": -11377000.0,
        "Net Income From Continuing Operation Net Minority Interest": -20710000.0,
        "Reconciled Depreciation": 2566000.0,
        "Reconciled Cost Of Revenue": 13569000.0,
        "EBITDA": -11377000.0,
        "EBIT": -13943000.0,
        "Net Interest Income": -5603000.0,
        "Interest Expense": 5853000.0,
        "Interest Income": 250000.0,
        "Normalized Income": -20710000.0,
        "Net Income From Continuing And Discontinued Operation": -20710000.0,
        "Total Expenses": 58323000.0,
        "Total Operating Income As Reported": -16946000.0,
        "Diluted Average Shares": 29475649.0,
        "Basic Average Shares": 29475649.0,
        "Diluted EPS": -0.7,
        "Basic EPS": -0.7,
        "Diluted NI Availto Com Stockholders": -20710000.0,
        "Net Income Common Stockholders": -20710000.0,
        "Net Income": -20710000.0,
        "Net Income Including Noncontrolling Interests": -20710000.0,
        "Net Income Continuous Operations": -20710000.0,
        "Tax Provision": 914000.0,
        "Pretax Income": -19796000.0,
        "Other Income Expense": 2753000.0,
        "Other Non Operating Income Expenses": 2753000.0,
        "Net Non Operating Interest Income Expense": -5603000.0,
        "Interest Expense Non Operating": 5853000.0,
        "Interest Income Non Operating": 250000.0,
        "Operating Income": -16946000.0,
        "Operating Expense": 44754000.0,
        "Research And Development": 5055000.0,
        "Selling General And Administration": 39699000.0,
        "Gross Profit": 27808000.0,
        "Cost Of Revenue": 13569000.0,
        "Total Revenue": 41377000.0,
        "Operating Revenue": 41377000.0
    },
    "2025-06-30": {
        "Tax Effect Of Unusual Items": 0.0,
        "Tax Rate For Calcs": 0.34,
        "Normalized EBITDA": -7037000.0,
        "Net Income From Continuing Operation Net Minority Interest": -16593000.0,
        "Reconciled Depreciation": 2596000.0,
        "Reconciled Cost Of Revenue": 16028000.0,
        "EBITDA": -7037000.0,
        "EBIT": -9633000.0,
        "Net Interest Income": -5865000.0,
        "Interest Expense": 5956000.0,
        "Interest Income": 91000.0,
        "Normalized Income": -16593000.0,
        "Net Income From Continuing And Discontinued Operation": -16593000.0,
        "Total Expenses": 65407000.0,
        "Total Operating Income As Reported": -14107000.0,
        "Diluted Average Shares": 28913811.0,
        "Basic Average Shares": 28913811.0,
        "Diluted EPS": -0.57,
        "Basic EPS": -0.57,
        "Diluted NI Availto Com Stockholders": -16593000.0,
        "Net Income Common Stockholders": -16593000.0,
        "Net Income": -16593000.0,
        "Net Income Including Noncontrolling Interests": -16593000.0,
        "Net Income Continuous Operations": -16593000.0,
        "Tax Provision": 1004000.0,
        "Pretax Income": -15589000.0,
        "Other Income Expense": 4383000.0,
        "Other Non Operating Income Expenses": 4383000.0,
        "Net Non Operating Interest Income Expense": -5865000.0,
        "Interest Expense Non Operating": 5956000.0,
        "Interest Income Non Operating": 91000.0,
        "Operating Income": -14107000.0,
        "Operating Expense": 49379000.0,
        "Research And Development": 5203000.0,
        "Selling General And Administration": 44176000.0,
        "Gross Profit": 35272000.0,
        "Cost Of Revenue": 16028000.0,
        "Total Revenue": 51300000.0,
        "Operating Revenue": 51300000.0
    },
    "2025-09-30": {
        "Tax Effect Of Unusual Items": NaN,
        "Tax Rate For Calcs": NaN,
        "Normalized EBITDA": NaN,
        "Net Income From Continuing Operation Net Minority Interest": NaN,
        "Reconciled Depreciation": NaN,
        "Reconciled Cost Of Revenue": NaN,
        "EBITDA": NaN,
        "EBIT": NaN,
        "Net Interest Income": NaN,
        "Interest Expense": NaN,
        "Interest Income": NaN,
        "Normalized Income": NaN,
        "Net Income From Continuing And Discontinued Operation": NaN,
        "Total Expenses": NaN,
        "Total Operating Income As Reported": NaN,
        "Diluted Average Shares": 29622101.0,
        "Basic Average Shares": 29622101.0,
        "Diluted EPS": -0.38,
        "Basic EPS": -0.38,
        "Diluted NI Availto Com Stockholders": NaN,
        "Net Income Common Stockholders": NaN,
        "Net Income": NaN,
        "Net Income Including Noncontrolling Interests": NaN,
        "Net Income Continuous Operations": NaN,
        "Tax Provision": NaN,
        "Pretax Income": NaN,
        "Other Income Expense": NaN,
        "Other Non Operating Income Expenses": NaN,
        "Net Non Operating Interest Income Expense": NaN,
        "Interest Expense Non Operating": NaN,
        "Interest Income Non Operating": NaN,
        "Operating Income": NaN,
        "Operating Expense": NaN,
        "Research And Development": NaN,
        "Selling General And Administration": NaN,
        "Gross Profit": NaN,
        "Cost Of Revenue": NaN,
        "Total Revenue": NaN,
        "Operating Revenue": NaN
    }
}