{
    "2023-04-30": {
        "Tax Effect Of Unusual Items": -313320.0,
        "Tax Rate For Calcs": 0.21,
        "Normalized EBITDA": -27226000.0,
        "Total Unusual Items": -1492000.0,
        "Total Unusual Items Excluding Goodwill": -1492000.0,
        "Net Income From Continuing Operation Net Minority Interest": -46731000.0,
        "Reconciled Depreciation": 4758000.0,
        "Reconciled Cost Of Revenue": 73682000.0,
        "EBITDA": -28718000.0,
        "EBIT": -33476000.0,
        "Net Interest Income": -6284000.0,
        "Interest Expense": 6284000.0,
        "Normalized Income": -45552320.0,
        "Net Income From Continuing And Discontinued Operation": -46731000.0,
        "Total Expenses": 318605000.0,
        "Total Operating Income As Reported": -40156000.0,
        "Diluted Average Shares": 96978043.0,
        "Basic Average Shares": 96978043.0,
        "Diluted EPS": -0.48,
        "Basic EPS": -0.48,
        "Diluted NI Availto Com Stockholders": -46731000.0,
        "Net Income Common Stockholders": -46731000.0,
        "Net Income": -46731000.0,
        "Net Income Including Noncontrolling Interests": -46731000.0,
        "Net Income Continuous Operations": -46731000.0,
        "Tax Provision": 6971000.0,
        "Pretax Income": -39760000.0,
        "Other Income Expense": 5188000.0,
        "Other Non Operating Income Expenses": 6680000.0,
        "Special Income Charges": -1492000.0,
        "Restructuring And Mergern Acquisition": 1492000.0,
        "Net Non Operating Interest Income Expense": -6284000.0,
        "Interest Expense Non Operating": 6284000.0,
        "Operating Income": -38664000.0,
        "Operating Expense": 244923000.0,
        "Research And Development": 81765000.0,
        "Selling General And Administration": 163158000.0,
        "Selling And Marketing Expense": 123635000.0,
        "General And Administrative Expense": 39523000.0,
        "Other Gand A": 39523000.0,
        "Gross Profit": 206259000.0,
        "Cost Of Revenue": 73682000.0,
        "Total Revenue": 279941000.0,
        "Operating Revenue": 279941000.0
    },
    "2023-01-31": {
        "Tax Effect Of Unusual Items": NaN,
        "Tax Rate For Calcs": NaN,
        "Normalized EBITDA": NaN,
        "Total Unusual Items": NaN,
        "Total Unusual Items Excluding Goodwill": NaN,
        "Net Income From Continuing Operation Net Minority Interest": NaN,
        "Reconciled Depreciation": NaN,
        "Reconciled Cost Of Revenue": NaN,
        "EBITDA": NaN,
        "EBIT": NaN,
        "Net Interest Income": NaN,
        "Interest Expense": NaN,
        "Normalized Income": NaN,
        "Net Income From Continuing And Discontinued Operation": NaN,
        "Total Expenses": NaN,
        "Total Operating Income As Reported": NaN,
        "Diluted Average Shares": 96052025.0,
        "Basic Average Shares": 96052025.0,
        "Diluted EPS": -0.76,
        "Basic EPS": -0.76,
        "Diluted NI Availto Com Stockholders": NaN,
        "Net Income Common Stockholders": NaN,
        "Net Income": NaN,
        "Net Income Including Noncontrolling Interests": NaN,
        "Net Income Continuous Operations": NaN,
        "Tax Provision": NaN,
        "Pretax Income": NaN,
        "Other Income Expense": NaN,
        "Other Non Operating Income Expenses": NaN,
        "Special Income Charges": NaN,
        "Restructuring And Mergern Acquisition": NaN,
        "Net Non Operating Interest Income Expense": NaN,
        "Interest Expense Non Operating": NaN,
        "Operating Income": NaN,
        "Operating Expense": NaN,
        "Research And Development": NaN,
        "Selling General And Administration": NaN,
        "Selling And Marketing Expense": NaN,
        "General And Administrative Expense": NaN,
        "Other Gand A": NaN,
        "Gross Profit": NaN,
        "Cost Of Revenue": NaN,
        "Total Revenue": NaN,
        "Operating Revenue": NaN
    },
    "2022-10-31": {
        "Tax Effect Of Unusual Items": 0.0,
        "Tax Rate For Calcs": 0.21,
        "Normalized EBITDA": -28837000.0,
        "Total Unusual Items": 0.0,
        "Total Unusual Items Excluding Goodwill": 0.0,
        "Net Income From Continuing Operation Net Minority Interest": -47305000.0,
        "Reconciled Depreciation": 5216000.0,
        "Reconciled Cost Of Revenue": 74757000.0,
        "EBITDA": -28837000.0,
        "EBIT": -34053000.0,
        "Net Interest Income": -6209000.0,
        "Interest Expense": 6209000.0,
        "Normalized Income": -47305000.0,
        "Net Income From Continuing And Discontinued Operation": -47305000.0,
        "Total Expenses": 313429000.0,
        "Total Operating Income As Reported": -49028000.0,
        "Diluted Average Shares": 95307146.0,
        "Basic Average Shares": 95307146.0,
        "Diluted EPS": -0.5,
        "Basic EPS": -0.5,
        "Diluted NI Availto Com Stockholders": -47305000.0,
        "Net Income Common Stockholders": -47305000.0,
        "Net Income": -47305000.0,
        "Net Income Including Noncontrolling Interests": -47305000.0,
        "Net Income Continuous Operations": -47305000.0,
        "Tax Provision": 7043000.0,
        "Pretax Income": -40262000.0,
        "Other Income Expense": 14975000.0,
        "Other Non Operating Income Expenses": 14975000.0,
        "Special Income Charges": 0.0,
        "Restructuring And Mergern Acquisition": 0.0,
        "Net Non Operating Interest Income Expense": -6209000.0,
        "Interest Expense Non Operating": 6209000.0,
        "Operating Income": -49028000.0,
        "Operating Expense": 238672000.0,
        "Research And Development": 75568000.0,
        "Selling General And Administration": 163104000.0,
        "Selling And Marketing Expense": 128179000.0,
        "General And Administrative Expense": 34925000.0,
        "Other Gand A": 34925000.0,
        "Gross Profit": 189644000.0,
        "Cost Of Revenue": 74757000.0,
        "Total Revenue": 264401000.0,
        "Operating Revenue": 264401000.0
    },
    "2022-07-31": {
        "Tax Effect Of Unusual Items": 0.0,
        "Tax Rate For Calcs": 0.4,
        "Normalized EBITDA": -55088000.0,
        "Total Unusual Items": NaN,
        "Total Unusual Items Excluding Goodwill": NaN,
        "Net Income From Continuing Operation Net Minority Interest": -69551000.0,
        "Reconciled Depreciation": 5214000.0,
        "Reconciled Cost Of Revenue": 72979000.0,
        "EBITDA": -55088000.0,
        "EBIT": -60302000.0,
        "Net Interest Income": -6401000.0,
        "Interest Expense": 6401000.0,
        "Normalized Income": -69551000.0,
        "Net Income From Continuing And Discontinued Operation": -69551000.0,
        "Total Expenses": 310722000.0,
        "Total Operating Income As Reported": -60641000.0,
        "Diluted Average Shares": 94621365.0,
        "Basic Average Shares": 94621365.0,
        "Diluted EPS": -0.74,
        "Basic EPS": -0.74,
        "Diluted NI Availto Com Stockholders": -69551000.0,
        "Net Income Common Stockholders": -69551000.0,
        "Net Income": -69551000.0,
        "Net Income Including Noncontrolling Interests": -69551000.0,
        "Net Income Continuous Operations": -69551000.0,
        "Tax Provision": 2848000.0,
        "Pretax Income": -66703000.0,
        "Other Income Expense": 339000.0,
        "Other Non Operating Income Expenses": 339000.0,
        "Special Income Charges": NaN,
        "Restructuring And Mergern Acquisition": NaN,
        "Net Non Operating Interest Income Expense": -6401000.0,
        "Interest Expense Non Operating": 6401000.0,
        "Operating Income": -60641000.0,
        "Operating Expense": 237743000.0,
        "Research And Development": 78649000.0,
        "Selling General And Administration": 159094000.0,
        "Selling And Marketing Expense": 125006000.0,
        "General And Administrative Expense": 34088000.0,
        "Other Gand A": 34088000.0,
        "Gross Profit": 177102000.0,
        "Cost Of Revenue": 72979000.0,
        "Total Revenue": 250081000.0,
        "Operating Revenue": 250081000.0
    },
    "2022-04-30": {
        "Diluted EPS": -0.7,
        "Total Revenue": 239,
        "Gross Profit": 172,
        "Operating Income": -60,
        "EBIT": -37,
        "Net Income": -66
    },
    "2022-01-31": {
        "Diluted EPS": -0.61,
        "Total Revenue": 224,
        "Gross Profit": 163,
        "Operating Income": -46,
        "EBIT": -26,
        "Net Income": -57
    },
    "2021-10-31": {
        "Diluted EPS": -0.51,
        "Total Revenue": 206,
        "Gross Profit": 152,
        "Operating Income": -37,
        "EBIT": -17,
        "Net Income": -47
    },
    "2021-07-31": {
        "Diluted EPS": -0.38,
        "Total Revenue": 193,
        "Gross Profit": 143,
        "Operating Income": -31,
        "EBIT": -13,
        "Net Income": -34
    },
    "2021-04-30": {
        "Diluted EPS": -0.48,
        "Total Revenue": 178,
        "Gross Profit": 132,
        "Operating Income": -37,
        "EBIT": -20,
        "Net Income": -43
    },
    "2021-01-31": {
        "Diluted EPS": -0.43,
        "Total Revenue": 157,
        "Gross Profit": 115,
        "Operating Income": -34,
        "EBIT": -20,
        "Net Income": -38
    },
    "2020-10-31": {
        "Diluted EPS": -0.34,
        "Total Revenue": 145,
        "Gross Profit": 106,
        "Operating Income": -28,
        "EBIT": -15,
        "Net Income": -29
    },
    "2020-07-31": {
        "Diluted EPS": -0.23,
        "Total Revenue": 129,
        "Gross Profit": 94,
        "Operating Income": -30,
        "EBIT": -16,
        "Net Income": -19
    },
    "2020-04-30": {
        "Diluted EPS": -0.37,
        "Total Revenue": 124,
        "Gross Profit": 89,
        "Operating Income": -35,
        "EBIT": -23,
        "Net Income": -31
    },
    "2020-01-31": {
        "Diluted EPS": -0.55,
        "Total Revenue": 113,
        "Gross Profit": 80,
        "Operating Income": -42,
        "EBIT": -30,
        "Net Income": -44
    },
    "2019-10-31": {
        "Diluted EPS": -0.64,
        "Total Revenue": 101,
        "Gross Profit": 72,
        "Operating Income": -52,
        "EBIT": -43,
        "Net Income": -50
    },
    "2019-07-31": {
        "Diluted EPS": -0.56,
        "Total Revenue": 90,
        "Gross Profit": 63,
        "Operating Income": -42,
        "EBIT": -34,
        "Net Income": -42
    },
    "2019-04-30": {
        "Diluted EPS": -0.37,
        "Total Revenue": 81,
        "Gross Profit": 57,
        "Operating Income": -32,
        "EBIT": -24,
        "Net Income": -35
    },
    "2019-01-31": {
        "Diluted EPS": -0.3,
        "Total Revenue": 71,
        "Gross Profit": 50,
        "Operating Income": -24,
        "EBIT": -17,
        "Net Income": -21
    },
    "2018-10-31": {
        "Diluted EPS": -0.63,
        "Total Revenue": 64,
        "Gross Profit": 45,
        "Operating Income": -27,
        "EBIT": -21,
        "Net Income": -28
    },
    "2018-07-31": {
        "Diluted EPS": -0.56,
        "Total Revenue": 57,
        "Gross Profit": 41,
        "Operating Income": -18,
        "EBIT": -13,
        "Net Income": -19
    },
    "2018-04-30": {
        "Diluted EPS": 0.0,
        "Total Revenue": NaN,
        "Gross Profit": NaN,
        "Operating Income": NaN,
        "EBIT": NaN,
        "Net Income": NaN
    },
    "2018-01-31": {
        "Diluted EPS": -0.41,
        "Total Revenue": 42,
        "Gross Profit": 31,
        "Operating Income": -12,
        "EBIT": -8,
        "Net Income": -13
    },
    "2017-10-31": {
        "Diluted EPS": -0.25,
        "Total Revenue": 37,
        "Gross Profit": 28,
        "Operating Income": -7,
        "EBIT": -7,
        "Net Income": -8
    },
    "2017-04-30": {
        "Diluted EPS": 0.0,
        "Total Revenue": NaN,
        "Gross Profit": NaN,
        "Operating Income": NaN,
        "EBIT": NaN,
        "Net Income": NaN
    },
    "2023-07-31": {
        "Tax Effect Of Unusual Items": -152250.0,
        "Tax Rate For Calcs": 0.21,
        "Normalized EBITDA": -23169000.0,
        "Total Unusual Items": -725000.0,
        "Total Unusual Items Excluding Goodwill": -725000.0,
        "Net Income From Continuing Operation Net Minority Interest": -48508000.0,
        "Reconciled Depreciation": 5053000.0,
        "Reconciled Cost Of Revenue": 77477000.0,
        "EBITDA": -23894000.0,
        "EBIT": -28947000.0,
        "Net Interest Income": -6306000.0,
        "Interest Expense": 6306000.0,
        "Normalized Income": -47935250.0,
        "Net Income From Continuing And Discontinued Operation": -48508000.0,
        "Total Expenses": 329275000.0,
        "Total Operating Income As Reported": -36247000.0,
        "Diluted Average Shares": 97942049.0,
        "Basic Average Shares": 97942049.0,
        "Diluted EPS": -0.5,
        "Basic EPS": -0.5,
        "Diluted NI Availto Com Stockholders": -48508000.0,
        "Net Income Common Stockholders": -48508000.0,
        "Net Income": -48508000.0,
        "Net Income Including Noncontrolling Interests": -48508000.0,
        "Net Income Continuous Operations": -48508000.0,
        "Tax Provision": 13255000.0,
        "Pretax Income": -35253000.0,
        "Other Income Expense": 6575000.0,
        "Other Non Operating Income Expenses": 7300000.0,
        "Special Income Charges": -725000.0,
        "Restructuring And Mergern Acquisition": 725000.0,
        "Net Non Operating Interest Income Expense": -6306000.0,
        "Interest Expense Non Operating": 6306000.0,
        "Operating Income": -35522000.0,
        "Operating Expense": 251798000.0,
        "Research And Development": 80690000.0,
        "Selling General And Administration": 171108000.0,
        "Selling And Marketing Expense": 133169000.0,
        "General And Administrative Expense": 37939000.0,
        "Other Gand A": 37939000.0,
        "Gross Profit": 216276000.0,
        "Cost Of Revenue": 77477000.0,
        "Total Revenue": 293753000.0,
        "Operating Revenue": 293753000.0
    },
    "2023-10-31": {
        "Tax Effect Of Unusual Items": -6090.0,
        "Tax Rate For Calcs": 0.21,
        "Normalized EBITDA": -8543000.0,
        "Total Unusual Items": -29000.0,
        "Total Unusual Items Excluding Goodwill": -29000.0,
        "Net Income From Continuing Operation Net Minority Interest": -24796000.0,
        "Reconciled Depreciation": 4728000.0,
        "Reconciled Cost Of Revenue": 80089000.0,
        "EBITDA": -8572000.0,
        "EBIT": -13300000.0,
        "Net Interest Income": -6349000.0,
        "Interest Expense": 6349000.0,
        "Normalized Income": -24773090.0,
        "Net Income From Continuing And Discontinued Operation": -24796000.0,
        "Total Expenses": 332122000.0,
        "Total Operating Income As Reported": -21539000.0,
        "Diluted Average Shares": 99073401.0,
        "Basic Average Shares": 99073401.0,
        "Diluted EPS": -0.25,
        "Basic EPS": -0.25,
        "Diluted NI Availto Com Stockholders": -24796000.0,
        "Net Income Common Stockholders": -24796000.0,
        "Net Income": -24796000.0,
        "Net Income Including Noncontrolling Interests": -24796000.0,
        "Net Income Continuous Operations": -24796000.0,
        "Tax Provision": 5147000.0,
        "Pretax Income": -19649000.0,
        "Other Income Expense": 8210000.0,
        "Other Non Operating Income Expenses": 8239000.0,
        "Special Income Charges": -29000.0,
        "Restructuring And Mergern Acquisition": 29000.0,
        "Net Non Operating Interest Income Expense": -6349000.0,
        "Interest Expense Non Operating": 6349000.0,
        "Operating Income": -21510000.0,
        "Operating Expense": 252033000.0,
        "Research And Development": 80108000.0,
        "Selling General And Administration": 171925000.0,
        "Selling And Marketing Expense": 133230000.0,
        "General And Administrative Expense": 38695000.0,
        "Other Gand A": 38695000.0,
        "Gross Profit": 230523000.0,
        "Cost Of Revenue": 80089000.0,
        "Total Revenue": 310612000.0,
        "Operating Revenue": 310612000.0
    },
    "2024-01-31": {
        "Tax Effect Of Unusual Items": 0.0,
        "Tax Rate For Calcs": 0.21,
        "Normalized EBITDA": -13764000.0,
        "Total Unusual Items": 0.0,
        "Total Unusual Items Excluding Goodwill": 0.0,
        "Net Income From Continuing Operation Net Minority Interest": 176124000.0,
        "Reconciled Depreciation": 4072000.0,
        "Reconciled Cost Of Revenue": 84642000.0,
        "EBITDA": -13764000.0,
        "EBIT": -17836000.0,
        "Net Interest Income": -6368000.0,
        "Interest Expense": 6368000.0,
        "Normalized Income": 176124000.0,
        "Net Income From Continuing And Discontinued Operation": 176124000.0,
        "Total Expenses": 354361000.0,
        "Total Operating Income As Reported": -26404000.0,
        "Diluted Average Shares": 104503290.0,
        "Basic Average Shares": 100282179.0,
        "Diluted EPS": 1.69,
        "Basic EPS": 1.76,
        "Diluted NI Availto Com Stockholders": 176124000.0,
        "Net Income Common Stockholders": 176124000.0,
        "Net Income": 176124000.0,
        "Net Income Including Noncontrolling Interests": 176124000.0,
        "Net Income Continuous Operations": 176124000.0,
        "Tax Provision": -200328000.0,
        "Pretax Income": -24204000.0,
        "Other Income Expense": 8568000.0,
        "Other Non Operating Income Expenses": 8568000.0,
        "Special Income Charges": 0.0,
        "Restructuring And Mergern Acquisition": 0.0,
        "Net Non Operating Interest Income Expense": -6368000.0,
        "Interest Expense Non Operating": 6368000.0,
        "Operating Income": -26404000.0,
        "Operating Expense": 269719000.0,
        "Research And Development": 87202000.0,
        "Selling General And Administration": 182517000.0,
        "Selling And Marketing Expense": 141621000.0,
        "General And Administrative Expense": 40896000.0,
        "Other Gand A": 40896000.0,
        "Gross Profit": 243315000.0,
        "Cost Of Revenue": 84642000.0,
        "Total Revenue": 327957000.0,
        "Operating Revenue": 327957000.0
    },
    "2024-04-30": {
        "Tax Effect Of Unusual Items": -243199.312715,
        "Tax Rate For Calcs": 0.058419,
        "Normalized EBITDA": -28232000.0,
        "Total Unusual Items": -4163000.0,
        "Total Unusual Items Excluding Goodwill": -4163000.0,
        "Net Income From Continuing Operation Net Minority Interest": -41100000.0,
        "Reconciled Depreciation": 4146000.0,
        "Reconciled Cost Of Revenue": 87871000.0,
        "EBITDA": -32395000.0,
        "EBIT": -36541000.0,
        "Net Interest Income": -7109000.0,
        "Interest Expense": 7109000.0,
        "Normalized Income": -37180199.312715,
        "Net Income From Continuing And Discontinued Operation": -41100000.0,
        "Total Expenses": 376548000.0,
        "Total Operating Income As Reported": -45712000.0,
        "Diluted Average Shares": 101323761.0,
        "Basic Average Shares": 101323761.0,
        "Diluted EPS": -0.41,
        "Basic EPS": -0.41,
        "Diluted NI Availto Com Stockholders": -41100000.0,
        "Net Income Common Stockholders": -41100000.0,
        "Net Income": -41100000.0,
        "Net Income Including Noncontrolling Interests": -41100000.0,
        "Net Income Continuous Operations": -41100000.0,
        "Tax Provision": -2550000.0,
        "Pretax Income": -43650000.0,
        "Other Income Expense": 5008000.0,
        "Other Non Operating Income Expenses": 9171000.0,
        "Special Income Charges": -4163000.0,
        "Restructuring And Mergern Acquisition": 4163000.0,
        "Net Non Operating Interest Income Expense": -7109000.0,
        "Interest Expense Non Operating": 7109000.0,
        "Operating Income": -41549000.0,
        "Operating Expense": 288677000.0,
        "Research And Development": 93951000.0,
        "Selling General And Administration": 194726000.0,
        "Selling And Marketing Expense": 151628000.0,
        "General And Administrative Expense": 43098000.0,
        "Other Gand A": 43098000.0,
        "Gross Profit": 247128000.0,
        "Cost Of Revenue": 87871000.0,
        "Total Revenue": 334999000.0,
        "Operating Revenue": 334999000.0
    },
    "2024-07-31": {
        "Tax Effect Of Unusual Items": -29190.0,
        "Tax Rate For Calcs": 0.21,
        "Normalized EBITDA": -18318000.0,
        "Total Unusual Items": -139000.0,
        "Total Unusual Items Excluding Goodwill": -139000.0,
        "Net Income From Continuing Operation Net Minority Interest": -49227000.0,
        "Reconciled Depreciation": 4173000.0,
        "Reconciled Cost Of Revenue": 91757000.0,
        "EBITDA": -18457000.0,
        "EBIT": -22630000.0,
        "Net Interest Income": -6526000.0,
        "Interest Expense": 6526000.0,
        "Normalized Income": -49117190.0,
        "Net Income From Continuing And Discontinued Operation": -49227000.0,
        "Total Expenses": 381119000.0,
        "Total Operating Income As Reported": -33838000.0,
        "Diluted Average Shares": 102284435.0,
        "Basic Average Shares": 102284435.0,
        "Diluted EPS": -0.48,
        "Basic EPS": -0.48,
        "Diluted NI Availto Com Stockholders": -49227000.0,
        "Net Income Common Stockholders": -49227000.0,
        "Net Income": -49227000.0,
        "Net Income Including Noncontrolling Interests": -49227000.0,
        "Net Income Continuous Operations": -49227000.0,
        "Tax Provision": 20071000.0,
        "Pretax Income": -29156000.0,
        "Other Income Expense": 11069000.0,
        "Other Non Operating Income Expenses": 11208000.0,
        "Special Income Charges": -139000.0,
        "Restructuring And Mergern Acquisition": 139000.0,
        "Net Non Operating Interest Income Expense": -6526000.0,
        "Interest Expense Non Operating": 6526000.0,
        "Operating Income": -33699000.0,
        "Operating Expense": 289362000.0,
        "Research And Development": 89332000.0,
        "Selling General And Administration": 200030000.0,
        "Selling And Marketing Expense": 157357000.0,
        "General And Administrative Expense": 42673000.0,
        "Other Gand A": 42673000.0,
        "Gross Profit": 255663000.0,
        "Cost Of Revenue": 91757000.0,
        "Total Revenue": 347420000.0,
        "Operating Revenue": 347420000.0
    },
    "2024-10-31": {
        "Tax Effect Of Unusual Items": -18060.0,
        "Tax Rate For Calcs": 0.21,
        "Normalized EBITDA": 8331000.0,
        "Total Unusual Items": -86000.0,
        "Total Unusual Items Excluding Goodwill": -86000.0,
        "Net Income From Continuing Operation Net Minority Interest": -25450000.0,
        "Reconciled Depreciation": 3565000.0,
        "Reconciled Cost Of Revenue": 93179000.0,
        "EBITDA": 8245000.0,
        "EBIT": 4680000.0,
        "Net Interest Income": -6462000.0,
        "Interest Expense": 6462000.0,
        "Normalized Income": -25382060.0,
        "Net Income From Continuing And Discontinued Operation": -25450000.0,
        "Total Expenses": 369701000.0,
        "Total Operating Income As Reported": -4426000.0,
        "Diluted Average Shares": 103238740.0,
        "Basic Average Shares": 103238740.0,
        "Diluted EPS": -0.25,
        "Basic EPS": -0.25,
        "Diluted NI Availto Com Stockholders": -25450000.0,
        "Net Income Common Stockholders": -25450000.0,
        "Net Income": -25450000.0,
        "Net Income Including Noncontrolling Interests": -25450000.0,
        "Net Income Continuous Operations": -25450000.0,
        "Tax Provision": 23668000.0,
        "Pretax Income": -1782000.0,
        "Other Income Expense": 9020000.0,
        "Other Non Operating Income Expenses": 9106000.0,
        "Special Income Charges": -86000.0,
        "Restructuring And Mergern Acquisition": 86000.0,
        "Net Non Operating Interest Income Expense": -6462000.0,
        "Interest Expense Non Operating": 6462000.0,
        "Operating Income": -4340000.0,
        "Operating Expense": 276522000.0,
        "Research And Development": 88163000.0,
        "Selling General And Administration": 188359000.0,
        "Selling And Marketing Expense": 144274000.0,
        "General And Administrative Expense": 44085000.0,
        "Other Gand A": 44085000.0,
        "Gross Profit": 272182000.0,
        "Cost Of Revenue": 93179000.0,
        "Total Revenue": 365361000.0,
        "Operating Revenue": 365361000.0
    },
    "2025-01-31": {
        "Tax Effect Of Unusual Items": 0.0,
        "Tax Rate For Calcs": 0.4,
        "Normalized EBITDA": 12832000.0,
        "Total Unusual Items": 0.0,
        "Total Unusual Items Excluding Goodwill": 0.0,
        "Net Income From Continuing Operation Net Minority Interest": -17056000.0,
        "Reconciled Depreciation": 2286000.0,
        "Reconciled Cost Of Revenue": 97152000.0,
        "EBITDA": 12832000.0,
        "EBIT": 10546000.0,
        "Net Interest Income": -6475000.0,
        "Interest Expense": 6475000.0,
        "Normalized Income": -17056000.0,
        "Net Income From Continuing And Discontinued Operation": -17056000.0,
        "Total Expenses": 386721000.0,
        "Total Operating Income As Reported": -4638000.0,
        "Diluted Average Shares": 104085183.0,
        "Basic Average Shares": 104085183.0,
        "Diluted EPS": -0.16,
        "Basic EPS": -0.16,
        "Diluted NI Availto Com Stockholders": -17056000.0,
        "Net Income Common Stockholders": -17056000.0,
        "Net Income": -17056000.0,
        "Net Income Including Noncontrolling Interests": -17056000.0,
        "Net Income Continuous Operations": -17056000.0,
        "Tax Provision": 21127000.0,
        "Pretax Income": 4071000.0,
        "Other Income Expense": 15184000.0,
        "Other Non Operating Income Expenses": 15184000.0,
        "Special Income Charges": 0.0,
        "Restructuring And Mergern Acquisition": 0.0,
        "Net Non Operating Interest Income Expense": -6475000.0,
        "Interest Expense Non Operating": 6475000.0,
        "Operating Income": -4638000.0,
        "Operating Expense": 289569000.0,
        "Research And Development": 93598000.0,
        "Selling General And Administration": 195971000.0,
        "Selling And Marketing Expense": 153749000.0,
        "General And Administrative Expense": 42222000.0,
        "Other Gand A": 42222000.0,
        "Gross Profit": 284931000.0,
        "Cost Of Revenue": 97152000.0,
        "Total Revenue": 382083000.0,
        "Operating Revenue": 382083000.0
    }
}