{
    "2023-03-31": {
        "Tax Effect Of Unusual Items": -6194772.602374,
        "Tax Rate For Calcs": 0.17747,
        "Normalized EBITDA": 273324000.0,
        "Total Unusual Items": -34906000.0,
        "Total Unusual Items Excluding Goodwill": -34906000.0,
        "Net Income From Continuing Operation Net Minority Interest": 60548000.0,
        "Reconciled Depreciation": 110750000.0,
        "Reconciled Cost Of Revenue": 231881000.0,
        "EBITDA": 238418000.0,
        "EBIT": 127668000.0,
        "Net Interest Income": -22856000.0,
        "Interest Expense": 22856000.0,
        "Normalized Income": 89259227.397626,
        "Net Income From Continuing And Discontinued Operation": 60548000.0,
        "Total Expenses": 250555000.0,
        "Total Operating Income As Reported": 159248000.0,
        "Diluted Average Shares": 107525017.0,
        "Basic Average Shares": 105972734.0,
        "Diluted EPS": 0.56,
        "Basic EPS": 0.57,
        "Diluted NI Availto Com Stockholders": 60548000.0,
        "Net Income Common Stockholders": 60548000.0,
        "Net Income": 60548000.0,
        "Minority Interests": -25663000.0,
        "Net Income Including Noncontrolling Interests": 86211000.0,
        "Net Income Continuous Operations": 86211000.0,
        "Tax Provision": 18601000.0,
        "Pretax Income": 104812000.0,
        "Other Income Expense": -34913000.0,
        "Other Non Operating Income Expenses": -7000.0,
        "Special Income Charges": -8442000.0,
        "Gain On Sale Of Ppe": -3140000.0,
        "Write Off": 5109000.0,
        "Impairment Of Capital Assets": NaN,
        "Restructuring And Mergern Acquisition": 193000.0,
        "Gain On Sale Of Security": -26464000.0,
        "Net Non Operating Interest Income Expense": -22856000.0,
        "Interest Expense Non Operating": 22856000.0,
        "Operating Income": 162581000.0,
        "Operating Expense": 18674000.0,
        "Other Operating Expenses": 1095000.0,
        "Selling General And Administration": 17579000.0,
        "General And Administrative Expense": 17579000.0,
        "Other Gand A": 12961000.0,
        "Salaries And Wages": 4618000.0,
        "Gross Profit": 181255000.0,
        "Cost Of Revenue": 231881000.0,
        "Total Revenue": 413136000.0,
        "Operating Revenue": 413136000.0
    },
    "2022-12-31": {
        "Tax Effect Of Unusual Items": 3556165.085564,
        "Tax Rate For Calcs": 0.187552,
        "Normalized EBITDA": 232829000.0,
        "Total Unusual Items": 18961000.0,
        "Total Unusual Items Excluding Goodwill": 18961000.0,
        "Net Income From Continuing Operation Net Minority Interest": 129622000.0,
        "Reconciled Depreciation": 110144000.0,
        "Reconciled Cost Of Revenue": 228010000.0,
        "EBITDA": 251790000.0,
        "EBIT": 251790000.0,
        "Net Interest Income": -23890000.0,
        "Interest Expense": 23890000.0,
        "Normalized Income": 114217165.085564,
        "Net Income From Continuing And Discontinued Operation": 129622000.0,
        "Total Expenses": 262555000.0,
        "Total Operating Income As Reported": 235370000.0,
        "Diluted Average Shares": 106778306.0,
        "Basic Average Shares": 105945447.0,
        "Diluted EPS": 1.2,
        "Basic EPS": 1.23,
        "Diluted NI Availto Com Stockholders": 129622000.0,
        "Net Income Common Stockholders": 129622000.0,
        "Net Income": 129622000.0,
        "Minority Interests": -55535000.0,
        "Net Income Including Noncontrolling Interests": 185157000.0,
        "Net Income Continuous Operations": 185157000.0,
        "Tax Provision": 42743000.0,
        "Pretax Income": 227900000.0,
        "Other Income Expense": 19387000.0,
        "Other Non Operating Income Expenses": 426000.0,
        "Special Income Charges": 2967000.0,
        "Gain On Sale Of Ppe": -903000.0,
        "Write Off": NaN,
        "Impairment Of Capital Assets": NaN,
        "Restructuring And Mergern Acquisition": -3870000.0,
        "Gain On Sale Of Security": 15994000.0,
        "Net Non Operating Interest Income Expense": -23890000.0,
        "Interest Expense Non Operating": 23890000.0,
        "Operating Income": 232403000.0,
        "Operating Expense": 34545000.0,
        "Other Operating Expenses": 941000.0,
        "Selling General And Administration": 33604000.0,
        "General And Administrative Expense": 33604000.0,
        "Other Gand A": 33604000.0,
        "Salaries And Wages": 20257000.0,
        "Gross Profit": 266948000.0,
        "Cost Of Revenue": 228010000.0,
        "Total Revenue": 494958000.0,
        "Operating Revenue": 494958000.0
    },
    "2022-09-30": {
        "Tax Effect Of Unusual Items": 12329808.793041,
        "Tax Rate For Calcs": 0.168185,
        "Normalized EBITDA": 398387000.0,
        "Total Unusual Items": 73311000.0,
        "Total Unusual Items Excluding Goodwill": 73311000.0,
        "Net Income From Continuing Operation Net Minority Interest": 211456000.0,
        "Reconciled Depreciation": 90880000.0,
        "Reconciled Cost Of Revenue": 206928000.0,
        "EBITDA": 471698000.0,
        "EBIT": 380818000.0,
        "Net Interest Income": -20988000.0,
        "Interest Expense": 20988000.0,
        "Normalized Income": 150474808.793041,
        "Net Income From Continuing And Discontinued Operation": 211456000.0,
        "Total Expenses": 224122000.0,
        "Total Operating Income As Reported": 320398000.0,
        "Diluted Average Shares": 109278661.0,
        "Basic Average Shares": 105254778.0,
        "Diluted EPS": 1.94,
        "Basic EPS": 2.01,
        "Diluted NI Availto Com Stockholders": 211456000.0,
        "Net Income Common Stockholders": 211456000.0,
        "Net Income": 211456000.0,
        "Minority Interests": -87856000.0,
        "Net Income Including Noncontrolling Interests": 299312000.0,
        "Net Income Continuous Operations": 299312000.0,
        "Tax Provision": 60518000.0,
        "Pretax Income": 359830000.0,
        "Other Income Expense": 73445000.0,
        "Other Non Operating Income Expenses": 134000.0,
        "Special Income Charges": 13025000.0,
        "Gain On Sale Of Ppe": 14803000.0,
        "Write Off": NaN,
        "Impairment Of Capital Assets": NaN,
        "Restructuring And Mergern Acquisition": 1778000.0,
        "Gain On Sale Of Security": 60286000.0,
        "Net Non Operating Interest Income Expense": -20988000.0,
        "Interest Expense Non Operating": 20988000.0,
        "Operating Income": 307373000.0,
        "Operating Expense": 17194000.0,
        "Other Operating Expenses": 3006000.0,
        "Selling General And Administration": 14188000.0,
        "General And Administrative Expense": 14188000.0,
        "Other Gand A": 10866000.0,
        "Salaries And Wages": 3322000.0,
        "Gross Profit": 324567000.0,
        "Cost Of Revenue": 206928000.0,
        "Total Revenue": 531495000.0,
        "Operating Revenue": 531495000.0
    },
    "2022-06-30": {
        "Tax Effect Of Unusual Items": -4666010.726467,
        "Tax Rate For Calcs": 0.094253,
        "Normalized EBITDA": 373306000.0,
        "Total Unusual Items": -49505000.0,
        "Total Unusual Items Excluding Goodwill": -49505000.0,
        "Net Income From Continuing Operation Net Minority Interest": 144885000.0,
        "Reconciled Depreciation": 66463000.0,
        "Reconciled Cost Of Revenue": 151172000.0,
        "EBITDA": 323801000.0,
        "EBIT": 257338000.0,
        "Net Interest Income": -16625000.0,
        "Interest Expense": 16625000.0,
        "Normalized Income": 189723989.273533,
        "Net Income From Continuing And Discontinued Operation": 144885000.0,
        "Total Expenses": 165957000.0,
        "Total Operating Income As Reported": 306996000.0,
        "Diluted Average Shares": 102410036.0,
        "Basic Average Shares": 78291037.0,
        "Diluted EPS": 1.46,
        "Basic EPS": 1.85,
        "Diluted NI Availto Com Stockholders": 144885000.0,
        "Net Income Common Stockholders": 144885000.0,
        "Net Income": 144885000.0,
        "Minority Interests": -73140000.0,
        "Net Income Including Noncontrolling Interests": 218025000.0,
        "Net Income Continuous Operations": 218025000.0,
        "Tax Provision": 22688000.0,
        "Pretax Income": 240713000.0,
        "Other Income Expense": -49256000.0,
        "Other Non Operating Income Expenses": 249000.0,
        "Special Income Charges": 402000.0,
        "Gain On Sale Of Ppe": 0.0,
        "Write Off": NaN,
        "Impairment Of Capital Assets": NaN,
        "Restructuring And Mergern Acquisition": -402000.0,
        "Gain On Sale Of Security": -49907000.0,
        "Net Non Operating Interest Income Expense": -16625000.0,
        "Interest Expense Non Operating": 16625000.0,
        "Operating Income": 306594000.0,
        "Operating Expense": 14785000.0,
        "Other Operating Expenses": 708000.0,
        "Selling General And Administration": 14077000.0,
        "General And Administrative Expense": 14077000.0,
        "Other Gand A": 8117000.0,
        "Salaries And Wages": 5960000.0,
        "Gross Profit": 321379000.0,
        "Cost Of Revenue": 151172000.0,
        "Total Revenue": 472551000.0,
        "Operating Revenue": 472551000.0
    },
    "2023-06-30": {
        "Tax Effect Of Unusual Items": 1416023.711207,
        "Tax Rate For Calcs": 0.17963,
        "Normalized EBITDA": 224700000.0,
        "Total Unusual Items": 7883000.0,
        "Total Unusual Items Excluding Goodwill": 7883000.0,
        "Net Income From Continuing Operation Net Minority Interest": 58042000.0,
        "Reconciled Depreciation": 109990000.0,
        "Reconciled Cost Of Revenue": 229397000.0,
        "EBITDA": 232583000.0,
        "EBIT": 122593000.0,
        "Net Interest Income": -22092000.0,
        "Interest Expense": 22092000.0,
        "Normalized Income": 51575023.711207,
        "Net Income From Continuing And Discontinued Operation": 58042000.0,
        "Total Expenses": 256117000.0,
        "Total Operating Income As Reported": 162083000.0,
        "Diluted Average Shares": 107336695.0,
        "Basic Average Shares": 106209657.0,
        "Diluted EPS": 0.54,
        "Basic EPS": 0.55,
        "Diluted NI Availto Com Stockholders": 58042000.0,
        "Net Income Common Stockholders": 58042000.0,
        "Net Income": 58042000.0,
        "Minority Interests": -24406000.0,
        "Net Income Including Noncontrolling Interests": 82448000.0,
        "Net Income Continuous Operations": 82448000.0,
        "Tax Provision": 18053000.0,
        "Pretax Income": 100501000.0,
        "Other Income Expense": 8702000.0,
        "Other Non Operating Income Expenses": 819000.0,
        "Special Income Charges": 48192000.0,
        "Gain On Sale Of Ppe": 49254000.0,
        "Write Off": 0.0,
        "Impairment Of Capital Assets": 854000.0,
        "Restructuring And Mergern Acquisition": 208000.0,
        "Gain On Sale Of Security": -40309000.0,
        "Net Non Operating Interest Income Expense": -22092000.0,
        "Interest Expense Non Operating": 22092000.0,
        "Operating Income": 113891000.0,
        "Operating Expense": 26720000.0,
        "Other Operating Expenses": 6728000.0,
        "Selling General And Administration": 19992000.0,
        "General And Administrative Expense": 19992000.0,
        "Other Gand A": 12157000.0,
        "Salaries And Wages": 7835000.0,
        "Gross Profit": 140611000.0,
        "Cost Of Revenue": 229397000.0,
        "Total Revenue": 370008000.0,
        "Operating Revenue": 370008000.0
    },
    "2022-03-31": {
        "Diluted EPS": -0.53,
        "Total Revenue": 196,
        "Gross Profit": 161,
        "Operating Income": 103,
        "EBIT": 138,
        "Net Income": -33
    },
    "2021-12-31": {
        "Diluted EPS": 0.85,
        "Total Revenue": 144,
        "Gross Profit": 121,
        "Operating Income": 74,
        "EBIT": 103,
        "Net Income": 40
    },
    "2021-09-30": {
        "Diluted EPS": 0.2,
        "Total Revenue": 110,
        "Gross Profit": 90,
        "Operating Income": 55,
        "EBIT": 82,
        "Net Income": 10
    },
    "2021-06-30": {
        "Diluted EPS": -0.2,
        "Total Revenue": 90,
        "Gross Profit": 73,
        "Operating Income": 37,
        "EBIT": 63,
        "Net Income": -9
    },
    "2021-03-31": {
        "Diluted EPS": -0.14,
        "Total Revenue": 76,
        "Gross Profit": 60,
        "Operating Income": 25,
        "EBIT": 49,
        "Net Income": -6
    },
    "2020-12-31": {
        "Diluted EPS": -0.29,
        "Total Revenue": 37,
        "Gross Profit": 27,
        "Operating Income": -5,
        "EBIT": 16,
        "Net Income": -8
    },
    "2020-09-30": {
        "Diluted EPS": -0.18,
        "Total Revenue": 41,
        "Gross Profit": 31,
        "Operating Income": -4,
        "EBIT": 24,
        "Net Income": -5
    },
    "2020-06-30": {
        "Diluted EPS": -0.55,
        "Total Revenue": 22,
        "Gross Profit": 15,
        "Operating Income": -15,
        "EBIT": 8,
        "Net Income": -16
    },
    "2020-03-31": {
        "Diluted EPS": 0.57,
        "Total Revenue": 45,
        "Gross Profit": 33,
        "Operating Income": -60,
        "EBIT": -18,
        "Net Income": 17
    },
    "2019-12-31": {
        "Diluted EPS": -0.09,
        "Total Revenue": 67,
        "Gross Profit": 55,
        "Operating Income": 23,
        "EBIT": 50,
        "Net Income": -3
    },
    "2019-09-30": {
        "Diluted EPS": 0.41,
        "Total Revenue": 39,
        "Gross Profit": 30,
        "Operating Income": 10,
        "EBIT": 24,
        "Net Income": 12
    },
    "2019-06-30": {
        "Diluted EPS": 0.3,
        "Total Revenue": 45,
        "Gross Profit": 34,
        "Operating Income": 12,
        "EBIT": 27,
        "Net Income": 9
    },
    "2019-03-31": {
        "Diluted EPS": -0.6,
        "Total Revenue": 41,
        "Gross Profit": 32,
        "Operating Income": 10,
        "EBIT": 25,
        "Net Income": -17
    },
    "2018-12-31": {
        "Diluted EPS": 1.28,
        "Total Revenue": 41,
        "Gross Profit": 33,
        "Operating Income": -10,
        "EBIT": 4,
        "Net Income": 36
    },
    "2018-09-30": {
        "Diluted EPS": 0.01,
        "Total Revenue": 46,
        "Gross Profit": 39,
        "Operating Income": 24,
        "EBIT": 36,
        "Net Income": 0
    },
    "2018-06-30": {
        "Diluted EPS": 0.02,
        "Total Revenue": 37,
        "Gross Profit": 30,
        "Operating Income": 12,
        "EBIT": 23,
        "Net Income": 1
    },
    "2018-03-31": {
        "Diluted EPS": 0.19,
        "Total Revenue": 41,
        "Gross Profit": 34,
        "Operating Income": 18,
        "EBIT": 28,
        "Net Income": 5
    },
    "2017-12-31": {
        "Diluted EPS": 0.12,
        "Total Revenue": 36,
        "Gross Profit": 29,
        "Operating Income": 12,
        "EBIT": 21,
        "Net Income": 2
    },
    "2017-09-30": {
        "Diluted EPS": 0.07,
        "Total Revenue": 31,
        "Gross Profit": 24,
        "Operating Income": 9,
        "EBIT": 19,
        "Net Income": 2
    },
    "2017-06-30": {
        "Diluted EPS": -0.75,
        "Total Revenue": 26,
        "Gross Profit": 19,
        "Operating Income": -67,
        "EBIT": -57,
        "Net Income": -17
    },
    "2017-03-31": {
        "Diluted EPS": 0.03,
        "Total Revenue": 15,
        "Gross Profit": 10,
        "Operating Income": -3,
        "EBIT": 5,
        "Net Income": 1
    },
    "2016-12-31": {
        "Diluted EPS": -1.6,
        "Total Revenue": 15,
        "Gross Profit": 10,
        "Operating Income": -28,
        "EBIT": -1,
        "Net Income": -33
    },
    "2016-09-30": {
        "Diluted EPS": -0.17,
        "Total Revenue": 11,
        "Gross Profit": 5,
        "Operating Income": -4,
        "EBIT": 1,
        "Net Income": -4
    },
    "2016-06-30": {
        "Diluted EPS": -0.69,
        "Total Revenue": 10,
        "Gross Profit": 6,
        "Operating Income": -6,
        "EBIT": -1,
        "Net Income": -11
    },
    "2016-03-31": {
        "Diluted EPS": -0.46,
        "Total Revenue": 7,
        "Gross Profit": 3,
        "Operating Income": -7,
        "EBIT": -1,
        "Net Income": -6
    },
    "2015-12-31": {
        "Diluted EPS": -8.42,
        "Total Revenue": 6,
        "Gross Profit": 3,
        "Operating Income": -145,
        "EBIT": -134,
        "Net Income": -117
    },
    "2015-09-30": {
        "Diluted EPS": 0.12,
        "Total Revenue": 13,
        "Gross Profit": 8,
        "Operating Income": -3,
        "EBIT": 6,
        "Net Income": 2
    },
    "2015-06-30": {
        "Diluted EPS": -0.05,
        "Total Revenue": 17,
        "Gross Profit": 12,
        "Operating Income": 0,
        "EBIT": 9,
        "Net Income": -1
    },
    "2015-03-31": {
        "Diluted EPS": -0.08,
        "Total Revenue": 11,
        "Gross Profit": 6,
        "Operating Income": -2,
        "EBIT": 4,
        "Net Income": -1
    },
    "2014-12-31": {
        "Diluted EPS": -4.04,
        "Total Revenue": 12,
        "Gross Profit": 9,
        "Operating Income": -19,
        "EBIT": -14,
        "Net Income": -37
    },
    "2014-09-30": {
        "Diluted EPS": 0.46,
        "Total Revenue": 12,
        "Gross Profit": 9,
        "Operating Income": 2,
        "EBIT": 7,
        "Net Income": 4
    },
    "2014-06-30": {
        "Diluted EPS": 0.17,
        "Total Revenue": 12,
        "Gross Profit": 9,
        "Operating Income": 3,
        "EBIT": 7,
        "Net Income": 2
    },
    "2014-03-31": {
        "Diluted EPS": 0.3,
        "Total Revenue": 12,
        "Gross Profit": 9,
        "Operating Income": 4,
        "EBIT": 7,
        "Net Income": 3
    },
    "2013-12-31": {
        "Diluted EPS": 0.54,
        "Total Revenue": 4,
        "Gross Profit": 3,
        "Operating Income": 4,
        "EBIT": 6,
        "Net Income": 1
    },
    "2013-09-30": {
        "Diluted EPS": 0.72,
        "Total Revenue": 5,
        "Gross Profit": 3,
        "Operating Income": 2,
        "EBIT": 3,
        "Net Income": 1
    },
    "2013-06-30": {
        "Diluted EPS": 0.4,
        "Total Revenue": 4,
        "Gross Profit": 2,
        "Operating Income": 1,
        "EBIT": 1,
        "Net Income": 1
    },
    "2013-03-31": {
        "Diluted EPS": 0.0,
        "Total Revenue": NaN,
        "Gross Profit": NaN,
        "Operating Income": NaN,
        "EBIT": NaN,
        "Net Income": NaN
    },
    "2012-12-31": {
        "Diluted EPS": 0.22,
        "Total Revenue": 3,
        "Gross Profit": 2,
        "Operating Income": 3,
        "EBIT": 3,
        "Net Income": 0
    },
    "2012-09-30": {
        "Diluted EPS": 0.28,
        "Total Revenue": 3,
        "Gross Profit": 2,
        "Operating Income": 1,
        "EBIT": 1,
        "Net Income": 0
    },
    "2012-06-30": {
        "Diluted EPS": 0.16,
        "Total Revenue": 2,
        "Gross Profit": 1,
        "Operating Income": 0,
        "EBIT": 0,
        "Net Income": 0
    },
    "2012-03-31": {
        "Diluted EPS": 0.0,
        "Total Revenue": NaN,
        "Gross Profit": NaN,
        "Operating Income": NaN,
        "EBIT": NaN,
        "Net Income": NaN
    },
    "2011-12-31": {
        "Diluted EPS": 0.68,
        "Total Revenue": 4,
        "Gross Profit": 3,
        "Operating Income": 4,
        "EBIT": 4,
        "Net Income": 1
    },
    "2011-09-30": {
        "Diluted EPS": 0.43,
        "Total Revenue": 3,
        "Gross Profit": 2,
        "Operating Income": 1,
        "EBIT": 1,
        "Net Income": 1
    },
    "2011-06-30": {
        "Diluted EPS": 0.39,
        "Total Revenue": 3,
        "Gross Profit": 2,
        "Operating Income": 1,
        "EBIT": 1,
        "Net Income": 1
    },
    "2011-03-31": {
        "Diluted EPS": 0.0,
        "Total Revenue": NaN,
        "Gross Profit": NaN,
        "Operating Income": NaN,
        "EBIT": NaN,
        "Net Income": NaN
    },
    "2010-12-31": {
        "Diluted EPS": 0.04,
        "Total Revenue": 2,
        "Gross Profit": 1,
        "Operating Income": 2,
        "EBIT": 2,
        "Net Income": 0
    },
    "2010-09-30": {
        "Diluted EPS": 0.43,
        "Total Revenue": 2,
        "Gross Profit": 1,
        "Operating Income": 1,
        "EBIT": 1,
        "Net Income": 1
    },
    "2010-06-30": {
        "Diluted EPS": 0.22,
        "Total Revenue": 2,
        "Gross Profit": 1,
        "Operating Income": 0,
        "EBIT": 0,
        "Net Income": 0
    },
    "2010-03-31": {
        "Diluted EPS": 0.0,
        "Total Revenue": NaN,
        "Gross Profit": NaN,
        "Operating Income": NaN,
        "EBIT": NaN,
        "Net Income": NaN
    },
    "2009-12-31": {
        "Diluted EPS": 0.17,
        "Total Revenue": 2,
        "Gross Profit": 1,
        "Operating Income": 2,
        "EBIT": 2,
        "Net Income": 0
    },
    "2009-09-30": {
        "Diluted EPS": 0.2,
        "Total Revenue": 2,
        "Gross Profit": 1,
        "Operating Income": 0,
        "EBIT": 1,
        "Net Income": 0
    },
    "2009-06-30": {
        "Diluted EPS": 0.1,
        "Total Revenue": 1,
        "Gross Profit": 1,
        "Operating Income": 0,
        "EBIT": 0,
        "Net Income": 0
    },
    "2009-03-31": {
        "Diluted EPS": 0.0,
        "Total Revenue": NaN,
        "Gross Profit": NaN,
        "Operating Income": NaN,
        "EBIT": NaN,
        "Net Income": NaN
    }
}