{
    "2023-03-31": {
        "Tax Effect Of Unusual Items": NaN,
        "Tax Rate For Calcs": NaN,
        "Normalized EBITDA": NaN,
        "Total Unusual Items": NaN,
        "Total Unusual Items Excluding Goodwill": NaN,
        "Net Income From Continuing Operation Net Minority Interest": NaN,
        "Reconciled Depreciation": NaN,
        "Reconciled Cost Of Revenue": NaN,
        "EBITDA": NaN,
        "EBIT": NaN,
        "Net Interest Income": NaN,
        "Interest Expense": NaN,
        "Interest Income": NaN,
        "Normalized Income": NaN,
        "Net Income From Continuing And Discontinued Operation": NaN,
        "Total Expenses": NaN,
        "Total Operating Income As Reported": NaN,
        "Diluted Average Shares": 25599000.0,
        "Basic Average Shares": 25477000.0,
        "Diluted EPS": 0.87,
        "Basic EPS": 0.88,
        "Diluted NI Availto Com Stockholders": NaN,
        "Net Income Common Stockholders": NaN,
        "Net Income": NaN,
        "Net Income Including Noncontrolling Interests": NaN,
        "Net Income Continuous Operations": NaN,
        "Tax Provision": NaN,
        "Pretax Income": NaN,
        "Other Income Expense": NaN,
        "Special Income Charges": NaN,
        "Gain On Sale Of Ppe": 655000.0,
        "Restructuring And Mergern Acquisition": NaN,
        "Net Non Operating Interest Income Expense": NaN,
        "Interest Expense Non Operating": NaN,
        "Interest Income Non Operating": NaN,
        "Operating Income": NaN,
        "Operating Expense": NaN,
        "Selling General And Administration": NaN,
        "Gross Profit": NaN,
        "Cost Of Revenue": NaN,
        "Total Revenue": NaN,
        "Operating Revenue": NaN
    },
    "2022-12-31": {
        "Tax Effect Of Unusual Items": NaN,
        "Tax Rate For Calcs": NaN,
        "Normalized EBITDA": NaN,
        "Total Unusual Items": NaN,
        "Total Unusual Items Excluding Goodwill": NaN,
        "Net Income From Continuing Operation Net Minority Interest": NaN,
        "Reconciled Depreciation": NaN,
        "Reconciled Cost Of Revenue": NaN,
        "EBITDA": NaN,
        "EBIT": NaN,
        "Net Interest Income": NaN,
        "Interest Expense": NaN,
        "Interest Income": NaN,
        "Normalized Income": NaN,
        "Net Income From Continuing And Discontinued Operation": NaN,
        "Total Expenses": NaN,
        "Total Operating Income As Reported": NaN,
        "Diluted Average Shares": NaN,
        "Basic Average Shares": NaN,
        "Diluted EPS": NaN,
        "Basic EPS": NaN,
        "Diluted NI Availto Com Stockholders": NaN,
        "Net Income Common Stockholders": NaN,
        "Net Income": NaN,
        "Net Income Including Noncontrolling Interests": NaN,
        "Net Income Continuous Operations": NaN,
        "Tax Provision": NaN,
        "Pretax Income": NaN,
        "Other Income Expense": NaN,
        "Special Income Charges": NaN,
        "Gain On Sale Of Ppe": 654000.0,
        "Restructuring And Mergern Acquisition": NaN,
        "Net Non Operating Interest Income Expense": NaN,
        "Interest Expense Non Operating": NaN,
        "Interest Income Non Operating": NaN,
        "Operating Income": NaN,
        "Operating Expense": NaN,
        "Selling General And Administration": NaN,
        "Gross Profit": NaN,
        "Cost Of Revenue": NaN,
        "Total Revenue": NaN,
        "Operating Revenue": NaN
    },
    "2022-09-30": {
        "Tax Effect Of Unusual Items": 504988.0,
        "Tax Rate For Calcs": 0.253,
        "Normalized EBITDA": 41907000.0,
        "Total Unusual Items": 1996000.0,
        "Total Unusual Items Excluding Goodwill": 1996000.0,
        "Net Income From Continuing Operation Net Minority Interest": 29880000.0,
        "Reconciled Depreciation": 3857000.0,
        "Reconciled Cost Of Revenue": 84914000.0,
        "EBITDA": 43903000.0,
        "EBIT": 40046000.0,
        "Net Interest Income": 341000.0,
        "Interest Expense": 55000.0,
        "Interest Income": 396000.0,
        "Normalized Income": 28388988.0,
        "Net Income From Continuing And Discontinued Operation": 29880000.0,
        "Total Expenses": 176876000.0,
        "Total Operating Income As Reported": 39650000.0,
        "Diluted Average Shares": 25560000.0,
        "Basic Average Shares": 25458000.0,
        "Diluted EPS": 1.17,
        "Basic EPS": 1.17,
        "Diluted NI Availto Com Stockholders": 29880000.0,
        "Net Income Common Stockholders": 29880000.0,
        "Net Income": 29880000.0,
        "Net Income Including Noncontrolling Interests": 29880000.0,
        "Net Income Continuous Operations": 29880000.0,
        "Tax Provision": 10111000.0,
        "Pretax Income": 39991000.0,
        "Other Income Expense": 1996000.0,
        "Other Non Operating Income Expenses": NaN,
        "Special Income Charges": 1996000.0,
        "Gain On Sale Of Ppe": 2257000.0,
        "Restructuring And Mergern Acquisition": 261000.0,
        "Net Non Operating Interest Income Expense": 341000.0,
        "Interest Expense Non Operating": 55000.0,
        "Interest Income Non Operating": 396000.0,
        "Operating Income": 37654000.0,
        "Operating Expense": 91962000.0,
        "Selling General And Administration": 91962000.0,
        "Gross Profit": 129616000.0,
        "Cost Of Revenue": 84914000.0,
        "Total Revenue": 214530000.0,
        "Operating Revenue": 214530000.0
    },
    "2022-06-30": {
        "Tax Effect Of Unusual Items": -94620.0,
        "Tax Rate For Calcs": 0.249,
        "Normalized EBITDA": 42405000.0,
        "Total Unusual Items": -380000.0,
        "Total Unusual Items Excluding Goodwill": -380000.0,
        "Net Income From Continuing Operation Net Minority Interest": 31519000.0,
        "Reconciled Depreciation": 3947000.0,
        "Reconciled Cost Of Revenue": 95898000.0,
        "EBITDA": 42025000.0,
        "EBIT": 42025000.0,
        "Net Interest Income": -54000.0,
        "Interest Expense": 54000.0,
        "Interest Income": NaN,
        "Normalized Income": 31804380.0,
        "Net Income From Continuing And Discontinued Operation": 31519000.0,
        "Total Expenses": 187358000.0,
        "Total Operating Income As Reported": 41945000.0,
        "Diluted Average Shares": 25576000.0,
        "Basic Average Shares": 25446000.0,
        "Diluted EPS": 1.23,
        "Basic EPS": 1.244679,
        "Diluted NI Availto Com Stockholders": 31519000.0,
        "Net Income Common Stockholders": 31519000.0,
        "Net Income": 31519000.0,
        "Net Income Including Noncontrolling Interests": 31519000.0,
        "Net Income Continuous Operations": 31519000.0,
        "Tax Provision": 10452000.0,
        "Pretax Income": 41971000.0,
        "Other Income Expense": -300000.0,
        "Other Non Operating Income Expenses": 80000.0,
        "Special Income Charges": -380000.0,
        "Gain On Sale Of Ppe": 0.0,
        "Impairment Of Capital Assets": 0.0,
        "Restructuring And Mergern Acquisition": 380000.0,
        "Net Non Operating Interest Income Expense": -54000.0,
        "Interest Expense Non Operating": 54000.0,
        "Interest Income Non Operating": NaN,
        "Operating Income": 42325000.0,
        "Operating Expense": 91460000.0,
        "Selling General And Administration": 91460000.0,
        "Gross Profit": 133785000.0,
        "Cost Of Revenue": 95898000.0,
        "Total Revenue": 229683000.0,
        "Operating Revenue": 229683000.0
    },
    "2023-06-30": {
        "Tax Effect Of Unusual Items": NaN,
        "Tax Rate For Calcs": NaN,
        "Normalized EBITDA": NaN,
        "Total Unusual Items": NaN,
        "Total Unusual Items Excluding Goodwill": NaN,
        "Net Income From Continuing Operation Net Minority Interest": NaN,
        "Reconciled Depreciation": NaN,
        "Reconciled Cost Of Revenue": NaN,
        "EBITDA": NaN,
        "EBIT": NaN,
        "Net Interest Income": NaN,
        "Interest Expense": NaN,
        "Interest Income": NaN,
        "Normalized Income": NaN,
        "Net Income From Continuing And Discontinued Operation": NaN,
        "Total Expenses": NaN,
        "Total Operating Income As Reported": NaN,
        "Diluted Average Shares": NaN,
        "Basic Average Shares": NaN,
        "Diluted EPS": NaN,
        "Basic EPS": NaN,
        "Diluted NI Availto Com Stockholders": NaN,
        "Net Income Common Stockholders": NaN,
        "Net Income": NaN,
        "Net Income Including Noncontrolling Interests": NaN,
        "Net Income Continuous Operations": NaN,
        "Tax Provision": NaN,
        "Pretax Income": NaN,
        "Other Income Expense": NaN,
        "Special Income Charges": NaN,
        "Gain On Sale Of Ppe": 967000.0,
        "Other Special Charges": NaN,
        "Restructuring And Mergern Acquisition": NaN,
        "Net Non Operating Interest Income Expense": NaN,
        "Interest Expense Non Operating": NaN,
        "Interest Income Non Operating": NaN,
        "Operating Income": NaN,
        "Operating Expense": NaN,
        "Selling General And Administration": NaN,
        "Gross Profit": NaN,
        "Cost Of Revenue": NaN,
        "Total Revenue": NaN,
        "Operating Revenue": NaN
    },
    "2022-03-31": {
        "Diluted EPS": 0.97,
        "Total Revenue": 198,
        "Gross Profit": 119,
        "Operating Income": 33,
        "EBIT": 37,
        "Net Income": 25
    },
    "2021-12-31": {
        "Diluted EPS": 1.05,
        "Total Revenue": 208,
        "Gross Profit": 122,
        "Operating Income": 36,
        "EBIT": 40,
        "Net Income": 27
    },
    "2021-09-30": {
        "Diluted EPS": 0.79,
        "Total Revenue": 182,
        "Gross Profit": 109,
        "Operating Income": 27,
        "EBIT": 32,
        "Net Income": 20
    },
    "2021-06-30": {
        "Diluted EPS": 0.72,
        "Total Revenue": 178,
        "Gross Profit": 105,
        "Operating Income": 24,
        "EBIT": 28,
        "Net Income": 18
    },
    "2021-03-31": {
        "Diluted EPS": 0.61,
        "Total Revenue": 177,
        "Gross Profit": 101,
        "Operating Income": 19,
        "EBIT": 23,
        "Net Income": 16
    },
    "2020-12-31": {
        "Diluted EPS": 0.67,
        "Total Revenue": 179,
        "Gross Profit": 101,
        "Operating Income": 23,
        "EBIT": 27,
        "Net Income": 17
    },
    "2020-09-30": {
        "Diluted EPS": 0.37,
        "Total Revenue": 151,
        "Gross Profit": 86,
        "Operating Income": 12,
        "EBIT": 16,
        "Net Income": 9
    },
    "2020-06-30": {
        "Diluted EPS": -0.45,
        "Total Revenue": 92,
        "Gross Profit": 48,
        "Operating Income": -12,
        "EBIT": -8,
        "Net Income": -12
    },
    "2020-03-31": {
        "Diluted EPS": -0.01,
        "Total Revenue": 150,
        "Gross Profit": 84,
        "Operating Income": -1,
        "EBIT": 4,
        "Net Income": 0
    },
    "2019-12-31": {
        "Diluted EPS": 0.27,
        "Total Revenue": 175,
        "Gross Profit": 98,
        "Operating Income": 9,
        "EBIT": 14,
        "Net Income": 7
    },
    "2019-09-30": {
        "Diluted EPS": 0.53,
        "Total Revenue": 174,
        "Gross Profit": 94,
        "Operating Income": 19,
        "EBIT": 23,
        "Net Income": 14
    },
    "2019-06-30": {
        "Diluted EPS": -0.12,
        "Total Revenue": 184,
        "Gross Profit": 101,
        "Operating Income": -5,
        "EBIT": 0,
        "Net Income": -3
    },
    "2019-03-31": {
        "Diluted EPS": 0.3,
        "Total Revenue": 178,
        "Gross Profit": 98,
        "Operating Income": 11,
        "EBIT": 15,
        "Net Income": 8
    },
    "2018-12-31": {
        "Diluted EPS": 0.45,
        "Total Revenue": 197,
        "Gross Profit": 109,
        "Operating Income": 16,
        "EBIT": 21,
        "Net Income": 12
    },
    "2018-09-30": {
        "Diluted EPS": 0.33,
        "Total Revenue": 188,
        "Gross Profit": 101,
        "Operating Income": 12,
        "EBIT": 17,
        "Net Income": 9
    },
    "2018-06-30": {
        "Diluted EPS": 0.42,
        "Total Revenue": 206,
        "Gross Profit": 111,
        "Operating Income": 16,
        "EBIT": 21,
        "Net Income": 11
    },
    "2018-03-31": {
        "Diluted EPS": 0.09,
        "Total Revenue": 181,
        "Gross Profit": 97,
        "Operating Income": 4,
        "EBIT": 9,
        "Net Income": 3
    },
    "2017-12-31": {
        "Diluted EPS": 0.54,
        "Total Revenue": 198,
        "Gross Profit": 108,
        "Operating Income": 18,
        "EBIT": 22,
        "Net Income": 15
    },
    "2017-09-30": {
        "Diluted EPS": 0.27,
        "Total Revenue": 181,
        "Gross Profit": 100,
        "Operating Income": 12,
        "EBIT": 17,
        "Net Income": 7
    },
    "2017-06-30": {
        "Diluted EPS": 0.42,
        "Total Revenue": 195,
        "Gross Profit": 108,
        "Operating Income": 19,
        "EBIT": 24,
        "Net Income": 12
    },
    "2017-03-31": {
        "Diluted EPS": 0.08,
        "Total Revenue": 181,
        "Gross Profit": 95,
        "Operating Income": 4,
        "EBIT": 9,
        "Net Income": 2
    },
    "2016-12-31": {
        "Diluted EPS": 0.38,
        "Total Revenue": 195,
        "Gross Profit": 108,
        "Operating Income": 17,
        "EBIT": 22,
        "Net Income": 11
    },
    "2016-09-30": {
        "Diluted EPS": 0.41,
        "Total Revenue": 193,
        "Gross Profit": 108,
        "Operating Income": 18,
        "EBIT": 23,
        "Net Income": 12
    },
    "2016-06-30": {
        "Diluted EPS": 0.6,
        "Total Revenue": 206,
        "Gross Profit": 116,
        "Operating Income": 26,
        "EBIT": 30,
        "Net Income": 17
    },
    "2016-03-31": {
        "Diluted EPS": 0.36,
        "Total Revenue": 191,
        "Gross Profit": 106,
        "Operating Income": 16,
        "EBIT": 21,
        "Net Income": 10
    },
    "2015-12-31": {
        "Diluted EPS": 0.58,
        "Total Revenue": 208,
        "Gross Profit": 116,
        "Operating Income": 27,
        "EBIT": 31,
        "Net Income": 17
    },
    "2015-09-30": {
        "Diluted EPS": 0.46,
        "Total Revenue": 190,
        "Gross Profit": 105,
        "Operating Income": 21,
        "EBIT": 26,
        "Net Income": 13
    },
    "2015-06-30": {
        "Diluted EPS": 0.43,
        "Total Revenue": 194,
        "Gross Profit": 106,
        "Operating Income": 19,
        "EBIT": 24,
        "Net Income": 13
    },
    "2015-03-31": {
        "Diluted EPS": 0.09,
        "Total Revenue": 173,
        "Gross Profit": 94,
        "Operating Income": 9,
        "EBIT": 14,
        "Net Income": 3
    },
    "2014-12-31": {
        "Diluted EPS": 0.34,
        "Total Revenue": 197,
        "Gross Profit": 106,
        "Operating Income": 18,
        "EBIT": 22,
        "Net Income": 10
    },
    "2014-09-30": {
        "Diluted EPS": 0.41,
        "Total Revenue": 191,
        "Gross Profit": 105,
        "Operating Income": 20,
        "EBIT": 25,
        "Net Income": 12
    },
    "2014-06-30": {
        "Diluted EPS": 0.59,
        "Total Revenue": 199,
        "Gross Profit": 109,
        "Operating Income": 24,
        "EBIT": 29,
        "Net Income": 17
    },
    "2014-03-31": {
        "Diluted EPS": 0.18,
        "Total Revenue": 173,
        "Gross Profit": 93,
        "Operating Income": 10,
        "EBIT": 14,
        "Net Income": 5
    },
    "2013-12-31": {
        "Diluted EPS": 0.39,
        "Total Revenue": 193,
        "Gross Profit": 106,
        "Operating Income": 20,
        "EBIT": 24,
        "Net Income": 12
    },
    "2013-09-30": {
        "Diluted EPS": 0.31,
        "Total Revenue": 182,
        "Gross Profit": 99,
        "Operating Income": 16,
        "EBIT": 20,
        "Net Income": 9
    },
    "2013-06-30": {
        "Diluted EPS": 0.27,
        "Total Revenue": 182,
        "Gross Profit": 98,
        "Operating Income": 16,
        "EBIT": 21,
        "Net Income": 8
    },
    "2013-03-31": {
        "Diluted EPS": 0.15,
        "Total Revenue": 168,
        "Gross Profit": 92,
        "Operating Income": 9,
        "EBIT": 13,
        "Net Income": 4
    },
    "2012-12-31": {
        "Diluted EPS": 0.34,
        "Total Revenue": 191,
        "Gross Profit": 104,
        "Operating Income": 17,
        "EBIT": 22,
        "Net Income": 10
    },
    "2012-09-30": {
        "Diluted EPS": 0.35,
        "Total Revenue": 187,
        "Gross Profit": 104,
        "Operating Income": 18,
        "EBIT": 23,
        "Net Income": 10
    },
    "2012-06-30": {
        "Diluted EPS": 0.26,
        "Total Revenue": 185,
        "Gross Profit": 100,
        "Operating Income": 14,
        "EBIT": 19,
        "Net Income": 7
    },
    "2012-03-31": {
        "Diluted EPS": 0.94,
        "Total Revenue": 176,
        "Gross Profit": 94,
        "Operating Income": 8,
        "EBIT": 12,
        "Net Income": 28
    },
    "2011-12-31": {
        "Diluted EPS": 0.28,
        "Total Revenue": 183,
        "Gross Profit": 98,
        "Operating Income": 14,
        "EBIT": 19,
        "Net Income": 8
    },
    "2011-09-30": {
        "Diluted EPS": 0.23,
        "Total Revenue": 185,
        "Gross Profit": 98,
        "Operating Income": 14,
        "EBIT": 19,
        "Net Income": 7
    },
    "2011-06-30": {
        "Diluted EPS": 0.25,
        "Total Revenue": 178,
        "Gross Profit": 94,
        "Operating Income": 11,
        "EBIT": 16,
        "Net Income": 7
    },
    "2011-03-31": {
        "Diluted EPS": 0.12,
        "Total Revenue": 163,
        "Gross Profit": 83,
        "Operating Income": 5,
        "EBIT": 10,
        "Net Income": 4
    },
    "2010-12-31": {
        "Diluted EPS": 0.51,
        "Total Revenue": 173,
        "Gross Profit": 90,
        "Operating Income": 10,
        "EBIT": 16,
        "Net Income": 15
    },
    "2010-09-30": {
        "Diluted EPS": 0.13,
        "Total Revenue": 165,
        "Gross Profit": 82,
        "Operating Income": 5,
        "EBIT": 11,
        "Net Income": 4
    },
    "2010-06-30": {
        "Diluted EPS": -0.91,
        "Total Revenue": 163,
        "Gross Profit": 81,
        "Operating Income": 12,
        "EBIT": 18,
        "Net Income": -27
    },
    "2010-03-31": {
        "Diluted EPS": -0.03,
        "Total Revenue": 147,
        "Gross Profit": 72,
        "Operating Income": -3,
        "EBIT": 3,
        "Net Income": -1
    },
    "2009-12-31": {
        "Diluted EPS": -0.12,
        "Total Revenue": 143,
        "Gross Profit": 69,
        "Operating Income": -5,
        "EBIT": 0,
        "Net Income": -3
    },
    "2009-09-30": {
        "Diluted EPS": -0.47,
        "Total Revenue": 136,
        "Gross Profit": 58,
        "Operating Income": -16,
        "EBIT": -3,
        "Net Income": -14
    },
    "2009-06-30": {
        "Diluted EPS": -0.59,
        "Total Revenue": 139,
        "Gross Profit": 68,
        "Operating Income": -20,
        "EBIT": -14,
        "Net Income": -17
    },
    "2009-03-31": {
        "Diluted EPS": -1.69,
        "Total Revenue": 140,
        "Gross Profit": 66,
        "Operating Income": -75,
        "EBIT": -20,
        "Net Income": -49
    },
    "2023-09-30": {
        "Tax Effect Of Unusual Items": NaN,
        "Tax Rate For Calcs": NaN,
        "Normalized EBITDA": NaN,
        "Total Unusual Items": NaN,
        "Total Unusual Items Excluding Goodwill": NaN,
        "Net Income From Continuing Operation Net Minority Interest": NaN,
        "Reconciled Depreciation": NaN,
        "Reconciled Cost Of Revenue": NaN,
        "EBITDA": NaN,
        "EBIT": NaN,
        "Net Interest Income": NaN,
        "Interest Expense": NaN,
        "Interest Income": NaN,
        "Normalized Income": NaN,
        "Net Income From Continuing And Discontinued Operation": NaN,
        "Total Expenses": NaN,
        "Total Operating Income As Reported": NaN,
        "Diluted Average Shares": NaN,
        "Basic Average Shares": NaN,
        "Diluted EPS": NaN,
        "Basic EPS": NaN,
        "Diluted NI Availto Com Stockholders": NaN,
        "Net Income Common Stockholders": NaN,
        "Net Income": NaN,
        "Net Income Including Noncontrolling Interests": NaN,
        "Net Income Continuous Operations": NaN,
        "Tax Provision": NaN,
        "Pretax Income": NaN,
        "Other Income Expense": NaN,
        "Special Income Charges": NaN,
        "Gain On Sale Of Ppe": 655000.0,
        "Other Special Charges": NaN,
        "Restructuring And Mergern Acquisition": NaN,
        "Net Non Operating Interest Income Expense": NaN,
        "Interest Expense Non Operating": NaN,
        "Interest Income Non Operating": NaN,
        "Operating Income": NaN,
        "Operating Expense": NaN,
        "Selling General And Administration": NaN,
        "Gross Profit": NaN,
        "Cost Of Revenue": NaN,
        "Total Revenue": NaN,
        "Operating Revenue": NaN
    },
    "2023-12-31": {
        "Tax Effect Of Unusual Items": 59809.034468,
        "Tax Rate For Calcs": 0.254507,
        "Normalized EBITDA": 27232000.0,
        "Total Unusual Items": 235000.0,
        "Total Unusual Items Excluding Goodwill": 235000.0,
        "Net Income From Continuing Operation Net Minority Interest": 17411000.0,
        "Reconciled Depreciation": 4060000.0,
        "Reconciled Cost Of Revenue": 66640000.0,
        "EBITDA": 27467000.0,
        "EBIT": 23407000.0,
        "Net Interest Income": 1667000.0,
        "Interest Expense": 52000.0,
        "Interest Income": 1719000.0,
        "Normalized Income": 17235809.034468,
        "Net Income From Continuing And Discontinued Operation": 17411000.0,
        "Total Expenses": 145823000.0,
        "Total Operating Income As Reported": 21688000.0,
        "Diluted Average Shares": 25630000.0,
        "Basic Average Shares": 25525000.0,
        "Diluted EPS": 0.68,
        "Basic EPS": 0.68,
        "Diluted NI Availto Com Stockholders": 17411000.0,
        "Net Income Common Stockholders": 17411000.0,
        "Net Income": 17411000.0,
        "Net Income Including Noncontrolling Interests": 17411000.0,
        "Net Income Continuous Operations": 17411000.0,
        "Tax Provision": 5944000.0,
        "Pretax Income": 23355000.0,
        "Other Income Expense": 235000.0,
        "Special Income Charges": 235000.0,
        "Gain On Sale Of Ppe": NaN,
        "Other Special Charges": NaN,
        "Restructuring And Mergern Acquisition": -235000.0,
        "Net Non Operating Interest Income Expense": 1667000.0,
        "Interest Expense Non Operating": 52000.0,
        "Interest Income Non Operating": 1719000.0,
        "Operating Income": 21453000.0,
        "Operating Expense": 79183000.0,
        "Selling General And Administration": 79183000.0,
        "Gross Profit": 100636000.0,
        "Cost Of Revenue": 66640000.0,
        "Total Revenue": 167276000.0,
        "Operating Revenue": 167276000.0
    },
    "2024-03-31": {
        "Tax Effect Of Unusual Items": NaN,
        "Tax Rate For Calcs": NaN,
        "Normalized EBITDA": NaN,
        "Total Unusual Items": NaN,
        "Total Unusual Items Excluding Goodwill": NaN,
        "Net Income From Continuing Operation Net Minority Interest": NaN,
        "Reconciled Depreciation": NaN,
        "Reconciled Cost Of Revenue": NaN,
        "EBITDA": NaN,
        "EBIT": NaN,
        "Net Interest Income": NaN,
        "Interest Expense": NaN,
        "Interest Income": NaN,
        "Normalized Income": NaN,
        "Net Income From Continuing And Discontinued Operation": NaN,
        "Total Expenses": NaN,
        "Total Operating Income As Reported": NaN,
        "Diluted Average Shares": NaN,
        "Basic Average Shares": NaN,
        "Diluted EPS": NaN,
        "Basic EPS": NaN,
        "Diluted NI Availto Com Stockholders": NaN,
        "Net Income Common Stockholders": NaN,
        "Net Income": NaN,
        "Net Income Including Noncontrolling Interests": NaN,
        "Net Income Continuous Operations": NaN,
        "Tax Provision": NaN,
        "Pretax Income": NaN,
        "Other Income Expense": NaN,
        "Special Income Charges": NaN,
        "Gain On Sale Of Ppe": 656000.0,
        "Other Special Charges": -103000.0,
        "Impairment Of Capital Assets": NaN,
        "Restructuring And Mergern Acquisition": NaN,
        "Net Non Operating Interest Income Expense": NaN,
        "Interest Expense Non Operating": NaN,
        "Interest Income Non Operating": NaN,
        "Operating Income": NaN,
        "Operating Expense": NaN,
        "Selling General And Administration": NaN,
        "Gross Profit": NaN,
        "Cost Of Revenue": NaN,
        "Total Revenue": NaN,
        "Operating Revenue": NaN
    },
    "2024-06-30": {
        "Tax Effect Of Unusual Items": NaN,
        "Tax Rate For Calcs": NaN,
        "Normalized EBITDA": NaN,
        "Total Unusual Items": NaN,
        "Total Unusual Items Excluding Goodwill": NaN,
        "Net Income From Continuing Operation Net Minority Interest": NaN,
        "Reconciled Depreciation": NaN,
        "Reconciled Cost Of Revenue": NaN,
        "EBITDA": NaN,
        "EBIT": NaN,
        "Net Interest Income": NaN,
        "Interest Expense": NaN,
        "Interest Income": NaN,
        "Normalized Income": NaN,
        "Net Income From Continuing And Discontinued Operation": NaN,
        "Total Expenses": NaN,
        "Total Operating Income As Reported": NaN,
        "Diluted Average Shares": NaN,
        "Basic Average Shares": NaN,
        "Diluted EPS": NaN,
        "Basic EPS": NaN,
        "Diluted NI Availto Com Stockholders": NaN,
        "Net Income Common Stockholders": NaN,
        "Net Income": NaN,
        "Net Income Including Noncontrolling Interests": NaN,
        "Net Income Continuous Operations": NaN,
        "Tax Provision": NaN,
        "Pretax Income": NaN,
        "Other Income Expense": NaN,
        "Special Income Charges": NaN,
        "Gain On Sale Of Ppe": 2897000.0,
        "Other Special Charges": NaN,
        "Impairment Of Capital Assets": NaN,
        "Restructuring And Mergern Acquisition": NaN,
        "Net Non Operating Interest Income Expense": NaN,
        "Interest Expense Non Operating": NaN,
        "Interest Income Non Operating": NaN,
        "Operating Income": NaN,
        "Operating Expense": NaN,
        "Selling General And Administration": NaN,
        "Gross Profit": NaN,
        "Cost Of Revenue": NaN,
        "Total Revenue": NaN,
        "Operating Revenue": NaN
    },
    "2024-09-30": {
        "Tax Effect Of Unusual Items": -58696.0,
        "Tax Rate For Calcs": 0.253,
        "Normalized EBITDA": 23867000.0,
        "Total Unusual Items": -232000.0,
        "Total Unusual Items Excluding Goodwill": -232000.0,
        "Net Income From Continuing Operation Net Minority Interest": 14719000.0,
        "Reconciled Depreciation": 3872000.0,
        "Reconciled Cost Of Revenue": 60468000.0,
        "EBITDA": 23635000.0,
        "EBIT": 19763000.0,
        "Net Interest Income": 2138000.0,
        "Interest Expense": 60000.0,
        "Interest Income": 2198000.0,
        "Normalized Income": 14892304.0,
        "Net Income From Continuing And Discontinued Operation": 14719000.0,
        "Total Expenses": 136540000.0,
        "Total Operating Income As Reported": 17565000.0,
        "Diluted Average Shares": 25618000.0,
        "Basic Average Shares": 25430000.0,
        "Diluted EPS": 0.57,
        "Basic EPS": 0.578805,
        "Diluted NI Availto Com Stockholders": 14719000.0,
        "Net Income Common Stockholders": 14719000.0,
        "Net Income": 14719000.0,
        "Net Income Including Noncontrolling Interests": 14719000.0,
        "Net Income Continuous Operations": 14719000.0,
        "Tax Provision": 4984000.0,
        "Pretax Income": 19703000.0,
        "Other Income Expense": -232000.0,
        "Special Income Charges": -232000.0,
        "Gain On Sale Of Ppe": 218000.0,
        "Other Special Charges": 335000.0,
        "Impairment Of Capital Assets": NaN,
        "Restructuring And Mergern Acquisition": 232000.0,
        "Net Non Operating Interest Income Expense": 2138000.0,
        "Interest Expense Non Operating": 60000.0,
        "Interest Income Non Operating": 2198000.0,
        "Operating Income": 17797000.0,
        "Operating Expense": 76072000.0,
        "Selling General And Administration": 76072000.0,
        "Gross Profit": 93869000.0,
        "Cost Of Revenue": 60468000.0,
        "Total Revenue": 154337000.0,
        "Operating Revenue": 154337000.0
    },
    "2024-12-31": {
        "Tax Effect Of Unusual Items": -1524.0,
        "Tax Rate For Calcs": 0.254,
        "Normalized EBITDA": 24174000.0,
        "Total Unusual Items": -6000.0,
        "Total Unusual Items Excluding Goodwill": -6000.0,
        "Net Income From Continuing Operation Net Minority Interest": 15004000.0,
        "Reconciled Depreciation": 3982000.0,
        "Reconciled Cost Of Revenue": 62423000.0,
        "EBITDA": 24168000.0,
        "EBIT": 20186000.0,
        "Net Interest Income": 1966000.0,
        "Interest Expense": 63000.0,
        "Interest Income": 2029000.0,
        "Normalized Income": 15008476.0,
        "Net Income From Continuing And Discontinued Operation": 15004000.0,
        "Total Expenses": 139097000.0,
        "Total Operating Income As Reported": 18157000.0,
        "Diluted Average Shares": 25625000.0,
        "Basic Average Shares": 25556000.0,
        "Diluted EPS": 0.59,
        "Basic EPS": 0.59,
        "Diluted NI Availto Com Stockholders": 15004000.0,
        "Net Income Common Stockholders": 15004000.0,
        "Net Income": 15004000.0,
        "Net Income Including Noncontrolling Interests": 15004000.0,
        "Net Income Continuous Operations": 15004000.0,
        "Tax Provision": 5119000.0,
        "Pretax Income": 20123000.0,
        "Other Income Expense": -6000.0,
        "Special Income Charges": -6000.0,
        "Gain On Sale Of Ppe": NaN,
        "Other Special Charges": NaN,
        "Impairment Of Capital Assets": NaN,
        "Restructuring And Mergern Acquisition": 6000.0,
        "Net Non Operating Interest Income Expense": 1966000.0,
        "Interest Expense Non Operating": 63000.0,
        "Interest Income Non Operating": 2029000.0,
        "Operating Income": 18163000.0,
        "Operating Expense": 76674000.0,
        "Selling General And Administration": 76674000.0,
        "Gross Profit": 94837000.0,
        "Cost Of Revenue": 62423000.0,
        "Total Revenue": 157260000.0,
        "Operating Revenue": 157260000.0
    },
    "2025-03-31": {
        "Tax Effect Of Unusual Items": -24804.0,
        "Tax Rate For Calcs": 0.234,
        "Normalized EBITDA": 16518000.0,
        "Total Unusual Items": -106000.0,
        "Total Unusual Items Excluding Goodwill": -106000.0,
        "Net Income From Continuing Operation Net Minority Interest": 9605000.0,
        "Reconciled Depreciation": 3816000.0,
        "Reconciled Cost Of Revenue": 55339000.0,
        "EBITDA": 16412000.0,
        "EBIT": 12596000.0,
        "Net Interest Income": 1539000.0,
        "Interest Expense": 60000.0,
        "Interest Income": 1599000.0,
        "Normalized Income": 9686196.0,
        "Net Income From Continuing And Discontinued Operation": 9605000.0,
        "Total Expenses": 131592000.0,
        "Total Operating Income As Reported": 10997000.0,
        "Diluted Average Shares": 25629000.0,
        "Basic Average Shares": 25429960.0,
        "Diluted EPS": 0.37,
        "Basic EPS": 0.377704,
        "Diluted NI Availto Com Stockholders": 9605000.0,
        "Net Income Common Stockholders": 9605000.0,
        "Net Income": 9605000.0,
        "Net Income Including Noncontrolling Interests": 9605000.0,
        "Net Income Continuous Operations": 9605000.0,
        "Tax Provision": 2931000.0,
        "Pretax Income": 12536000.0,
        "Other Income Expense": -106000.0,
        "Special Income Charges": -106000.0,
        "Gain On Sale Of Ppe": 0.0,
        "Other Special Charges": 52000.0,
        "Impairment Of Capital Assets": NaN,
        "Restructuring And Mergern Acquisition": 54000.0,
        "Net Non Operating Interest Income Expense": 1539000.0,
        "Interest Expense Non Operating": 60000.0,
        "Interest Income Non Operating": 1599000.0,
        "Operating Income": 11103000.0,
        "Operating Expense": 76253000.0,
        "Selling General And Administration": 76253000.0,
        "Gross Profit": 87356000.0,
        "Cost Of Revenue": 55339000.0,
        "Total Revenue": 142695000.0,
        "Operating Revenue": 142695000.0
    },
    "2025-06-30": {
        "Tax Effect Of Unusual Items": 263.537039,
        "Tax Rate For Calcs": 0.263537,
        "Normalized EBITDA": 20570000.0,
        "Total Unusual Items": 1000.0,
        "Total Unusual Items Excluding Goodwill": 1000.0,
        "Net Income From Continuing Operation Net Minority Interest": 12268000.0,
        "Reconciled Depreciation": 3853000.0,
        "Reconciled Cost Of Revenue": 64298000.0,
        "EBITDA": 20571000.0,
        "EBIT": 16718000.0,
        "Net Interest Income": 1389000.0,
        "Interest Expense": 60000.0,
        "Interest Income": 1449000.0,
        "Normalized Income": 12267263.537039,
        "Net Income From Continuing And Discontinued Operation": 12268000.0,
        "Total Expenses": 145089000.0,
        "Total Operating Income As Reported": 15269000.0,
        "Diluted Average Shares": 25665000.0,
        "Basic Average Shares": 25432000.0,
        "Diluted EPS": 0.48,
        "Basic EPS": 0.482384,
        "Diluted NI Availto Com Stockholders": 12268000.0,
        "Net Income Common Stockholders": 12268000.0,
        "Net Income": 12268000.0,
        "Net Income Including Noncontrolling Interests": 12268000.0,
        "Net Income Continuous Operations": 12268000.0,
        "Tax Provision": 4390000.0,
        "Pretax Income": 16658000.0,
        "Other Income Expense": 1000.0,
        "Special Income Charges": 1000.0,
        "Gain On Sale Of Ppe": NaN,
        "Other Special Charges": -199000.0,
        "Impairment Of Capital Assets": NaN,
        "Restructuring And Mergern Acquisition": -20000.0,
        "Net Non Operating Interest Income Expense": 1389000.0,
        "Interest Expense Non Operating": 60000.0,
        "Interest Income Non Operating": 1449000.0,
        "Operating Income": 15268000.0,
        "Operating Expense": 80791000.0,
        "Selling General And Administration": 80791000.0,
        "Gross Profit": 96059000.0,
        "Cost Of Revenue": 64298000.0,
        "Total Revenue": 160357000.0,
        "Operating Revenue": 160357000.0
    },
    "2025-09-30": {
        "Tax Effect Of Unusual Items": -148336.0,
        "Tax Rate For Calcs": 0.254,
        "Normalized EBITDA": 18493000.0,
        "Total Unusual Items": -584000.0,
        "Total Unusual Items Excluding Goodwill": -584000.0,
        "Net Income From Continuing Operation Net Minority Interest": 10451000.0,
        "Reconciled Depreciation": 3844000.0,
        "Reconciled Cost Of Revenue": 56786000.0,
        "EBITDA": 17909000.0,
        "EBIT": 14065000.0,
        "Net Interest Income": 4039000.0,
        "Interest Expense": 59000.0,
        "Interest Income": 4098000.0,
        "Normalized Income": 10886664.0,
        "Net Income From Continuing And Discontinued Operation": 10451000.0,
        "Total Expenses": 136483000.0,
        "Total Operating Income As Reported": 9967000.0,
        "Diluted Average Shares": 25619000.0,
        "Basic Average Shares": 25446339.0,
        "Diluted EPS": 0.41,
        "Basic EPS": 0.410707,
        "Diluted NI Availto Com Stockholders": 10451000.0,
        "Net Income Common Stockholders": 10451000.0,
        "Net Income": 10451000.0,
        "Net Income Including Noncontrolling Interests": 10451000.0,
        "Net Income Continuous Operations": 10451000.0,
        "Tax Provision": 3555000.0,
        "Pretax Income": 14006000.0,
        "Other Income Expense": -584000.0,
        "Special Income Charges": -584000.0,
        "Gain On Sale Of Ppe": NaN,
        "Other Special Charges": 300000.0,
        "Impairment Of Capital Assets": 300000.0,
        "Restructuring And Mergern Acquisition": -16000.0,
        "Net Non Operating Interest Income Expense": 4039000.0,
        "Interest Expense Non Operating": 59000.0,
        "Interest Income Non Operating": 4098000.0,
        "Operating Income": 10501000.0,
        "Operating Expense": 79697000.0,
        "Selling General And Administration": 79697000.0,
        "Gross Profit": 90198000.0,
        "Cost Of Revenue": 56786000.0,
        "Total Revenue": 146984000.0,
        "Operating Revenue": 146984000.0
    }
}