{
    "2023-03-31": {
        "Tax Effect Of Unusual Items": 0.0,
        "Tax Rate For Calcs": 0.21,
        "Normalized EBITDA": 292873000.0,
        "Total Unusual Items": 0.0,
        "Total Unusual Items Excluding Goodwill": 0.0,
        "Net Income From Continuing Operation Net Minority Interest": 101682000.0,
        "Reconciled Depreciation": 85609000.0,
        "Reconciled Cost Of Revenue": 85609000.0,
        "EBITDA": 292873000.0,
        "EBIT": 207264000.0,
        "Net Interest Income": -104957000.0,
        "Interest Expense": 104957000.0,
        "Normalized Income": 101682000.0,
        "Net Income From Continuing And Discontinued Operation": 101682000.0,
        "Total Expenses": 161093000.0,
        "Total Operating Income As Reported": 215244000.0,
        "Diluted Average Shares": 434254000.0,
        "Basic Average Shares": 433707000.0,
        "Diluted EPS": 0.2,
        "Basic EPS": 0.2,
        "Diluted NI Availto Com Stockholders": 87054000.0,
        "Net Income Common Stockholders": 87054000.0,
        "Preferred Stock Dividends": 14628000.0,
        "Net Income": 101682000.0,
        "Minority Interests": -4409000.0,
        "Net Income Including Noncontrolling Interests": 106091000.0,
        "Net Income Continuous Operations": 106091000.0,
        "Tax Provision": -3784000.0,
        "Pretax Income": 102307000.0,
        "Other Income Expense": -7980000.0,
        "Other Non Operating Income Expenses": -8102000.0,
        "Special Income Charges": 0.0,
        "Other Special Charges": NaN,
        "Write Off": NaN,
        "Impairment Of Capital Assets": NaN,
        "Restructuring And Mergern Acquisition": 0.0,
        "Earnings From Equity Interest": 122000.0,
        "Net Non Operating Interest Income Expense": -104957000.0,
        "Interest Expense Non Operating": 104957000.0,
        "Operating Income": 215244000.0,
        "Operating Expense": 75484000.0,
        "Selling General And Administration": 32622000.0,
        "Gross Profit": 290728000.0,
        "Cost Of Revenue": 85609000.0,
        "Total Revenue": 376337000.0,
        "Operating Revenue": 376337000.0
    },
    "2022-12-31": {
        "Tax Effect Of Unusual Items": NaN,
        "Tax Rate For Calcs": NaN,
        "Normalized EBITDA": NaN,
        "Total Unusual Items": NaN,
        "Total Unusual Items Excluding Goodwill": NaN,
        "Net Income From Continuing Operation Net Minority Interest": NaN,
        "Reconciled Depreciation": NaN,
        "Reconciled Cost Of Revenue": NaN,
        "EBITDA": NaN,
        "EBIT": NaN,
        "Net Interest Income": NaN,
        "Interest Expense": NaN,
        "Normalized Income": NaN,
        "Net Income From Continuing And Discontinued Operation": NaN,
        "Total Expenses": NaN,
        "Total Operating Income As Reported": NaN,
        "Diluted Average Shares": NaN,
        "Basic Average Shares": NaN,
        "Diluted EPS": NaN,
        "Basic EPS": NaN,
        "Diluted NI Availto Com Stockholders": NaN,
        "Net Income Common Stockholders": NaN,
        "Preferred Stock Dividends": NaN,
        "Net Income": NaN,
        "Minority Interests": NaN,
        "Net Income Including Noncontrolling Interests": NaN,
        "Net Income Continuous Operations": NaN,
        "Tax Provision": NaN,
        "Pretax Income": NaN,
        "Other Income Expense": NaN,
        "Other Non Operating Income Expenses": NaN,
        "Special Income Charges": NaN,
        "Other Special Charges": 0.0,
        "Write Off": 0.0,
        "Impairment Of Capital Assets": 0.0,
        "Restructuring And Mergern Acquisition": NaN,
        "Earnings From Equity Interest": NaN,
        "Net Non Operating Interest Income Expense": NaN,
        "Interest Expense Non Operating": NaN,
        "Operating Income": NaN,
        "Operating Expense": NaN,
        "Selling General And Administration": NaN,
        "Gross Profit": NaN,
        "Cost Of Revenue": NaN,
        "Total Revenue": NaN,
        "Operating Revenue": NaN
    },
    "2022-09-30": {
        "Tax Effect Of Unusual Items": NaN,
        "Tax Rate For Calcs": NaN,
        "Normalized EBITDA": NaN,
        "Total Unusual Items": NaN,
        "Total Unusual Items Excluding Goodwill": NaN,
        "Net Income From Continuing Operation Net Minority Interest": NaN,
        "Reconciled Depreciation": NaN,
        "Reconciled Cost Of Revenue": NaN,
        "EBITDA": NaN,
        "EBIT": NaN,
        "Net Interest Income": NaN,
        "Interest Expense": NaN,
        "Normalized Income": NaN,
        "Net Income From Continuing And Discontinued Operation": NaN,
        "Total Expenses": NaN,
        "Total Operating Income As Reported": NaN,
        "Diluted Average Shares": NaN,
        "Basic Average Shares": NaN,
        "Diluted EPS": NaN,
        "Basic EPS": NaN,
        "Diluted NI Availto Com Stockholders": NaN,
        "Net Income Common Stockholders": NaN,
        "Preferred Stock Dividends": NaN,
        "Net Income": NaN,
        "Minority Interests": NaN,
        "Net Income Including Noncontrolling Interests": NaN,
        "Net Income Continuous Operations": NaN,
        "Tax Provision": NaN,
        "Pretax Income": NaN,
        "Other Income Expense": NaN,
        "Other Non Operating Income Expenses": NaN,
        "Special Income Charges": NaN,
        "Other Special Charges": NaN,
        "Write Off": 583057000.0,
        "Impairment Of Capital Assets": 0.0,
        "Restructuring And Mergern Acquisition": NaN,
        "Earnings From Equity Interest": NaN,
        "Net Non Operating Interest Income Expense": NaN,
        "Interest Expense Non Operating": NaN,
        "Operating Income": NaN,
        "Operating Expense": NaN,
        "Selling General And Administration": NaN,
        "Gross Profit": NaN,
        "Cost Of Revenue": NaN,
        "Total Revenue": NaN,
        "Operating Revenue": NaN
    },
    "2022-06-30": {
        "Tax Effect Of Unusual Items": -1172039.0,
        "Tax Rate For Calcs": 0.047,
        "Normalized EBITDA": 281372000.0,
        "Total Unusual Items": -24937000.0,
        "Total Unusual Items Excluding Goodwill": -24937000.0,
        "Net Income From Continuing Operation Net Minority Interest": 69858000.0,
        "Reconciled Depreciation": 83862000.0,
        "Reconciled Cost Of Revenue": 83862000.0,
        "EBITDA": 256435000.0,
        "EBIT": 172573000.0,
        "Net Interest Income": -95117000.0,
        "Interest Expense": 95117000.0,
        "Normalized Income": 93622961.0,
        "Net Income From Continuing And Discontinued Operation": 69858000.0,
        "Total Expenses": 145313000.0,
        "Total Operating Income As Reported": 183298000.0,
        "Diluted Average Shares": 434025000.0,
        "Basic Average Shares": 433333000.0,
        "Diluted EPS": 0.11,
        "Basic EPS": 0.11,
        "Diluted NI Availto Com Stockholders": 55230000.0,
        "Net Income Common Stockholders": 55230000.0,
        "Preferred Stock Dividends": 14628000.0,
        "Net Income": 69858000.0,
        "Minority Interests": -3948000.0,
        "Net Income Including Noncontrolling Interests": 73806000.0,
        "Net Income Continuous Operations": 73806000.0,
        "Tax Provision": 3650000.0,
        "Pretax Income": 77456000.0,
        "Other Income Expense": -10725000.0,
        "Other Non Operating Income Expenses": 14173000.0,
        "Special Income Charges": -24937000.0,
        "Other Special Charges": 24937000.0,
        "Write Off": NaN,
        "Impairment Of Capital Assets": 0.0,
        "Earnings From Equity Interest": 39000.0,
        "Net Non Operating Interest Income Expense": -95117000.0,
        "Interest Expense Non Operating": 95117000.0,
        "Operating Income": 183298000.0,
        "Operating Expense": 61451000.0,
        "Selling General And Administration": 29009000.0,
        "Gross Profit": 244749000.0,
        "Cost Of Revenue": 83862000.0,
        "Total Revenue": 328611000.0,
        "Operating Revenue": 328611000.0
    },
    "2023-06-30": {
        "Tax Effect Of Unusual Items": 0.0,
        "Tax Rate For Calcs": 0.007,
        "Normalized EBITDA": 259265000.0,
        "Total Unusual Items": 0.0,
        "Total Unusual Items Excluding Goodwill": 0.0,
        "Net Income From Continuing Operation Net Minority Interest": 67245000.0,
        "Reconciled Depreciation": 86236000.0,
        "Reconciled Cost Of Revenue": 86236000.0,
        "EBITDA": 259265000.0,
        "EBIT": 173029000.0,
        "Net Interest Income": -103644000.0,
        "Interest Expense": 103644000.0,
        "Normalized Income": 67245000.0,
        "Net Income From Continuing And Discontinued Operation": 67245000.0,
        "Total Expenses": 188935000.0,
        "Total Operating Income As Reported": 129534000.0,
        "Diluted Average Shares": 435476000.0,
        "Basic Average Shares": 433961000.0,
        "Diluted EPS": 0.12,
        "Basic EPS": 0.12,
        "Diluted NI Availto Com Stockholders": 52617000.0,
        "Net Income Common Stockholders": 52617000.0,
        "Preferred Stock Dividends": 14628000.0,
        "Net Income": 67245000.0,
        "Minority Interests": -1675000.0,
        "Net Income Including Noncontrolling Interests": 68920000.0,
        "Net Income Continuous Operations": 68920000.0,
        "Tax Provision": 465000.0,
        "Pretax Income": 69385000.0,
        "Other Income Expense": 43495000.0,
        "Other Non Operating Income Expenses": 19809000.0,
        "Special Income Charges": 0.0,
        "Other Special Charges": NaN,
        "Write Off": NaN,
        "Impairment Of Capital Assets": NaN,
        "Restructuring And Mergern Acquisition": NaN,
        "Earnings From Equity Interest": 23686000.0,
        "Net Non Operating Interest Income Expense": -103644000.0,
        "Interest Expense Non Operating": 103644000.0,
        "Operating Income": 129534000.0,
        "Operating Expense": 102699000.0,
        "Selling General And Administration": 56932000.0,
        "Gross Profit": 232233000.0,
        "Cost Of Revenue": 86236000.0,
        "Total Revenue": 318469000.0,
        "Operating Revenue": 318469000.0
    },
    "2022-03-31": {
        "Diluted EPS": 0.19,
        "Total Revenue": 342,
        "Gross Profit": 309,
        "Operating Income": 196,
        "EBIT": 279,
        "Net Income": 80
    },
    "2021-12-31": {
        "Diluted EPS": -3.75,
        "Total Revenue": 247,
        "Gross Profit": 204,
        "Operating Income": 89,
        "EBIT": 172,
        "Net Income": NaN
    },
    "2021-09-30": {
        "Diluted EPS": 0.17,
        "Total Revenue": 342,
        "Gross Profit": 303,
        "Operating Income": 188,
        "EBIT": 270,
        "Net Income": 73
    },
    "2021-06-30": {
        "Diluted EPS": 0.05,
        "Total Revenue": 348,
        "Gross Profit": 310,
        "Operating Income": 133,
        "EBIT": 218,
        "Net Income": 22
    },
    "2021-03-31": {
        "Diluted EPS": 0.13,
        "Total Revenue": 380,
        "Gross Profit": 346,
        "Operating Income": 226,
        "EBIT": 310,
        "Net Income": 58
    },
    "2020-12-31": {
        "Diluted EPS": 0.31,
        "Total Revenue": 367,
        "Gross Profit": 327,
        "Operating Income": 207,
        "EBIT": 291,
        "Net Income": 113
    },
    "2020-09-30": {
        "Diluted EPS": 0.35,
        "Total Revenue": 350,
        "Gross Profit": 316,
        "Operating Income": 201,
        "EBIT": 283,
        "Net Income": 150
    },
    "2020-06-30": {
        "Diluted EPS": 0.1,
        "Total Revenue": 341,
        "Gross Profit": 299,
        "Operating Income": 175,
        "EBIT": 255,
        "Net Income": 27
    },
    "2020-03-31": {
        "Diluted EPS": 0.28,
        "Total Revenue": 453,
        "Gross Profit": 415,
        "Operating Income": 242,
        "EBIT": 318,
        "Net Income": 70
    },
    "2019-12-31": {
        "Diluted EPS": -1.05,
        "Total Revenue": 426,
        "Gross Profit": 378,
        "Operating Income": -312,
        "EBIT": -237,
        "Net Income": -269
    },
    "2019-09-30": {
        "Diluted EPS": -0.26,
        "Total Revenue": 408,
        "Gross Profit": 365,
        "Operating Income": -38,
        "EBIT": 36,
        "Net Income": -66
    },
    "2019-06-30": {
        "Diluted EPS": 0.29,
        "Total Revenue": 406,
        "Gross Profit": 360,
        "Operating Income": 166,
        "EBIT": 237,
        "Net Income": 75
    },
    "2019-03-31": {
        "Diluted EPS": 0.22,
        "Total Revenue": 390,
        "Gross Profit": 362,
        "Operating Income": 260,
        "EBIT": 321,
        "Net Income": 56
    },
    "2018-12-31": {
        "Diluted EPS": -0.18,
        "Total Revenue": 385,
        "Gross Profit": 340,
        "Operating Income": -59,
        "EBIT": 0,
        "Net Income": -48
    },
    "2018-09-30": {
        "Diluted EPS": 0.32,
        "Total Revenue": 365,
        "Gross Profit": 316,
        "Operating Income": 218,
        "EBIT": 272,
        "Net Income": 83
    },
    "2018-06-30": {
        "Diluted EPS": 0.4,
        "Total Revenue": 375,
        "Gross Profit": 331,
        "Operating Income": 235,
        "EBIT": 287,
        "Net Income": 101
    },
    "2018-03-31": {
        "Diluted EPS": 0.32,
        "Total Revenue": 371,
        "Gross Profit": 344,
        "Operating Income": 249,
        "EBIT": 301,
        "Net Income": 83
    },
    "2017-12-31": {
        "Diluted EPS": 0.0,
        "Total Revenue": NaN,
        "Gross Profit": NaN,
        "Operating Income": NaN,
        "EBIT": NaN,
        "Net Income": NaN
    },
    "2017-09-30": {
        "Diluted EPS": 0.0,
        "Total Revenue": 206,
        "Gross Profit": 187,
        "Operating Income": 141,
        "EBIT": 141,
        "Net Income": 33
    },
    "2016-12-31": {
        "Diluted EPS": 0.0,
        "Total Revenue": NaN,
        "Gross Profit": NaN,
        "Operating Income": NaN,
        "EBIT": NaN,
        "Net Income": NaN
    },
    "2023-09-30": {
        "Tax Effect Of Unusual Items": 0.0,
        "Tax Rate For Calcs": 0.21,
        "Normalized EBITDA": 310614000.0,
        "Total Unusual Items": 0.0,
        "Total Unusual Items Excluding Goodwill": 0.0,
        "Net Income From Continuing Operation Net Minority Interest": 127432000.0,
        "Reconciled Depreciation": 85552000.0,
        "Reconciled Cost Of Revenue": 85552000.0,
        "EBITDA": 310614000.0,
        "EBIT": 225062000.0,
        "Net Interest Income": -106334000.0,
        "Interest Expense": 106334000.0,
        "Normalized Income": 127432000.0,
        "Net Income From Continuing And Discontinued Operation": 127432000.0,
        "Total Expenses": 184225000.0,
        "Total Operating Income As Reported": 154289000.0,
        "Diluted Average Shares": 439034000.0,
        "Basic Average Shares": 434080000.0,
        "Diluted EPS": 0.26,
        "Basic EPS": 0.26,
        "Diluted NI Availto Com Stockholders": 112804000.0,
        "Net Income Common Stockholders": 112804000.0,
        "Preferred Stock Dividends": 14628000.0,
        "Net Income": 127432000.0,
        "Minority Interests": -2272000.0,
        "Net Income Including Noncontrolling Interests": 129704000.0,
        "Net Income Continuous Operations": 129704000.0,
        "Tax Provision": -10976000.0,
        "Pretax Income": 118728000.0,
        "Other Income Expense": 70773000.0,
        "Other Non Operating Income Expenses": -3037000.0,
        "Special Income Charges": 0.0,
        "Other Special Charges": NaN,
        "Write Off": 0.0,
        "Impairment Of Capital Assets": NaN,
        "Restructuring And Mergern Acquisition": NaN,
        "Earnings From Equity Interest": 73810000.0,
        "Net Non Operating Interest Income Expense": -106334000.0,
        "Interest Expense Non Operating": 106334000.0,
        "Operating Income": 154289000.0,
        "Operating Expense": 98673000.0,
        "Selling General And Administration": 55627000.0,
        "Gross Profit": 252962000.0,
        "Cost Of Revenue": 85552000.0,
        "Total Revenue": 338514000.0,
        "Operating Revenue": 338514000.0
    },
    "2023-12-31": {
        "Tax Effect Of Unusual Items": 0.0,
        "Tax Rate For Calcs": 0.21,
        "Normalized EBITDA": 344268000.0,
        "Total Unusual Items": 0.0,
        "Total Unusual Items Excluding Goodwill": 0.0,
        "Net Income From Continuing Operation Net Minority Interest": 148870000.0,
        "Reconciled Depreciation": 86808000.0,
        "Reconciled Cost Of Revenue": 86808000.0,
        "EBITDA": 344268000.0,
        "EBIT": 257460000.0,
        "Net Interest Income": -111949000.0,
        "Interest Expense": 111949000.0,
        "Normalized Income": 148870000.0,
        "Net Income From Continuing And Discontinued Operation": 148870000.0,
        "Total Expenses": 175298000.0,
        "Total Operating Income As Reported": 185311000.0,
        "Diluted Average Shares": 439362000.0,
        "Basic Average Shares": 434102000.0,
        "Diluted EPS": 0.31,
        "Basic EPS": 0.31,
        "Diluted NI Availto Com Stockholders": 134242000.0,
        "Net Income Common Stockholders": 134242000.0,
        "Preferred Stock Dividends": 14628000.0,
        "Net Income": 148870000.0,
        "Minority Interests": -1169000.0,
        "Net Income Including Noncontrolling Interests": 150039000.0,
        "Net Income Continuous Operations": 150039000.0,
        "Tax Provision": -4528000.0,
        "Pretax Income": 145511000.0,
        "Other Income Expense": 72149000.0,
        "Other Non Operating Income Expenses": -5448000.0,
        "Special Income Charges": 0.0,
        "Other Special Charges": NaN,
        "Write Off": 0.0,
        "Impairment Of Capital Assets": NaN,
        "Restructuring And Mergern Acquisition": NaN,
        "Earnings From Equity Interest": 77597000.0,
        "Net Non Operating Interest Income Expense": -111949000.0,
        "Interest Expense Non Operating": 111949000.0,
        "Operating Income": 185311000.0,
        "Operating Expense": 88490000.0,
        "Selling General And Administration": 42193000.0,
        "Gross Profit": 273801000.0,
        "Cost Of Revenue": 86808000.0,
        "Total Revenue": 360609000.0,
        "Operating Revenue": 360609000.0
    },
    "2024-03-31": {
        "Tax Effect Of Unusual Items": -841232.0,
        "Tax Rate For Calcs": 0.148,
        "Normalized EBITDA": 343746000.0,
        "Total Unusual Items": -5684000.0,
        "Total Unusual Items Excluding Goodwill": -5684000.0,
        "Net Income From Continuing Operation Net Minority Interest": 108999000.0,
        "Reconciled Depreciation": 87877000.0,
        "Reconciled Cost Of Revenue": 87877000.0,
        "EBITDA": 338062000.0,
        "EBIT": 250185000.0,
        "Net Interest Income": -118896000.0,
        "Interest Expense": 118896000.0,
        "Normalized Income": 113841768.0,
        "Net Income From Continuing And Discontinued Operation": 108999000.0,
        "Total Expenses": 177434000.0,
        "Total Operating Income As Reported": 181156000.0,
        "Diluted Average Shares": 440561000.0,
        "Basic Average Shares": 434497000.0,
        "Diluted EPS": 0.21,
        "Basic EPS": 0.22,
        "Diluted NI Availto Com Stockholders": 94371000.0,
        "Net Income Common Stockholders": 94371000.0,
        "Preferred Stock Dividends": 14628000.0,
        "Net Income": 108999000.0,
        "Minority Interests": -2890000.0,
        "Net Income Including Noncontrolling Interests": 111889000.0,
        "Net Income Continuous Operations": 111889000.0,
        "Tax Provision": 19400000.0,
        "Pretax Income": 131289000.0,
        "Other Income Expense": 63345000.0,
        "Other Non Operating Income Expenses": -3976000.0,
        "Special Income Charges": -5684000.0,
        "Other Special Charges": NaN,
        "Write Off": NaN,
        "Impairment Of Capital Assets": NaN,
        "Restructuring And Mergern Acquisition": 5684000.0,
        "Earnings From Equity Interest": 73005000.0,
        "Net Non Operating Interest Income Expense": -118896000.0,
        "Interest Expense Non Operating": 118896000.0,
        "Operating Income": 186840000.0,
        "Operating Expense": 89557000.0,
        "Selling General And Administration": 44329000.0,
        "Gross Profit": 276397000.0,
        "Cost Of Revenue": 87877000.0,
        "Total Revenue": 364274000.0,
        "Operating Revenue": 364274000.0
    }
}