{
    "2023-03-31": {
        "Tax Effect Of Unusual Items": NaN,
        "Tax Rate For Calcs": NaN,
        "Normalized EBITDA": NaN,
        "Total Unusual Items": NaN,
        "Total Unusual Items Excluding Goodwill": NaN,
        "Net Income From Continuing Operation Net Minority Interest": NaN,
        "Reconciled Depreciation": NaN,
        "Reconciled Cost Of Revenue": NaN,
        "EBITDA": NaN,
        "EBIT": NaN,
        "Normalized Income": NaN,
        "Net Income From Continuing And Discontinued Operation": NaN,
        "Total Expenses": NaN,
        "Total Operating Income As Reported": NaN,
        "Diluted Average Shares": NaN,
        "Basic Average Shares": NaN,
        "Diluted EPS": NaN,
        "Basic EPS": NaN,
        "Diluted NI Availto Com Stockholders": NaN,
        "Average Dilution Earnings": NaN,
        "Net Income Common Stockholders": NaN,
        "Net Income": NaN,
        "Net Income Including Noncontrolling Interests": NaN,
        "Net Income Continuous Operations": NaN,
        "Tax Provision": NaN,
        "Pretax Income": NaN,
        "Other Income Expense": NaN,
        "Other Non Operating Income Expenses": 3072000.0,
        "Special Income Charges": NaN,
        "Write Off": NaN,
        "Impairment Of Capital Assets": NaN,
        "Operating Income": NaN,
        "Operating Expense": NaN,
        "Research And Development": NaN,
        "Selling General And Administration": NaN,
        "Selling And Marketing Expense": NaN,
        "General And Administrative Expense": NaN,
        "Other Gand A": NaN,
        "Gross Profit": NaN,
        "Cost Of Revenue": NaN,
        "Total Revenue": NaN,
        "Operating Revenue": NaN
    },
    "2022-12-31": {
        "Tax Effect Of Unusual Items": NaN,
        "Tax Rate For Calcs": NaN,
        "Normalized EBITDA": NaN,
        "Total Unusual Items": -206000.0,
        "Total Unusual Items Excluding Goodwill": -206000.0,
        "Net Income From Continuing Operation Net Minority Interest": NaN,
        "Reconciled Depreciation": NaN,
        "Reconciled Cost Of Revenue": NaN,
        "EBITDA": NaN,
        "EBIT": NaN,
        "Normalized Income": NaN,
        "Net Income From Continuing And Discontinued Operation": NaN,
        "Total Expenses": NaN,
        "Total Operating Income As Reported": NaN,
        "Diluted Average Shares": NaN,
        "Basic Average Shares": NaN,
        "Diluted EPS": NaN,
        "Basic EPS": NaN,
        "Diluted NI Availto Com Stockholders": NaN,
        "Average Dilution Earnings": NaN,
        "Net Income Common Stockholders": NaN,
        "Net Income": NaN,
        "Net Income Including Noncontrolling Interests": NaN,
        "Net Income Continuous Operations": NaN,
        "Tax Provision": NaN,
        "Pretax Income": NaN,
        "Other Income Expense": NaN,
        "Other Non Operating Income Expenses": NaN,
        "Special Income Charges": 0.0,
        "Write Off": NaN,
        "Impairment Of Capital Assets": 0.0,
        "Operating Income": NaN,
        "Operating Expense": NaN,
        "Research And Development": NaN,
        "Selling General And Administration": NaN,
        "Selling And Marketing Expense": NaN,
        "General And Administrative Expense": NaN,
        "Other Gand A": NaN,
        "Gross Profit": NaN,
        "Cost Of Revenue": NaN,
        "Total Revenue": NaN,
        "Operating Revenue": NaN
    },
    "2022-09-30": {
        "Tax Effect Of Unusual Items": NaN,
        "Tax Rate For Calcs": NaN,
        "Normalized EBITDA": NaN,
        "Total Unusual Items": -1045022000.0,
        "Total Unusual Items Excluding Goodwill": -1045022000.0,
        "Net Income From Continuing Operation Net Minority Interest": NaN,
        "Reconciled Depreciation": NaN,
        "Reconciled Cost Of Revenue": NaN,
        "EBITDA": NaN,
        "EBIT": NaN,
        "Normalized Income": NaN,
        "Net Income From Continuing And Discontinued Operation": NaN,
        "Total Expenses": NaN,
        "Total Operating Income As Reported": NaN,
        "Diluted Average Shares": NaN,
        "Basic Average Shares": NaN,
        "Diluted EPS": NaN,
        "Basic EPS": NaN,
        "Diluted NI Availto Com Stockholders": NaN,
        "Average Dilution Earnings": NaN,
        "Net Income Common Stockholders": NaN,
        "Net Income": NaN,
        "Net Income Including Noncontrolling Interests": NaN,
        "Net Income Continuous Operations": NaN,
        "Tax Provision": NaN,
        "Pretax Income": NaN,
        "Other Income Expense": NaN,
        "Other Non Operating Income Expenses": 5763000.0,
        "Special Income Charges": -1045022000.0,
        "Write Off": NaN,
        "Impairment Of Capital Assets": 1045022000.0,
        "Operating Income": NaN,
        "Operating Expense": NaN,
        "Research And Development": NaN,
        "Selling General And Administration": NaN,
        "Selling And Marketing Expense": NaN,
        "General And Administrative Expense": NaN,
        "Other Gand A": NaN,
        "Gross Profit": NaN,
        "Cost Of Revenue": NaN,
        "Total Revenue": NaN,
        "Operating Revenue": NaN
    },
    "2022-06-30": {
        "Tax Effect Of Unusual Items": 0.0,
        "Tax Rate For Calcs": 0.000533,
        "Normalized EBITDA": 97588000.0,
        "Total Unusual Items": NaN,
        "Total Unusual Items Excluding Goodwill": NaN,
        "Net Income From Continuing Operation Net Minority Interest": 73123000.0,
        "Reconciled Depreciation": 25027000.0,
        "Reconciled Cost Of Revenue": 171421000.0,
        "EBITDA": 97588000.0,
        "EBIT": 72561000.0,
        "Normalized Income": 73123000.0,
        "Net Income From Continuing And Discontinued Operation": 73123000.0,
        "Total Expenses": 512574000.0,
        "Total Operating Income As Reported": 72561000.0,
        "Diluted Average Shares": 145683336.0,
        "Basic Average Shares": 127088053.0,
        "Diluted EPS": 0.51,
        "Basic EPS": 0.58,
        "Diluted NI Availto Com Stockholders": 73123000.0,
        "Average Dilution Earnings": 1591000.0,
        "Net Income Common Stockholders": 73123000.0,
        "Net Income": 73123000.0,
        "Net Income Including Noncontrolling Interests": 73123000.0,
        "Net Income Continuous Operations": 73123000.0,
        "Tax Provision": 39000.0,
        "Pretax Income": 73162000.0,
        "Other Income Expense": 601000.0,
        "Other Non Operating Income Expenses": 601000.0,
        "Special Income Charges": NaN,
        "Impairment Of Capital Assets": NaN,
        "Operating Income": 72561000.0,
        "Operating Expense": 341153000.0,
        "Research And Development": 102095000.0,
        "Selling General And Administration": 239058000.0,
        "Selling And Marketing Expense": 164068000.0,
        "General And Administrative Expense": 74990000.0,
        "Other Gand A": 74990000.0,
        "Salaries And Wages": NaN,
        "Gross Profit": 413714000.0,
        "Cost Of Revenue": 171421000.0,
        "Total Revenue": 585135000.0,
        "Operating Revenue": 585135000.0
    },
    "2023-06-30": {
        "Tax Effect Of Unusual Items": NaN,
        "Tax Rate For Calcs": NaN,
        "Normalized EBITDA": NaN,
        "Total Unusual Items": NaN,
        "Total Unusual Items Excluding Goodwill": NaN,
        "Net Income From Continuing Operation Net Minority Interest": NaN,
        "Reconciled Depreciation": NaN,
        "Reconciled Cost Of Revenue": NaN,
        "EBITDA": NaN,
        "EBIT": NaN,
        "Normalized Income": NaN,
        "Net Income From Continuing And Discontinued Operation": NaN,
        "Total Expenses": NaN,
        "Total Operating Income As Reported": NaN,
        "Diluted Average Shares": NaN,
        "Basic Average Shares": NaN,
        "Diluted EPS": NaN,
        "Basic EPS": NaN,
        "Diluted NI Availto Com Stockholders": NaN,
        "Average Dilution Earnings": NaN,
        "Net Income Common Stockholders": NaN,
        "Net Income": NaN,
        "Net Income Including Noncontrolling Interests": NaN,
        "Net Income Continuous Operations": NaN,
        "Tax Provision": NaN,
        "Pretax Income": NaN,
        "Other Income Expense": NaN,
        "Other Non Operating Income Expenses": 7786000.0,
        "Special Income Charges": NaN,
        "Write Off": 68091000.0,
        "Impairment Of Capital Assets": NaN,
        "Operating Income": NaN,
        "Operating Expense": NaN,
        "Research And Development": NaN,
        "Selling General And Administration": NaN,
        "Selling And Marketing Expense": NaN,
        "General And Administrative Expense": NaN,
        "Other Gand A": NaN,
        "Gross Profit": NaN,
        "Cost Of Revenue": NaN,
        "Total Revenue": NaN,
        "Operating Revenue": NaN
    },
    "2022-03-31": {
        "Diluted EPS": 0.6,
        "Total Revenue": 579,
        "Gross Profit": 406,
        "Operating Income": 84,
        "EBIT": 109,
        "Net Income": 86
    },
    "2021-12-31": {
        "Diluted EPS": 1.1,
        "Total Revenue": 717,
        "Gross Profit": 508,
        "Operating Income": 142,
        "EBIT": 167,
        "Net Income": 162
    },
    "2021-09-30": {
        "Diluted EPS": 0.62,
        "Total Revenue": 532,
        "Gross Profit": 379,
        "Operating Income": 84,
        "EBIT": 107,
        "Net Income": 90
    },
    "2021-06-30": {
        "Diluted EPS": 0.68,
        "Total Revenue": 529,
        "Gross Profit": 380,
        "Operating Income": 89,
        "EBIT": 102,
        "Net Income": 98
    },
    "2021-03-31": {
        "Diluted EPS": 1.0,
        "Total Revenue": 551,
        "Gross Profit": 408,
        "Operating Income": 151,
        "EBIT": 164,
        "Net Income": 144
    },
    "2020-12-31": {
        "Diluted EPS": 1.14,
        "Total Revenue": 617,
        "Gross Profit": 467,
        "Operating Income": 161,
        "EBIT": 174,
        "Net Income": 149
    },
    "2020-09-30": {
        "Diluted EPS": 0.7,
        "Total Revenue": 451,
        "Gross Profit": 331,
        "Operating Income": 118,
        "EBIT": 134,
        "Net Income": 92
    },
    "2020-06-30": {
        "Diluted EPS": 0.75,
        "Total Revenue": 429,
        "Gross Profit": 317,
        "Operating Income": 119,
        "EBIT": 133,
        "Net Income": 96
    },
    "2020-03-31": {
        "Diluted EPS": 0.1,
        "Total Revenue": 228,
        "Gross Profit": 146,
        "Operating Income": 25,
        "EBIT": 41,
        "Net Income": 13
    },
    "2019-12-31": {
        "Diluted EPS": 0.26,
        "Total Revenue": 270,
        "Gross Profit": 179,
        "Operating Income": 25,
        "EBIT": 42,
        "Net Income": 31
    },
    "2019-09-30": {
        "Diluted EPS": 0.12,
        "Total Revenue": 198,
        "Gross Profit": 129,
        "Operating Income": 14,
        "EBIT": 27,
        "Net Income": 15
    },
    "2019-06-30": {
        "Diluted EPS": 0.14,
        "Total Revenue": 181,
        "Gross Profit": 122,
        "Operating Income": 18,
        "EBIT": 28,
        "Net Income": 18
    },
    "2019-03-31": {
        "Diluted EPS": 0.24,
        "Total Revenue": 169,
        "Gross Profit": 117,
        "Operating Income": 32,
        "EBIT": 42,
        "Net Income": 32
    },
    "2018-12-31": {
        "Diluted EPS": 0.33,
        "Total Revenue": 200,
        "Gross Profit": 143,
        "Operating Income": 29,
        "EBIT": 38,
        "Net Income": 41
    },
    "2018-09-30": {
        "Diluted EPS": 0.15,
        "Total Revenue": 150,
        "Gross Profit": 103,
        "Operating Income": 19,
        "EBIT": 25,
        "Net Income": 20
    },
    "2018-06-30": {
        "Diluted EPS": 0.03,
        "Total Revenue": 132,
        "Gross Profit": 87,
        "Operating Income": 13,
        "EBIT": 19,
        "Net Income": 3
    },
    "2018-03-31": {
        "Diluted EPS": 0.1,
        "Total Revenue": 121,
        "Gross Profit": 80,
        "Operating Income": 14,
        "EBIT": 20,
        "Net Income": 13
    },
    "2017-12-31": {
        "Diluted EPS": 0.37,
        "Total Revenue": 136,
        "Gross Profit": 92,
        "Operating Income": 18,
        "EBIT": 25,
        "Net Income": 45
    },
    "2017-09-30": {
        "Diluted EPS": 0.21,
        "Total Revenue": 106,
        "Gross Profit": 70,
        "Operating Income": 7,
        "EBIT": 15,
        "Net Income": 26
    },
    "2017-06-30": {
        "Diluted EPS": 0.1,
        "Total Revenue": 102,
        "Gross Profit": 66,
        "Operating Income": -12,
        "EBIT": -5,
        "Net Income": 12
    },
    "2017-03-31": {
        "Diluted EPS": 0.0,
        "Total Revenue": 97,
        "Gross Profit": 62,
        "Operating Income": -2,
        "EBIT": 5,
        "Net Income": 0
    },
    "2016-12-31": {
        "Diluted EPS": -0.19,
        "Total Revenue": 110,
        "Gross Profit": 73,
        "Operating Income": 3,
        "EBIT": 15,
        "Net Income": -21
    },
    "2016-09-30": {
        "Diluted EPS": -0.02,
        "Total Revenue": 88,
        "Gross Profit": 58,
        "Operating Income": 3,
        "EBIT": 11,
        "Net Income": -2
    },
    "2016-06-30": {
        "Diluted EPS": -0.06,
        "Total Revenue": 85,
        "Gross Profit": 56,
        "Operating Income": 5,
        "EBIT": 10,
        "Net Income": -7
    },
    "2016-03-31": {
        "Diluted EPS": 0.01,
        "Total Revenue": 82,
        "Gross Profit": 54,
        "Operating Income": 7,
        "EBIT": 21,
        "Net Income": 1
    },
    "2015-12-31": {
        "Diluted EPS": 0.38,
        "Total Revenue": 88,
        "Gross Profit": 58,
        "Operating Income": 8,
        "EBIT": 15,
        "Net Income": -4
    },
    "2015-09-30": {
        "Diluted EPS": -0.06,
        "Total Revenue": 66,
        "Gross Profit": 42,
        "Operating Income": -2,
        "EBIT": 9,
        "Net Income": -7
    },
    "2015-06-30": {
        "Diluted EPS": -0.07,
        "Total Revenue": 61,
        "Gross Profit": 39,
        "Operating Income": -4,
        "EBIT": 3,
        "Net Income": -6
    },
    "2015-03-31": {
        "Diluted EPS": -0.84,
        "Total Revenue": 59,
        "Gross Profit": 38,
        "Operating Income": -5,
        "EBIT": 7,
        "Net Income": -37
    },
    "2014-12-31": {
        "Diluted EPS": -0.12,
        "Total Revenue": 65,
        "Gross Profit": 42,
        "Operating Income": 0,
        "EBIT": 5,
        "Net Income": -6
    },
    "2014-09-30": {
        "Diluted EPS": -0.15,
        "Total Revenue": 48,
        "Gross Profit": 30,
        "Operating Income": -3,
        "EBIT": 1,
        "Net Income": -6
    },
    "2014-06-30": {
        "Diluted EPS": -0.08,
        "Total Revenue": 43,
        "Gross Profit": 25,
        "Operating Income": -4,
        "EBIT": 0,
        "Net Income": -3
    },
    "2014-03-31": {
        "Diluted EPS": -0.01,
        "Total Revenue": 41,
        "Gross Profit": 25,
        "Operating Income": 0,
        "EBIT": 4,
        "Net Income": 0
    },
    "2013-12-31": {
        "Diluted EPS": 0.0,
        "Total Revenue": NaN,
        "Gross Profit": NaN,
        "Operating Income": NaN,
        "EBIT": NaN,
        "Net Income": NaN
    },
    "2012-12-31": {
        "Diluted EPS": 0.0,
        "Total Revenue": NaN,
        "Gross Profit": NaN,
        "Operating Income": NaN,
        "EBIT": NaN,
        "Net Income": NaN
    },
    "2023-09-30": {
        "Tax Effect Of Unusual Items": NaN,
        "Tax Rate For Calcs": NaN,
        "Normalized EBITDA": NaN,
        "Total Unusual Items": NaN,
        "Total Unusual Items Excluding Goodwill": NaN,
        "Net Income From Continuing Operation Net Minority Interest": NaN,
        "Reconciled Depreciation": NaN,
        "Reconciled Cost Of Revenue": NaN,
        "EBITDA": NaN,
        "EBIT": NaN,
        "Normalized Income": NaN,
        "Net Income From Continuing And Discontinued Operation": NaN,
        "Total Expenses": NaN,
        "Total Operating Income As Reported": NaN,
        "Diluted Average Shares": NaN,
        "Basic Average Shares": NaN,
        "Diluted EPS": NaN,
        "Basic EPS": NaN,
        "Diluted NI Availto Com Stockholders": NaN,
        "Average Dilution Earnings": NaN,
        "Net Income Common Stockholders": NaN,
        "Net Income": NaN,
        "Net Income Including Noncontrolling Interests": NaN,
        "Net Income Continuous Operations": NaN,
        "Tax Provision": NaN,
        "Pretax Income": NaN,
        "Other Income Expense": NaN,
        "Other Non Operating Income Expenses": 8411000.0,
        "Special Income Charges": NaN,
        "Impairment Of Capital Assets": NaN,
        "Operating Income": NaN,
        "Operating Expense": NaN,
        "Research And Development": NaN,
        "Selling General And Administration": NaN,
        "Selling And Marketing Expense": NaN,
        "General And Administrative Expense": NaN,
        "Other Gand A": NaN,
        "Gross Profit": NaN,
        "Cost Of Revenue": NaN,
        "Total Revenue": NaN,
        "Operating Revenue": NaN
    },
    "2023-12-31": {
        "Tax Effect Of Unusual Items": NaN,
        "Tax Rate For Calcs": NaN,
        "Normalized EBITDA": NaN,
        "Total Unusual Items": -8978000.0,
        "Total Unusual Items Excluding Goodwill": -8978000.0,
        "Net Income From Continuing Operation Net Minority Interest": NaN,
        "Reconciled Depreciation": NaN,
        "Reconciled Cost Of Revenue": NaN,
        "EBITDA": NaN,
        "EBIT": NaN,
        "Normalized Income": NaN,
        "Net Income From Continuing And Discontinued Operation": NaN,
        "Total Expenses": NaN,
        "Total Operating Income As Reported": NaN,
        "Diluted Average Shares": 136552671.0,
        "Basic Average Shares": 119599093.0,
        "Diluted EPS": 0.62,
        "Basic EPS": 0.7,
        "Diluted NI Availto Com Stockholders": NaN,
        "Average Dilution Earnings": NaN,
        "Net Income Common Stockholders": NaN,
        "Net Income": NaN,
        "Net Income Including Noncontrolling Interests": NaN,
        "Net Income Continuous Operations": NaN,
        "Tax Provision": NaN,
        "Pretax Income": NaN,
        "Other Income Expense": NaN,
        "Other Non Operating Income Expenses": NaN,
        "Special Income Charges": -2630000.0,
        "Impairment Of Capital Assets": 0.0,
        "Operating Income": NaN,
        "Operating Expense": NaN,
        "Research And Development": NaN,
        "Selling General And Administration": NaN,
        "Selling And Marketing Expense": NaN,
        "General And Administrative Expense": NaN,
        "Other Gand A": NaN,
        "Gross Profit": NaN,
        "Cost Of Revenue": NaN,
        "Total Revenue": NaN,
        "Operating Revenue": NaN
    },
    "2024-03-31": {
        "Tax Effect Of Unusual Items": 0.0,
        "Tax Rate For Calcs": 0.209,
        "Normalized EBITDA": 94936000.0,
        "Total Unusual Items": NaN,
        "Total Unusual Items Excluding Goodwill": NaN,
        "Net Income From Continuing Operation Net Minority Interest": 63004000.0,
        "Reconciled Depreciation": 26846000.0,
        "Reconciled Cost Of Revenue": 187133000.0,
        "EBITDA": 94936000.0,
        "EBIT": 68090000.0,
        "Normalized Income": 63004000.0,
        "Net Income From Continuing And Discontinued Operation": 63004000.0,
        "Total Expenses": 577864000.0,
        "Total Operating Income As Reported": 68090000.0,
        "Diluted Average Shares": 135338000.0,
        "Basic Average Shares": 118440000.0,
        "Diluted EPS": 0.48,
        "Basic EPS": 0.53,
        "Diluted NI Availto Com Stockholders": 64589000.0,
        "Average Dilution Earnings": 1585000.0,
        "Net Income Common Stockholders": 63004000.0,
        "Net Income": 63004000.0,
        "Net Income Including Noncontrolling Interests": 63004000.0,
        "Net Income Continuous Operations": 63004000.0,
        "Tax Provision": 16651000.0,
        "Pretax Income": 79655000.0,
        "Other Income Expense": 11565000.0,
        "Other Non Operating Income Expenses": 11565000.0,
        "Special Income Charges": NaN,
        "Impairment Of Capital Assets": NaN,
        "Operating Income": 68090000.0,
        "Operating Expense": 390731000.0,
        "Research And Development": 109846000.0,
        "Selling General And Administration": 280885000.0,
        "Selling And Marketing Expense": 191811000.0,
        "General And Administrative Expense": 89074000.0,
        "Other Gand A": 89074000.0,
        "Gross Profit": 458821000.0,
        "Cost Of Revenue": 187133000.0,
        "Total Revenue": 645954000.0,
        "Operating Revenue": 645954000.0
    },
    "2024-06-30": {
        "Tax Effect Of Unusual Items": 0.0,
        "Tax Rate For Calcs": 0.328855,
        "Normalized EBITDA": 97256000.0,
        "Total Unusual Items": 0.0,
        "Total Unusual Items Excluding Goodwill": 0.0,
        "Net Income From Continuing Operation Net Minority Interest": 53005000.0,
        "Reconciled Depreciation": 27087000.0,
        "Reconciled Cost Of Revenue": 184090000.0,
        "EBITDA": 97256000.0,
        "EBIT": 70169000.0,
        "Normalized Income": 53005000.0,
        "Net Income From Continuing And Discontinued Operation": 53005000.0,
        "Total Expenses": 577637000.0,
        "Total Operating Income As Reported": 70169000.0,
        "Diluted Average Shares": 133118000.0,
        "Basic Average Shares": 116432000.0,
        "Diluted EPS": 0.41,
        "Basic EPS": 0.46,
        "Diluted NI Availto Com Stockholders": 54590000.0,
        "Average Dilution Earnings": 1585000.0,
        "Net Income Common Stockholders": 53005000.0,
        "Net Income": 53005000.0,
        "Net Income Including Noncontrolling Interests": 53005000.0,
        "Net Income Continuous Operations": 53005000.0,
        "Tax Provision": 25972000.0,
        "Pretax Income": 78977000.0,
        "Other Income Expense": 8808000.0,
        "Other Non Operating Income Expenses": 8808000.0,
        "Special Income Charges": 0.0,
        "Impairment Of Capital Assets": 0.0,
        "Operating Income": 70169000.0,
        "Operating Expense": 393547000.0,
        "Research And Development": 114493000.0,
        "Selling General And Administration": 279054000.0,
        "Selling And Marketing Expense": 183063000.0,
        "General And Administrative Expense": 95991000.0,
        "Other Gand A": 95991000.0,
        "Gross Profit": 463716000.0,
        "Cost Of Revenue": 184090000.0,
        "Total Revenue": 647806000.0,
        "Operating Revenue": 647806000.0
    },
    "2024-09-30": {
        "Tax Effect Of Unusual Items": 0.0,
        "Tax Rate For Calcs": 0.222788,
        "Normalized EBITDA": 114556000.0,
        "Total Unusual Items": 0.0,
        "Total Unusual Items Excluding Goodwill": 0.0,
        "Net Income From Continuing Operation Net Minority Interest": 57366000.0,
        "Reconciled Depreciation": 27739000.0,
        "Reconciled Cost Of Revenue": 185640000.0,
        "EBITDA": 114556000.0,
        "EBIT": 86817000.0,
        "Normalized Income": 57366000.0,
        "Net Income From Continuing And Discontinued Operation": 57366000.0,
        "Total Expenses": 575593000.0,
        "Total Operating Income As Reported": 86817000.0,
        "Diluted Average Shares": 130748000.0,
        "Basic Average Shares": 114181000.0,
        "Diluted EPS": 0.45,
        "Basic EPS": 0.5,
        "Diluted NI Availto Com Stockholders": 58951000.0,
        "Average Dilution Earnings": 1585000.0,
        "Net Income Common Stockholders": 57366000.0,
        "Net Income": 57366000.0,
        "Net Income Including Noncontrolling Interests": 57366000.0,
        "Net Income Continuous Operations": 57366000.0,
        "Tax Provision": 16444000.0,
        "Pretax Income": 73810000.0,
        "Other Income Expense": -13007000.0,
        "Other Non Operating Income Expenses": -13007000.0,
        "Special Income Charges": 0.0,
        "Impairment Of Capital Assets": 0.0,
        "Operating Income": 86817000.0,
        "Operating Expense": 389953000.0,
        "Research And Development": 107251000.0,
        "Selling General And Administration": 282702000.0,
        "Selling And Marketing Expense": 196526000.0,
        "General And Administrative Expense": 86176000.0,
        "Other Gand A": 86176000.0,
        "Gross Profit": 476770000.0,
        "Cost Of Revenue": 185640000.0,
        "Total Revenue": 662410000.0,
        "Operating Revenue": 662410000.0
    },
    "2024-12-31": {
        "Tax Effect Of Unusual Items": 3636376.649302,
        "Tax Rate For Calcs": 0.271554,
        "Normalized EBITDA": 212516000.0,
        "Total Unusual Items": 13391000.0,
        "Total Unusual Items Excluding Goodwill": 13391000.0,
        "Net Income From Continuing Operation Net Minority Interest": 129906000.0,
        "Reconciled Depreciation": 26402000.0,
        "Reconciled Cost Of Revenue": 217691000.0,
        "EBITDA": 225907000.0,
        "EBIT": 199505000.0,
        "Normalized Income": 120151376.649302,
        "Net Income From Continuing And Discontinued Operation": 129906000.0,
        "Total Expenses": 697030000.0,
        "Total Operating Income As Reported": 155132000.0,
        "Diluted Average Shares": 127245000.0,
        "Basic Average Shares": 110630000.0,
        "Diluted EPS": 1.03,
        "Basic EPS": 1.17,
        "Diluted NI Availto Com Stockholders": 131476000.0,
        "Average Dilution Earnings": 1570000.0,
        "Net Income Common Stockholders": 129906000.0,
        "Net Income": 129906000.0,
        "Net Income Including Noncontrolling Interests": 129906000.0,
        "Net Income Continuous Operations": 129906000.0,
        "Tax Provision": 48427000.0,
        "Pretax Income": 178333000.0,
        "Other Income Expense": 6025000.0,
        "Other Non Operating Income Expenses": NaN,
        "Special Income Charges": 0.0,
        "Impairment Of Capital Assets": 0.0,
        "Operating Income": 155132000.0,
        "Operating Expense": 479339000.0,
        "Research And Development": 111466000.0,
        "Selling General And Administration": 367873000.0,
        "Selling And Marketing Expense": 285165000.0,
        "General And Administrative Expense": 82708000.0,
        "Other Gand A": 82708000.0,
        "Gross Profit": 634471000.0,
        "Cost Of Revenue": 217691000.0,
        "Total Revenue": 852162000.0,
        "Operating Revenue": 852162000.0
    },
    "2025-03-31": {
        "Tax Effect Of Unusual Items": -40681200.0,
        "Tax Rate For Calcs": 0.4,
        "Normalized EBITDA": 208369000.0,
        "Total Unusual Items": -101703000.0,
        "Total Unusual Items Excluding Goodwill": -101703000.0,
        "Net Income From Continuing Operation Net Minority Interest": -52096000.0,
        "Reconciled Depreciation": 27290000.0,
        "Reconciled Cost Of Revenue": 192061000.0,
        "EBITDA": 106666000.0,
        "EBIT": 79376000.0,
        "Normalized Income": 8925800.0,
        "Net Income From Continuing And Discontinued Operation": -52096000.0,
        "Total Expenses": 571800000.0,
        "Total Operating Income As Reported": -22327000.0,
        "Diluted Average Shares": NaN,
        "Basic Average Shares": NaN,
        "Diluted EPS": NaN,
        "Basic EPS": NaN,
        "Diluted NI Availto Com Stockholders": -52096000.0,
        "Average Dilution Earnings": 0.0,
        "Net Income Common Stockholders": -52096000.0,
        "Net Income": -52096000.0,
        "Net Income Including Noncontrolling Interests": -52096000.0,
        "Net Income Continuous Operations": -52096000.0,
        "Tax Provision": 18777000.0,
        "Pretax Income": -33319000.0,
        "Other Income Expense": -112695000.0,
        "Other Non Operating Income Expenses": -10992000.0,
        "Special Income Charges": -101703000.0,
        "Impairment Of Capital Assets": 101703000.0,
        "Operating Income": 79376000.0,
        "Operating Expense": 379739000.0,
        "Research And Development": 110510000.0,
        "Selling General And Administration": 269229000.0,
        "Selling And Marketing Expense": 189004000.0,
        "General And Administrative Expense": 80225000.0,
        "Other Gand A": 80225000.0,
        "Gross Profit": 459115000.0,
        "Cost Of Revenue": 192061000.0,
        "Total Revenue": 651176000.0,
        "Operating Revenue": 651176000.0
    }
}