{
    "2023-03-31": {
        "Tax Effect Of Unusual Items": -4410.0,
        "Tax Rate For Calcs": 0.21,
        "Normalized EBITDA": 1758000.0,
        "Total Unusual Items": -21000.0,
        "Total Unusual Items Excluding Goodwill": -21000.0,
        "Net Income From Continuing Operation Net Minority Interest": -14648000.0,
        "Reconciled Depreciation": 14774000.0,
        "Reconciled Cost Of Revenue": 31981000.0,
        "EBITDA": 1737000.0,
        "EBIT": -13037000.0,
        "Net Interest Income": 968000.0,
        "Interest Expense": 769000.0,
        "Interest Income": 1737000.0,
        "Normalized Income": -14631410.0,
        "Net Income From Continuing And Discontinued Operation": -14648000.0,
        "Total Expenses": 123639000.0,
        "Total Operating Income As Reported": -15392000.0,
        "Diluted Average Shares": 40274069.0,
        "Basic Average Shares": 40274069.0,
        "Diluted EPS": -0.36,
        "Basic EPS": -0.36,
        "Diluted NI Availto Com Stockholders": -14648000.0,
        "Net Income Common Stockholders": -14648000.0,
        "Net Income": -14648000.0,
        "Net Income Including Noncontrolling Interests": -14648000.0,
        "Net Income Continuous Operations": -14648000.0,
        "Tax Provision": 842000.0,
        "Pretax Income": -13806000.0,
        "Other Income Expense": 597000.0,
        "Other Non Operating Income Expenses": 618000.0,
        "Special Income Charges": -21000.0,
        "Other Special Charges": NaN,
        "Restructuring And Mergern Acquisition": 21000.0,
        "Net Non Operating Interest Income Expense": 968000.0,
        "Interest Expense Non Operating": 769000.0,
        "Interest Income Non Operating": 1737000.0,
        "Operating Income": -15371000.0,
        "Operating Expense": 91658000.0,
        "Research And Development": 25004000.0,
        "Selling General And Administration": 66654000.0,
        "Selling And Marketing Expense": 42188000.0,
        "General And Administrative Expense": 24466000.0,
        "Other Gand A": 24466000.0,
        "Salaries And Wages": NaN,
        "Gross Profit": 76287000.0,
        "Cost Of Revenue": 31981000.0,
        "Total Revenue": 108268000.0,
        "Operating Revenue": 108268000.0
    },
    "2022-12-31": {
        "Tax Effect Of Unusual Items": NaN,
        "Tax Rate For Calcs": NaN,
        "Normalized EBITDA": NaN,
        "Total Unusual Items": NaN,
        "Total Unusual Items Excluding Goodwill": NaN,
        "Net Income From Continuing Operation Net Minority Interest": NaN,
        "Reconciled Depreciation": NaN,
        "Reconciled Cost Of Revenue": NaN,
        "EBITDA": NaN,
        "EBIT": NaN,
        "Net Interest Income": NaN,
        "Interest Expense": NaN,
        "Interest Income": NaN,
        "Normalized Income": NaN,
        "Net Income From Continuing And Discontinued Operation": NaN,
        "Total Expenses": NaN,
        "Total Operating Income As Reported": NaN,
        "Diluted Average Shares": NaN,
        "Basic Average Shares": NaN,
        "Diluted EPS": NaN,
        "Basic EPS": NaN,
        "Diluted NI Availto Com Stockholders": NaN,
        "Net Income Common Stockholders": NaN,
        "Net Income": NaN,
        "Net Income Including Noncontrolling Interests": NaN,
        "Net Income Continuous Operations": NaN,
        "Tax Provision": NaN,
        "Pretax Income": NaN,
        "Other Income Expense": NaN,
        "Other Non Operating Income Expenses": NaN,
        "Special Income Charges": NaN,
        "Other Special Charges": -24013000.0,
        "Restructuring And Mergern Acquisition": NaN,
        "Net Non Operating Interest Income Expense": NaN,
        "Interest Expense Non Operating": NaN,
        "Interest Income Non Operating": NaN,
        "Operating Income": NaN,
        "Operating Expense": NaN,
        "Research And Development": NaN,
        "Selling General And Administration": NaN,
        "Selling And Marketing Expense": NaN,
        "General And Administrative Expense": NaN,
        "Other Gand A": NaN,
        "Salaries And Wages": NaN,
        "Gross Profit": NaN,
        "Cost Of Revenue": NaN,
        "Total Revenue": NaN,
        "Operating Revenue": NaN
    },
    "2022-09-30": {
        "Tax Effect Of Unusual Items": NaN,
        "Tax Rate For Calcs": NaN,
        "Normalized EBITDA": NaN,
        "Total Unusual Items": NaN,
        "Total Unusual Items Excluding Goodwill": NaN,
        "Net Income From Continuing Operation Net Minority Interest": NaN,
        "Reconciled Depreciation": NaN,
        "Reconciled Cost Of Revenue": NaN,
        "EBITDA": NaN,
        "EBIT": NaN,
        "Net Interest Income": NaN,
        "Interest Expense": NaN,
        "Interest Income": NaN,
        "Normalized Income": NaN,
        "Net Income From Continuing And Discontinued Operation": NaN,
        "Total Expenses": NaN,
        "Total Operating Income As Reported": NaN,
        "Diluted Average Shares": NaN,
        "Basic Average Shares": NaN,
        "Diluted EPS": NaN,
        "Basic EPS": NaN,
        "Diluted NI Availto Com Stockholders": NaN,
        "Net Income Common Stockholders": NaN,
        "Net Income": NaN,
        "Net Income Including Noncontrolling Interests": NaN,
        "Net Income Continuous Operations": NaN,
        "Tax Provision": NaN,
        "Pretax Income": NaN,
        "Other Income Expense": NaN,
        "Other Non Operating Income Expenses": NaN,
        "Special Income Charges": NaN,
        "Other Special Charges": 4770000.0,
        "Restructuring And Mergern Acquisition": NaN,
        "Net Non Operating Interest Income Expense": NaN,
        "Interest Expense Non Operating": NaN,
        "Interest Income Non Operating": NaN,
        "Operating Income": NaN,
        "Operating Expense": NaN,
        "Research And Development": NaN,
        "Selling General And Administration": NaN,
        "Selling And Marketing Expense": NaN,
        "General And Administrative Expense": NaN,
        "Other Gand A": NaN,
        "Salaries And Wages": NaN,
        "Gross Profit": NaN,
        "Cost Of Revenue": NaN,
        "Total Revenue": NaN,
        "Operating Revenue": NaN
    },
    "2022-06-30": {
        "Tax Effect Of Unusual Items": -128098.0,
        "Tax Rate For Calcs": 0.019,
        "Normalized EBITDA": -13577000.0,
        "Total Unusual Items": -6742000.0,
        "Total Unusual Items Excluding Goodwill": -6742000.0,
        "Net Income From Continuing Operation Net Minority Interest": -36182000.0,
        "Reconciled Depreciation": 15257000.0,
        "Reconciled Cost Of Revenue": 33239000.0,
        "EBITDA": -20319000.0,
        "EBIT": -35576000.0,
        "Net Interest Income": -628000.0,
        "Interest Expense": 1307000.0,
        "Interest Income": 679000.0,
        "Normalized Income": -29568098.0,
        "Net Income From Continuing And Discontinued Operation": -36182000.0,
        "Total Expenses": 132310000.0,
        "Total Operating Income As Reported": -36066000.0,
        "Diluted Average Shares": 39571647.0,
        "Basic Average Shares": 39571647.0,
        "Diluted EPS": -0.91,
        "Basic EPS": -0.91,
        "Diluted NI Availto Com Stockholders": -36182000.0,
        "Net Income Common Stockholders": -36182000.0,
        "Net Income": -36182000.0,
        "Net Income Including Noncontrolling Interests": -36182000.0,
        "Net Income Continuous Operations": -36182000.0,
        "Tax Provision": -701000.0,
        "Pretax Income": -36883000.0,
        "Other Income Expense": -6931000.0,
        "Other Non Operating Income Expenses": -189000.0,
        "Special Income Charges": -6742000.0,
        "Other Special Charges": NaN,
        "Restructuring And Mergern Acquisition": 6742000.0,
        "Net Non Operating Interest Income Expense": -628000.0,
        "Interest Expense Non Operating": 1307000.0,
        "Interest Income Non Operating": 679000.0,
        "Operating Income": -29324000.0,
        "Operating Expense": 99071000.0,
        "Research And Development": 26619000.0,
        "Selling General And Administration": 72452000.0,
        "Selling And Marketing Expense": 45359000.0,
        "General And Administrative Expense": 27093000.0,
        "Other Gand A": 27093000.0,
        "Salaries And Wages": NaN,
        "Gross Profit": 69747000.0,
        "Cost Of Revenue": 33239000.0,
        "Total Revenue": 102986000.0,
        "Operating Revenue": 102986000.0
    },
    "2022-03-31": {
        "Diluted EPS": -0.48,
        "Total Revenue": 100,
        "Gross Profit": 69,
        "Operating Income": -19,
        "EBIT": 0,
        "Net Income": -19
    },
    "2021-12-31": {
        "Diluted EPS": -0.26,
        "Total Revenue": 103,
        "Gross Profit": 72,
        "Operating Income": -12,
        "EBIT": 8,
        "Net Income": -11
    },
    "2021-09-30": {
        "Diluted EPS": -0.75,
        "Total Revenue": 97,
        "Gross Profit": 66,
        "Operating Income": -19,
        "EBIT": -2,
        "Net Income": -29
    },
    "2021-06-30": {
        "Diluted EPS": -0.89,
        "Total Revenue": 87,
        "Gross Profit": 59,
        "Operating Income": -27,
        "EBIT": -11,
        "Net Income": -34
    },
    "2021-03-31": {
        "Diluted EPS": -0.6,
        "Total Revenue": 82,
        "Gross Profit": 57,
        "Operating Income": -18,
        "EBIT": -4,
        "Net Income": -22
    },
    "2020-12-31": {
        "Diluted EPS": -0.7,
        "Total Revenue": 76,
        "Gross Profit": 54,
        "Operating Income": -18,
        "EBIT": -6,
        "Net Income": -25
    },
    "2020-09-30": {
        "Diluted EPS": -0.7,
        "Total Revenue": 71,
        "Gross Profit": 50,
        "Operating Income": -18,
        "EBIT": -6,
        "Net Income": -24
    },
    "2020-06-30": {
        "Diluted EPS": -0.56,
        "Total Revenue": 65,
        "Gross Profit": 46,
        "Operating Income": -15,
        "EBIT": -4,
        "Net Income": -19
    },
    "2020-03-31": {
        "Diluted EPS": -0.74,
        "Total Revenue": 59,
        "Gross Profit": 38,
        "Operating Income": -22,
        "EBIT": -12,
        "Net Income": -25
    },
    "2019-12-31": {
        "Diluted EPS": -0.38,
        "Total Revenue": 57,
        "Gross Profit": 39,
        "Operating Income": -10,
        "EBIT": -1,
        "Net Income": -13
    },
    "2019-09-30": {
        "Diluted EPS": -0.39,
        "Total Revenue": 53,
        "Gross Profit": 36,
        "Operating Income": -12,
        "EBIT": -5,
        "Net Income": -13
    },
    "2019-06-30": {
        "Diluted EPS": -0.37,
        "Total Revenue": 48,
        "Gross Profit": 34,
        "Operating Income": -12,
        "EBIT": -6,
        "Net Income": -12
    },
    "2019-03-31": {
        "Diluted EPS": -0.44,
        "Total Revenue": 43,
        "Gross Profit": 29,
        "Operating Income": -13,
        "EBIT": -8,
        "Net Income": -14
    },
    "2018-12-31": {
        "Diluted EPS": -0.32,
        "Total Revenue": 42,
        "Gross Profit": 29,
        "Operating Income": -8,
        "EBIT": -3,
        "Net Income": -10
    },
    "2018-09-30": {
        "Diluted EPS": -0.29,
        "Total Revenue": 39,
        "Gross Profit": 27,
        "Operating Income": -7,
        "EBIT": -2,
        "Net Income": -8
    },
    "2018-06-30": {
        "Diluted EPS": -0.59,
        "Total Revenue": 36,
        "Gross Profit": 24,
        "Operating Income": -16,
        "EBIT": -11,
        "Net Income": -17
    },
    "2018-03-31": {
        "Diluted EPS": -0.43,
        "Total Revenue": 31,
        "Gross Profit": 21,
        "Operating Income": -11,
        "EBIT": -7,
        "Net Income": -12
    },
    "2017-12-31": {
        "Diluted EPS": -0.2,
        "Total Revenue": 29,
        "Gross Profit": 21,
        "Operating Income": -5,
        "EBIT": -1,
        "Net Income": -6
    },
    "2017-09-30": {
        "Diluted EPS": -0.15,
        "Total Revenue": 27,
        "Gross Profit": 19,
        "Operating Income": -4,
        "EBIT": -1,
        "Net Income": -4
    },
    "2017-06-30": {
        "Diluted EPS": -0.12,
        "Total Revenue": 25,
        "Gross Profit": 18,
        "Operating Income": -4,
        "EBIT": 0,
        "Net Income": -3
    },
    "2017-03-31": {
        "Diluted EPS": -0.23,
        "Total Revenue": 23,
        "Gross Profit": 15,
        "Operating Income": -6,
        "EBIT": -2,
        "Net Income": -6
    },
    "2016-12-31": {
        "Diluted EPS": -0.01,
        "Total Revenue": 21,
        "Gross Profit": 15,
        "Operating Income": -3,
        "EBIT": 5,
        "Net Income": -3
    },
    "2016-09-30": {
        "Diluted EPS": -0.18,
        "Total Revenue": 20,
        "Gross Profit": 14,
        "Operating Income": -2,
        "EBIT": 0,
        "Net Income": -3
    },
    "2016-06-30": {
        "Diluted EPS": -0.23,
        "Total Revenue": 19,
        "Gross Profit": 13,
        "Operating Income": -3,
        "EBIT": -1,
        "Net Income": -3
    },
    "2016-03-31": {
        "Diluted EPS": -0.26,
        "Total Revenue": 17,
        "Gross Profit": 12,
        "Operating Income": -3,
        "EBIT": -1,
        "Net Income": -3
    },
    "2015-12-31": {
        "Diluted EPS": 0.0,
        "Total Revenue": NaN,
        "Gross Profit": NaN,
        "Operating Income": NaN,
        "EBIT": NaN,
        "Net Income": NaN
    },
    "2015-09-30": {
        "Diluted EPS": -0.3,
        "Total Revenue": 15,
        "Gross Profit": 10,
        "Operating Income": -4,
        "EBIT": -4,
        "Net Income": -4
    },
    "2014-12-31": {
        "Diluted EPS": 0.0,
        "Total Revenue": NaN,
        "Gross Profit": NaN,
        "Operating Income": NaN,
        "EBIT": NaN,
        "Net Income": NaN
    },
    "2013-12-31": {
        "Diluted EPS": 0.0,
        "Total Revenue": NaN,
        "Gross Profit": NaN,
        "Operating Income": NaN,
        "EBIT": NaN,
        "Net Income": NaN
    },
    "2023-06-30": {
        "Tax Effect Of Unusual Items": -139440.0,
        "Tax Rate For Calcs": 0.21,
        "Normalized EBITDA": 2530000.0,
        "Total Unusual Items": -664000.0,
        "Total Unusual Items Excluding Goodwill": -664000.0,
        "Net Income From Continuing Operation Net Minority Interest": -15050000.0,
        "Reconciled Depreciation": 14884000.0,
        "Reconciled Cost Of Revenue": 33091000.0,
        "EBITDA": 1866000.0,
        "EBIT": -13018000.0,
        "Net Interest Income": 1520000.0,
        "Interest Expense": 765000.0,
        "Interest Income": 2285000.0,
        "Normalized Income": -14525440.0,
        "Net Income From Continuing And Discontinued Operation": -15050000.0,
        "Total Expenses": 125336000.0,
        "Total Operating Income As Reported": -15431000.0,
        "Diluted Average Shares": 40551410.0,
        "Basic Average Shares": 40551410.0,
        "Diluted EPS": -0.37,
        "Basic EPS": -0.37,
        "Diluted NI Availto Com Stockholders": -15050000.0,
        "Net Income Common Stockholders": -15050000.0,
        "Net Income": -15050000.0,
        "Net Income Including Noncontrolling Interests": -15050000.0,
        "Net Income Continuous Operations": -15050000.0,
        "Tax Provision": 1267000.0,
        "Pretax Income": -13783000.0,
        "Other Income Expense": -536000.0,
        "Other Non Operating Income Expenses": 128000.0,
        "Special Income Charges": -664000.0,
        "Other Special Charges": NaN,
        "Restructuring And Mergern Acquisition": 664000.0,
        "Net Non Operating Interest Income Expense": 1520000.0,
        "Interest Expense Non Operating": 765000.0,
        "Interest Income Non Operating": 2285000.0,
        "Operating Income": -14767000.0,
        "Operating Expense": 92245000.0,
        "Research And Development": 24613000.0,
        "Selling General And Administration": 67632000.0,
        "Selling And Marketing Expense": 42669000.0,
        "General And Administrative Expense": 24963000.0,
        "Other Gand A": 24963000.0,
        "Salaries And Wages": 10543000.0,
        "Gross Profit": 77478000.0,
        "Cost Of Revenue": 33091000.0,
        "Total Revenue": 110569000.0,
        "Operating Revenue": 110569000.0
    },
    "2023-09-30": {
        "Tax Effect Of Unusual Items": 2215290.0,
        "Tax Rate For Calcs": 0.21,
        "Normalized EBITDA": 5564000.0,
        "Total Unusual Items": 10549000.0,
        "Total Unusual Items Excluding Goodwill": 10549000.0,
        "Net Income From Continuing Operation Net Minority Interest": 1683000.0,
        "Reconciled Depreciation": 14630000.0,
        "Reconciled Cost Of Revenue": 33069000.0,
        "EBITDA": 16113000.0,
        "EBIT": 1483000.0,
        "Net Interest Income": 1416000.0,
        "Interest Expense": 724000.0,
        "Interest Income": 2140000.0,
        "Normalized Income": -6650710.0,
        "Net Income From Continuing And Discontinued Operation": 1683000.0,
        "Total Expenses": 124824000.0,
        "Total Operating Income As Reported": -12742000.0,
        "Diluted Average Shares": 43844334.0,
        "Basic Average Shares": 40782696.0,
        "Diluted EPS": 0.038386,
        "Basic EPS": 0.04,
        "Diluted NI Availto Com Stockholders": 1683000.0,
        "Net Income Common Stockholders": 1683000.0,
        "Net Income": 1683000.0,
        "Net Income Including Noncontrolling Interests": 1683000.0,
        "Net Income Continuous Operations": 1683000.0,
        "Tax Provision": -924000.0,
        "Pretax Income": 759000.0,
        "Other Income Expense": 9976000.0,
        "Other Non Operating Income Expenses": -573000.0,
        "Special Income Charges": 10549000.0,
        "Other Special Charges": -12658000.0,
        "Restructuring And Mergern Acquisition": 2109000.0,
        "Net Non Operating Interest Income Expense": 1416000.0,
        "Interest Expense Non Operating": 724000.0,
        "Interest Income Non Operating": 2140000.0,
        "Operating Income": -10633000.0,
        "Operating Expense": 91755000.0,
        "Research And Development": 23852000.0,
        "Selling General And Administration": 67903000.0,
        "Selling And Marketing Expense": 36699000.0,
        "General And Administrative Expense": 31204000.0,
        "Other Gand A": 31204000.0,
        "Salaries And Wages": NaN,
        "Gross Profit": 81122000.0,
        "Cost Of Revenue": 33069000.0,
        "Total Revenue": 114191000.0,
        "Operating Revenue": 114191000.0
    },
    "2023-12-31": {
        "Tax Effect Of Unusual Items": -173670.0,
        "Tax Rate For Calcs": 0.21,
        "Normalized EBITDA": -875000.0,
        "Total Unusual Items": -827000.0,
        "Total Unusual Items Excluding Goodwill": -827000.0,
        "Net Income From Continuing Operation Net Minority Interest": -19290000.0,
        "Reconciled Depreciation": 14527000.0,
        "Reconciled Cost Of Revenue": 33346000.0,
        "EBITDA": -1702000.0,
        "EBIT": -16229000.0,
        "Net Interest Income": 420000.0,
        "Interest Expense": 538000.0,
        "Interest Income": 958000.0,
        "Normalized Income": -18636670.0,
        "Net Income From Continuing And Discontinued Operation": -19290000.0,
        "Total Expenses": 132767000.0,
        "Total Operating Income As Reported": -17834000.0,
        "Diluted Average Shares": 41055293.0,
        "Basic Average Shares": 41055293.0,
        "Diluted EPS": -0.47,
        "Basic EPS": -0.47,
        "Diluted NI Availto Com Stockholders": -19290000.0,
        "Net Income Common Stockholders": -19290000.0,
        "Net Income": -19290000.0,
        "Net Income Including Noncontrolling Interests": -19290000.0,
        "Net Income Continuous Operations": -19290000.0,
        "Tax Provision": 2523000.0,
        "Pretax Income": -16767000.0,
        "Other Income Expense": -180000.0,
        "Other Non Operating Income Expenses": 647000.0,
        "Special Income Charges": -827000.0,
        "Other Special Charges": 0.0,
        "Restructuring And Mergern Acquisition": 827000.0,
        "Net Non Operating Interest Income Expense": 420000.0,
        "Interest Expense Non Operating": 538000.0,
        "Interest Income Non Operating": 958000.0,
        "Operating Income": -17007000.0,
        "Operating Expense": 99421000.0,
        "Research And Development": 21999000.0,
        "Selling General And Administration": 77422000.0,
        "Selling And Marketing Expense": 37536000.0,
        "General And Administrative Expense": 39886000.0,
        "Other Gand A": 39886000.0,
        "Salaries And Wages": NaN,
        "Gross Profit": 82414000.0,
        "Cost Of Revenue": 33346000.0,
        "Total Revenue": 115760000.0,
        "Operating Revenue": 115760000.0
    },
    "2024-03-31": {
        "Tax Effect Of Unusual Items": -937600.0,
        "Tax Rate For Calcs": 0.4,
        "Normalized EBITDA": 2613000.0,
        "Total Unusual Items": -2344000.0,
        "Total Unusual Items Excluding Goodwill": -2344000.0,
        "Net Income From Continuing Operation Net Minority Interest": -20068000.0,
        "Reconciled Depreciation": 14447000.0,
        "Reconciled Cost Of Revenue": 32444000.0,
        "EBITDA": 269000.0,
        "EBIT": -14178000.0,
        "Net Interest Income": 545000.0,
        "Interest Expense": 539000.0,
        "Interest Income": 1084000.0,
        "Normalized Income": -18661600.0,
        "Net Income From Continuing And Discontinued Operation": -20068000.0,
        "Total Expenses": 123951000.0,
        "Total Operating Income As Reported": -14866000.0,
        "Diluted Average Shares": 41330475.0,
        "Basic Average Shares": 41330475.0,
        "Diluted EPS": -0.49,
        "Basic EPS": -0.49,
        "Diluted NI Availto Com Stockholders": -20068000.0,
        "Net Income Common Stockholders": -20068000.0,
        "Net Income": -20068000.0,
        "Net Income Including Noncontrolling Interests": -20068000.0,
        "Net Income Continuous Operations": -20068000.0,
        "Tax Provision": 5351000.0,
        "Pretax Income": -14717000.0,
        "Other Income Expense": -2740000.0,
        "Other Non Operating Income Expenses": -396000.0,
        "Special Income Charges": -2344000.0,
        "Other Special Charges": NaN,
        "Restructuring And Mergern Acquisition": 2344000.0,
        "Net Non Operating Interest Income Expense": 545000.0,
        "Interest Expense Non Operating": 539000.0,
        "Interest Income Non Operating": 1084000.0,
        "Operating Income": -12522000.0,
        "Operating Expense": 91507000.0,
        "Research And Development": 22848000.0,
        "Selling General And Administration": 68659000.0,
        "Selling And Marketing Expense": 37118000.0,
        "General And Administrative Expense": 31541000.0,
        "Other Gand A": 31541000.0,
        "Salaries And Wages": NaN,
        "Gross Profit": 78985000.0,
        "Cost Of Revenue": 32444000.0,
        "Total Revenue": 111429000.0,
        "Operating Revenue": 111429000.0
    }
}