{
    "2024-03-31": {
        "Tax Effect Of Unusual Items": 0.0,
        "Tax Rate For Calcs": 0.217,
        "Total Unusual Items": NaN,
        "Total Unusual Items Excluding Goodwill": NaN,
        "Net Income From Continuing Operation Net Minority Interest": 2334000.0,
        "Reconciled Depreciation": 301000.0,
        "Net Interest Income": 13907000.0,
        "Interest Expense": 11467000.0,
        "Interest Income": 25374000.0,
        "Normalized Income": 2334000.0,
        "Net Income From Continuing And Discontinued Operation": 2334000.0,
        "Diluted Average Shares": 5519244.0,
        "Basic Average Shares": 5507760.0,
        "Diluted EPS": 0.42,
        "Basic EPS": 0.42,
        "Diluted NI Availto Com Stockholders": 2334000.0,
        "Net Income Common Stockholders": 2334000.0,
        "Net Income": 2334000.0,
        "Net Income Including Noncontrolling Interests": 2334000.0,
        "Net Income Continuous Operations": 2334000.0,
        "Tax Provision": 647000.0,
        "Pretax Income": 2981000.0,
        "Special Income Charges": NaN,
        "Restructuring And Mergern Acquisition": NaN,
        "Depreciation Amortization Depletion Income Statement": 4000.0,
        "Depreciation And Amortization In Income Statement": 4000.0,
        "Amortization": 4000.0,
        "Amortization Of Intangibles Income Statement": 4000.0,
        "Selling General And Administration": 8333000.0,
        "Selling And Marketing Expense": 171000.0,
        "General And Administrative Expense": 8162000.0,
        "Other Gand A": NaN,
        "Insurance And Claims": 325000.0,
        "Salaries And Wages": 7837000.0,
        "Total Revenue": 16174000.0,
        "Operating Revenue": 16174000.0,
        "Occupancy And Equipment": 1157000.0,
        "Professional Expense And Contract Services Expense": 895000.0,
        "Other Non Interest Expense": 2538000.0
    },
    "2023-12-31": {
        "Tax Effect Of Unusual Items": 0.0,
        "Tax Rate For Calcs": 0.360729,
        "Total Unusual Items": NaN,
        "Total Unusual Items Excluding Goodwill": NaN,
        "Net Income From Continuing Operation Net Minority Interest": 10174000.0,
        "Reconciled Depreciation": 67000.0,
        "Net Interest Income": 13946000.0,
        "Interest Expense": 11259000.0,
        "Interest Income": 25205000.0,
        "Normalized Income": 10174000.0,
        "Net Income From Continuing And Discontinued Operation": 10174000.0,
        "Diluted Average Shares": 5499772.0,
        "Basic Average Shares": 5499772.0,
        "Diluted EPS": 1.849895,
        "Basic EPS": 1.849895,
        "Diluted NI Availto Com Stockholders": 10174000.0,
        "Net Income Common Stockholders": 10174000.0,
        "Net Income": 10174000.0,
        "Net Income Including Noncontrolling Interests": 10174000.0,
        "Net Income Continuous Operations": 10174000.0,
        "Tax Provision": 5741000.0,
        "Pretax Income": 15915000.0,
        "Special Income Charges": NaN,
        "Restructuring And Mergern Acquisition": NaN,
        "Depreciation Amortization Depletion Income Statement": 67000.0,
        "Depreciation And Amortization In Income Statement": 67000.0,
        "Amortization": 67000.0,
        "Amortization Of Intangibles Income Statement": 67000.0,
        "Selling General And Administration": 10897000.0,
        "Selling And Marketing Expense": 296000.0,
        "General And Administrative Expense": 10601000.0,
        "Other Gand A": NaN,
        "Insurance And Claims": 350000.0,
        "Salaries And Wages": 10251000.0,
        "Total Revenue": 32497000.0,
        "Operating Revenue": 32497000.0,
        "Occupancy And Equipment": 1078000.0,
        "Professional Expense And Contract Services Expense": 1003000.0,
        "Other Non Interest Expense": 3255000.0
    },
    "2023-09-30": {
        "Tax Effect Of Unusual Items": NaN,
        "Tax Rate For Calcs": NaN,
        "Total Unusual Items": 0.0,
        "Total Unusual Items Excluding Goodwill": 0.0,
        "Net Income From Continuing Operation Net Minority Interest": NaN,
        "Reconciled Depreciation": NaN,
        "Net Interest Income": NaN,
        "Interest Expense": NaN,
        "Interest Income": NaN,
        "Normalized Income": NaN,
        "Net Income From Continuing And Discontinued Operation": NaN,
        "Diluted Average Shares": 5490600.0,
        "Basic Average Shares": 5481566.0,
        "Diluted EPS": 0.66,
        "Basic EPS": 0.66,
        "Diluted NI Availto Com Stockholders": NaN,
        "Net Income Common Stockholders": NaN,
        "Net Income": NaN,
        "Net Income Including Noncontrolling Interests": NaN,
        "Net Income Continuous Operations": NaN,
        "Tax Provision": NaN,
        "Pretax Income": NaN,
        "Special Income Charges": 0.0,
        "Restructuring And Mergern Acquisition": 0.0,
        "Depreciation Amortization Depletion Income Statement": NaN,
        "Depreciation And Amortization In Income Statement": NaN,
        "Amortization": NaN,
        "Amortization Of Intangibles Income Statement": NaN,
        "Selling General And Administration": NaN,
        "Selling And Marketing Expense": NaN,
        "General And Administrative Expense": NaN,
        "Other Gand A": NaN,
        "Insurance And Claims": NaN,
        "Salaries And Wages": NaN,
        "Total Revenue": NaN,
        "Operating Revenue": NaN,
        "Occupancy And Equipment": NaN,
        "Professional Expense And Contract Services Expense": NaN,
        "Other Non Interest Expense": NaN
    },
    "2023-06-30": {
        "Tax Effect Of Unusual Items": NaN,
        "Tax Rate For Calcs": NaN,
        "Total Unusual Items": NaN,
        "Total Unusual Items Excluding Goodwill": NaN,
        "Net Income From Continuing Operation Net Minority Interest": NaN,
        "Reconciled Depreciation": NaN,
        "Net Interest Income": NaN,
        "Interest Expense": NaN,
        "Interest Income": NaN,
        "Normalized Income": NaN,
        "Net Income From Continuing And Discontinued Operation": NaN,
        "Diluted Average Shares": NaN,
        "Basic Average Shares": NaN,
        "Diluted EPS": NaN,
        "Basic EPS": NaN,
        "Diluted NI Availto Com Stockholders": NaN,
        "Net Income Common Stockholders": NaN,
        "Net Income": NaN,
        "Net Income Including Noncontrolling Interests": NaN,
        "Net Income Continuous Operations": NaN,
        "Tax Provision": NaN,
        "Pretax Income": NaN,
        "Special Income Charges": NaN,
        "Restructuring And Mergern Acquisition": NaN,
        "Depreciation Amortization Depletion Income Statement": NaN,
        "Depreciation And Amortization In Income Statement": NaN,
        "Amortization": NaN,
        "Amortization Of Intangibles Income Statement": NaN,
        "Selling General And Administration": NaN,
        "Selling And Marketing Expense": NaN,
        "General And Administrative Expense": NaN,
        "Other Gand A": 1542000.0,
        "Insurance And Claims": NaN,
        "Salaries And Wages": NaN,
        "Total Revenue": NaN,
        "Operating Revenue": NaN,
        "Occupancy And Equipment": NaN,
        "Professional Expense And Contract Services Expense": NaN,
        "Other Non Interest Expense": NaN
    },
    "2023-03-31": {
        "Tax Effect Of Unusual Items": NaN,
        "Tax Rate For Calcs": NaN,
        "Total Unusual Items": NaN,
        "Total Unusual Items Excluding Goodwill": NaN,
        "Net Income From Continuing Operation Net Minority Interest": NaN,
        "Reconciled Depreciation": NaN,
        "Net Interest Income": NaN,
        "Interest Expense": NaN,
        "Interest Income": NaN,
        "Normalized Income": NaN,
        "Net Income From Continuing And Discontinued Operation": NaN,
        "Diluted Average Shares": NaN,
        "Basic Average Shares": NaN,
        "Diluted EPS": NaN,
        "Basic EPS": NaN,
        "Diluted NI Availto Com Stockholders": NaN,
        "Net Income Common Stockholders": NaN,
        "Net Income": NaN,
        "Net Income Including Noncontrolling Interests": NaN,
        "Net Income Continuous Operations": NaN,
        "Tax Provision": NaN,
        "Pretax Income": NaN,
        "Special Income Charges": NaN,
        "Restructuring And Mergern Acquisition": NaN,
        "Depreciation Amortization Depletion Income Statement": NaN,
        "Depreciation And Amortization In Income Statement": NaN,
        "Amortization": NaN,
        "Amortization Of Intangibles Income Statement": NaN,
        "Selling General And Administration": NaN,
        "Selling And Marketing Expense": NaN,
        "General And Administrative Expense": NaN,
        "Other Gand A": 1356000.0,
        "Insurance And Claims": NaN,
        "Salaries And Wages": NaN,
        "Total Revenue": NaN,
        "Operating Revenue": NaN,
        "Occupancy And Equipment": NaN,
        "Professional Expense And Contract Services Expense": NaN,
        "Other Non Interest Expense": NaN
    },
    "2022-09-30": {
        "Tax Effect Of Unusual Items": NaN,
        "Tax Rate For Calcs": NaN,
        "Net Income From Continuing Operation Net Minority Interest": NaN,
        "Reconciled Depreciation": NaN,
        "Net Interest Income": NaN,
        "Interest Expense": NaN,
        "Interest Income": NaN,
        "Normalized Income": NaN,
        "Net Income From Continuing And Discontinued Operation": NaN,
        "Diluted Average Shares": NaN,
        "Basic Average Shares": NaN,
        "Diluted EPS": NaN,
        "Basic EPS": NaN,
        "Diluted NI Availto Com Stockholders": NaN,
        "Net Income Common Stockholders": NaN,
        "Net Income": NaN,
        "Net Income Including Noncontrolling Interests": NaN,
        "Net Income Continuous Operations": NaN,
        "Tax Provision": NaN,
        "Pretax Income": NaN,
        "Depreciation Amortization Depletion Income Statement": NaN,
        "Depreciation And Amortization In Income Statement": NaN,
        "Amortization": NaN,
        "Amortization Of Intangibles Income Statement": NaN,
        "Selling General And Administration": NaN,
        "Selling And Marketing Expense": NaN,
        "General And Administrative Expense": NaN,
        "Other Gand A": 1339000.0,
        "Insurance And Claims": NaN,
        "Salaries And Wages": NaN,
        "Total Revenue": NaN,
        "Operating Revenue": NaN
    },
    "2024-06-30": {
        "Tax Effect Of Unusual Items": 0.0,
        "Tax Rate For Calcs": 0.238,
        "Total Unusual Items": NaN,
        "Total Unusual Items Excluding Goodwill": NaN,
        "Net Income From Continuing Operation Net Minority Interest": 2946000.0,
        "Reconciled Depreciation": 309000.0,
        "Net Interest Income": 14320000.0,
        "Interest Expense": 13495000.0,
        "Interest Income": 27815000.0,
        "Normalized Income": 2946000.0,
        "Net Income From Continuing And Discontinued Operation": 2946000.0,
        "Diluted Average Shares": 5530120.0,
        "Basic Average Shares": 5525695.0,
        "Diluted EPS": 0.53,
        "Basic EPS": 0.53,
        "Diluted NI Availto Com Stockholders": 2946000.0,
        "Net Income Common Stockholders": 2946000.0,
        "Net Income": 2946000.0,
        "Net Income Including Noncontrolling Interests": 2946000.0,
        "Net Income Continuous Operations": 2946000.0,
        "Tax Provision": 919000.0,
        "Pretax Income": 3865000.0,
        "Special Income Charges": NaN,
        "Restructuring And Mergern Acquisition": NaN,
        "Depreciation Amortization Depletion Income Statement": 4000.0,
        "Depreciation And Amortization In Income Statement": 4000.0,
        "Amortization": 4000.0,
        "Amortization Of Intangibles Income Statement": 4000.0,
        "Selling General And Administration": 7884000.0,
        "Selling And Marketing Expense": 254000.0,
        "General And Administrative Expense": 7630000.0,
        "Other Gand A": NaN,
        "Insurance And Claims": 300000.0,
        "Salaries And Wages": 7330000.0,
        "Total Revenue": 16720000.0,
        "Operating Revenue": 16720000.0,
        "Occupancy And Equipment": 1089000.0,
        "Professional Expense And Contract Services Expense": 870000.0,
        "Other Non Interest Expense": 2711000.0
    },
    "2024-09-30": {
        "Tax Effect Of Unusual Items": -484.0,
        "Tax Rate For Calcs": 0.242,
        "Total Unusual Items": -2000.0,
        "Total Unusual Items Excluding Goodwill": -2000.0,
        "Net Income From Continuing Operation Net Minority Interest": 2943000.0,
        "Reconciled Depreciation": 342000.0,
        "Net Interest Income": 15044000.0,
        "Interest Expense": 13654000.0,
        "Interest Income": 28698000.0,
        "Normalized Income": 2944516.0,
        "Net Income From Continuing And Discontinued Operation": 2943000.0,
        "Diluted Average Shares": 5542694.0,
        "Basic Average Shares": 5527343.0,
        "Diluted EPS": 0.53,
        "Basic EPS": 0.53,
        "Diluted NI Availto Com Stockholders": 2943000.0,
        "Net Income Common Stockholders": 2943000.0,
        "Net Income": 2943000.0,
        "Net Income Including Noncontrolling Interests": 2943000.0,
        "Net Income Continuous Operations": 2943000.0,
        "Tax Provision": 938000.0,
        "Pretax Income": 3881000.0,
        "Special Income Charges": -600000.0,
        "Restructuring And Mergern Acquisition": 600000.0,
        "Depreciation Amortization Depletion Income Statement": 4000.0,
        "Depreciation And Amortization In Income Statement": 4000.0,
        "Amortization": 4000.0,
        "Amortization Of Intangibles Income Statement": 4000.0,
        "Selling General And Administration": 8206000.0,
        "Selling And Marketing Expense": 327000.0,
        "General And Administrative Expense": 7879000.0,
        "Other Gand A": NaN,
        "Insurance And Claims": 340000.0,
        "Salaries And Wages": 7539000.0,
        "Total Revenue": 18038000.0,
        "Operating Revenue": 18038000.0,
        "Occupancy And Equipment": 1088000.0,
        "Professional Expense And Contract Services Expense": 992000.0,
        "Other Non Interest Expense": 2697000.0
    },
    "2024-12-31": {
        "Tax Effect Of Unusual Items": -225330.0,
        "Tax Rate For Calcs": 0.21,
        "Total Unusual Items": -1073000.0,
        "Total Unusual Items Excluding Goodwill": -1073000.0,
        "Net Income From Continuing Operation Net Minority Interest": 3731000.0,
        "Reconciled Depreciation": 284000.0,
        "Net Interest Income": 15697000.0,
        "Interest Expense": 12334000.0,
        "Interest Income": 28031000.0,
        "Normalized Income": 4578670.0,
        "Net Income From Continuing And Discontinued Operation": 3731000.0,
        "Diluted Average Shares": NaN,
        "Basic Average Shares": NaN,
        "Diluted EPS": NaN,
        "Basic EPS": NaN,
        "Diluted NI Availto Com Stockholders": 3731000.0,
        "Net Income Common Stockholders": 3731000.0,
        "Net Income": 3731000.0,
        "Net Income Including Noncontrolling Interests": 3731000.0,
        "Net Income Continuous Operations": 3731000.0,
        "Tax Provision": -190000.0,
        "Pretax Income": 3541000.0,
        "Special Income Charges": -1073000.0,
        "Restructuring And Mergern Acquisition": 1073000.0,
        "Depreciation Amortization Depletion Income Statement": 5000.0,
        "Depreciation And Amortization In Income Statement": 5000.0,
        "Amortization": 5000.0,
        "Amortization Of Intangibles Income Statement": 5000.0,
        "Selling General And Administration": 8464000.0,
        "Selling And Marketing Expense": 183000.0,
        "General And Administrative Expense": 8281000.0,
        "Other Gand A": NaN,
        "Insurance And Claims": 350000.0,
        "Salaries And Wages": 7931000.0,
        "Total Revenue": 18274000.0,
        "Operating Revenue": 18274000.0,
        "Occupancy And Equipment": 1023000.0,
        "Professional Expense And Contract Services Expense": 776000.0,
        "Other Non Interest Expense": 2289000.0
    }
}