{
    "2023-03-31": {
        "Tax Effect Of Unusual Items": NaN,
        "Tax Rate For Calcs": NaN,
        "Normalized EBITDA": NaN,
        "Total Unusual Items": NaN,
        "Total Unusual Items Excluding Goodwill": NaN,
        "Net Income From Continuing Operation Net Minority Interest": NaN,
        "Reconciled Depreciation": NaN,
        "Reconciled Cost Of Revenue": NaN,
        "EBITDA": NaN,
        "EBIT": NaN,
        "Net Interest Income": NaN,
        "Interest Expense": NaN,
        "Interest Income": NaN,
        "Normalized Income": NaN,
        "Net Income From Continuing And Discontinued Operation": NaN,
        "Total Expenses": NaN,
        "Rent Expense Supplemental": NaN,
        "Total Operating Income As Reported": NaN,
        "Diluted Average Shares": NaN,
        "Basic Average Shares": NaN,
        "Diluted EPS": NaN,
        "Basic EPS": NaN,
        "Diluted NI Availto Com Stockholders": NaN,
        "Net Income Common Stockholders": NaN,
        "Net Income": NaN,
        "Minority Interests": 342000.0,
        "Net Income Including Noncontrolling Interests": NaN,
        "Net Income Discontinuous Operations": NaN,
        "Net Income Continuous Operations": NaN,
        "Tax Provision": NaN,
        "Pretax Income": NaN,
        "Other Income Expense": NaN,
        "Special Income Charges": NaN,
        "Other Special Charges": 1556000.0,
        "Write Off": 0.0,
        "Restructuring And Mergern Acquisition": NaN,
        "Gain On Sale Of Security": NaN,
        "Net Non Operating Interest Income Expense": NaN,
        "Interest Expense Non Operating": NaN,
        "Interest Income Non Operating": NaN,
        "Operating Income": NaN,
        "Operating Expense": NaN,
        "Other Operating Expenses": NaN,
        "Depreciation Amortization Depletion Income Statement": NaN,
        "Depreciation And Amortization In Income Statement": NaN,
        "Selling General And Administration": NaN,
        "General And Administrative Expense": 24965000.0,
        "Other Gand A": 22768000.0,
        "Salaries And Wages": 2197000.0,
        "Gross Profit": NaN,
        "Cost Of Revenue": NaN,
        "Total Revenue": NaN,
        "Operating Revenue": NaN
    },
    "2022-12-31": {
        "Tax Effect Of Unusual Items": NaN,
        "Tax Rate For Calcs": NaN,
        "Normalized EBITDA": NaN,
        "Total Unusual Items": NaN,
        "Total Unusual Items Excluding Goodwill": NaN,
        "Net Income From Continuing Operation Net Minority Interest": NaN,
        "Reconciled Depreciation": NaN,
        "Reconciled Cost Of Revenue": NaN,
        "EBITDA": NaN,
        "EBIT": NaN,
        "Net Interest Income": NaN,
        "Interest Expense": NaN,
        "Interest Income": NaN,
        "Normalized Income": NaN,
        "Net Income From Continuing And Discontinued Operation": NaN,
        "Total Expenses": NaN,
        "Rent Expense Supplemental": NaN,
        "Total Operating Income As Reported": NaN,
        "Diluted Average Shares": NaN,
        "Basic Average Shares": NaN,
        "Diluted EPS": NaN,
        "Basic EPS": NaN,
        "Diluted NI Availto Com Stockholders": NaN,
        "Net Income Common Stockholders": NaN,
        "Net Income": NaN,
        "Minority Interests": NaN,
        "Net Income Including Noncontrolling Interests": NaN,
        "Net Income Discontinuous Operations": NaN,
        "Net Income Continuous Operations": NaN,
        "Tax Provision": NaN,
        "Pretax Income": NaN,
        "Other Income Expense": NaN,
        "Special Income Charges": NaN,
        "Other Special Charges": NaN,
        "Write Off": 1600000.0,
        "Restructuring And Mergern Acquisition": NaN,
        "Gain On Sale Of Security": NaN,
        "Net Non Operating Interest Income Expense": NaN,
        "Interest Expense Non Operating": NaN,
        "Interest Income Non Operating": NaN,
        "Operating Income": NaN,
        "Operating Expense": NaN,
        "Other Operating Expenses": NaN,
        "Depreciation Amortization Depletion Income Statement": NaN,
        "Depreciation And Amortization In Income Statement": NaN,
        "Selling General And Administration": NaN,
        "General And Administrative Expense": NaN,
        "Other Gand A": NaN,
        "Salaries And Wages": NaN,
        "Gross Profit": NaN,
        "Cost Of Revenue": NaN,
        "Total Revenue": NaN,
        "Operating Revenue": NaN
    },
    "2022-09-30": {
        "Tax Effect Of Unusual Items": -981120.728929,
        "Tax Rate For Calcs": 0.309795,
        "Normalized EBITDA": 25946000.0,
        "Total Unusual Items": -3167000.0,
        "Total Unusual Items Excluding Goodwill": -3167000.0,
        "Net Income From Continuing Operation Net Minority Interest": 9393000.0,
        "Reconciled Depreciation": 6554000.0,
        "Reconciled Cost Of Revenue": 187181000.0,
        "EBITDA": 22779000.0,
        "EBIT": 16225000.0,
        "Net Interest Income": -2267000.0,
        "Interest Expense": 3055000.0,
        "Interest Income": 788000.0,
        "Normalized Income": 11578879.271071,
        "Net Income From Continuing And Discontinued Operation": 9393000.0,
        "Total Expenses": 222410000.0,
        "Rent Expense Supplemental": NaN,
        "Total Operating Income As Reported": 15904000.0,
        "Diluted Average Shares": 87417501.0,
        "Basic Average Shares": 84945873.0,
        "Diluted EPS": 0.11,
        "Basic EPS": 0.11,
        "Diluted NI Availto Com Stockholders": 9393000.0,
        "Net Income Common Stockholders": 9393000.0,
        "Net Income": 9393000.0,
        "Minority Interests": 303000.0,
        "Net Income Including Noncontrolling Interests": 9090000.0,
        "Net Income Continuous Operations": 9090000.0,
        "Tax Provision": 4080000.0,
        "Pretax Income": 13170000.0,
        "Other Income Expense": -3167000.0,
        "Special Income Charges": -734000.0,
        "Other Special Charges": NaN,
        "Write Off": 0.0,
        "Restructuring And Mergern Acquisition": 734000.0,
        "Gain On Sale Of Security": -2433000.0,
        "Net Non Operating Interest Income Expense": -2267000.0,
        "Interest Expense Non Operating": 3055000.0,
        "Interest Income Non Operating": 788000.0,
        "Operating Income": 18604000.0,
        "Operating Expense": 35229000.0,
        "Other Operating Expenses": -58000.0,
        "Depreciation Amortization Depletion Income Statement": 6554000.0,
        "Depreciation And Amortization In Income Statement": 6554000.0,
        "Selling General And Administration": 28733000.0,
        "General And Administrative Expense": 28733000.0,
        "Other Gand A": 28733000.0,
        "Salaries And Wages": NaN,
        "Gross Profit": 53833000.0,
        "Cost Of Revenue": 187181000.0,
        "Total Revenue": 241014000.0,
        "Operating Revenue": 241014000.0
    },
    "2022-06-30": {
        "Tax Effect Of Unusual Items": -557798.47973,
        "Tax Rate For Calcs": 0.284882,
        "Normalized EBITDA": 22395000.0,
        "Total Unusual Items": -1958000.0,
        "Total Unusual Items Excluding Goodwill": -1958000.0,
        "Net Income From Continuing Operation Net Minority Interest": 8467000.0,
        "Reconciled Depreciation": 6263000.0,
        "Reconciled Cost Of Revenue": 174561000.0,
        "EBITDA": 20437000.0,
        "EBIT": 14174000.0,
        "Net Interest Income": -1612000.0,
        "Interest Expense": 2334000.0,
        "Interest Income": 722000.0,
        "Normalized Income": 9867201.52027,
        "Net Income From Continuing And Discontinued Operation": 8467000.0,
        "Total Expenses": 206285000.0,
        "Rent Expense Supplemental": NaN,
        "Total Operating Income As Reported": 13441000.0,
        "Diluted Average Shares": 86985817.0,
        "Basic Average Shares": 84959130.0,
        "Diluted EPS": 0.1,
        "Basic EPS": 0.1,
        "Diluted NI Availto Com Stockholders": 8467000.0,
        "Net Income Common Stockholders": 8467000.0,
        "Net Income": 8467000.0,
        "Minority Interests": 0.0,
        "Net Income Including Noncontrolling Interests": 8467000.0,
        "Net Income Continuous Operations": 8467000.0,
        "Tax Provision": 3373000.0,
        "Pretax Income": 11840000.0,
        "Other Income Expense": -1958000.0,
        "Special Income Charges": -976000.0,
        "Other Special Charges": NaN,
        "Write Off": 0.0,
        "Restructuring And Mergern Acquisition": 976000.0,
        "Gain On Sale Of Security": -982000.0,
        "Net Non Operating Interest Income Expense": -1612000.0,
        "Interest Expense Non Operating": 2334000.0,
        "Interest Income Non Operating": 722000.0,
        "Operating Income": 15410000.0,
        "Operating Expense": 31724000.0,
        "Other Operating Expenses": -834000.0,
        "Depreciation Amortization Depletion Income Statement": 6263000.0,
        "Depreciation And Amortization In Income Statement": 6263000.0,
        "Selling General And Administration": 26295000.0,
        "General And Administrative Expense": 26295000.0,
        "Other Gand A": 26295000.0,
        "Salaries And Wages": NaN,
        "Gross Profit": 47134000.0,
        "Cost Of Revenue": 174561000.0,
        "Total Revenue": 221695000.0,
        "Operating Revenue": 221695000.0
    },
    "2022-03-31": {
        "Diluted EPS": 0.02,
        "Total Revenue": 197,
        "Gross Profit": 39,
        "Operating Income": 4,
        "EBIT": 11,
        "Net Income": 2
    },
    "2021-12-31": {
        "Diluted EPS": 0.07,
        "Total Revenue": 234,
        "Gross Profit": 53,
        "Operating Income": 12,
        "EBIT": 19,
        "Net Income": 4
    },
    "2021-09-30": {
        "Diluted EPS": 0.14,
        "Total Revenue": 199,
        "Gross Profit": 46,
        "Operating Income": 20,
        "EBIT": 27,
        "Net Income": 12
    },
    "2021-06-30": {
        "Diluted EPS": 0.09,
        "Total Revenue": 178,
        "Gross Profit": 41,
        "Operating Income": 16,
        "EBIT": 21,
        "Net Income": 8
    },
    "2021-03-31": {
        "Diluted EPS": 0.03,
        "Total Revenue": 149,
        "Gross Profit": 38,
        "Operating Income": 11,
        "EBIT": 17,
        "Net Income": 5
    },
    "2020-12-31": {
        "Diluted EPS": 0.23,
        "Total Revenue": 172,
        "Gross Profit": 54,
        "Operating Income": 29,
        "EBIT": 34,
        "Net Income": 20
    },
    "2020-09-30": {
        "Diluted EPS": 0.11,
        "Total Revenue": 63,
        "Gross Profit": 31,
        "Operating Income": 14,
        "EBIT": 18,
        "Net Income": 9
    },
    "2020-06-30": {
        "Diluted EPS": 0.03,
        "Total Revenue": 45,
        "Gross Profit": 17,
        "Operating Income": -1,
        "EBIT": 3,
        "Net Income": 2
    },
    "2020-03-31": {
        "Diluted EPS": -0.42,
        "Total Revenue": 64,
        "Gross Profit": 30,
        "Operating Income": -35,
        "EBIT": -31,
        "Net Income": -36
    },
    "2019-12-31": {
        "Diluted EPS": 0.08,
        "Total Revenue": 71,
        "Gross Profit": 31,
        "Operating Income": 9,
        "EBIT": 13,
        "Net Income": 7
    },
    "2019-09-30": {
        "Diluted EPS": -0.14,
        "Total Revenue": 69,
        "Gross Profit": 28,
        "Operating Income": -4,
        "EBIT": 1,
        "Net Income": -12
    },
    "2019-06-30": {
        "Diluted EPS": -0.19,
        "Total Revenue": 69,
        "Gross Profit": 31,
        "Operating Income": -12,
        "EBIT": -7,
        "Net Income": -16
    },
    "2019-03-31": {
        "Diluted EPS": 0.02,
        "Total Revenue": 65,
        "Gross Profit": 28,
        "Operating Income": 5,
        "EBIT": 9,
        "Net Income": 1
    },
    "2018-12-31": {
        "Diluted EPS": 0.08,
        "Total Revenue": 82,
        "Gross Profit": 166,
        "Operating Income": 17,
        "EBIT": 22,
        "Net Income": 7
    },
    "2018-09-30": {
        "Diluted EPS": 0.02,
        "Total Revenue": 75,
        "Gross Profit": 30,
        "Operating Income": 6,
        "EBIT": 11,
        "Net Income": 2
    },
    "2018-06-30": {
        "Diluted EPS": 0.05,
        "Total Revenue": 74,
        "Gross Profit": 32,
        "Operating Income": 10,
        "EBIT": 14,
        "Net Income": 5
    },
    "2018-03-31": {
        "Diluted EPS": -0.02,
        "Total Revenue": 67,
        "Gross Profit": 25,
        "Operating Income": 0,
        "EBIT": 4,
        "Net Income": -2
    },
    "2017-12-31": {
        "Diluted EPS": 0.13,
        "Total Revenue": 73,
        "Gross Profit": -2,
        "Operating Income": 4,
        "EBIT": 8,
        "Net Income": 12
    },
    "2017-09-30": {
        "Diluted EPS": 1.71,
        "Total Revenue": 335,
        "Gross Profit": 313,
        "Operating Income": 257,
        "EBIT": 261,
        "Net Income": 157
    },
    "2017-06-30": {
        "Diluted EPS": 0.04,
        "Total Revenue": 71,
        "Gross Profit": 32,
        "Operating Income": 9,
        "EBIT": 14,
        "Net Income": 3
    },
    "2017-03-31": {
        "Diluted EPS": 0.03,
        "Total Revenue": 58,
        "Gross Profit": 29,
        "Operating Income": 8,
        "EBIT": 12,
        "Net Income": 3
    },
    "2016-12-31": {
        "Diluted EPS": 0.08,
        "Total Revenue": 70,
        "Gross Profit": 10,
        "Operating Income": 15,
        "EBIT": 18,
        "Net Income": 7
    },
    "2016-09-30": {
        "Diluted EPS": 0.06,
        "Total Revenue": 65,
        "Gross Profit": 63,
        "Operating Income": 13,
        "EBIT": 17,
        "Net Income": 5
    },
    "2016-06-30": {
        "Diluted EPS": 0.06,
        "Total Revenue": 65,
        "Gross Profit": 34,
        "Operating Income": 13,
        "EBIT": 18,
        "Net Income": 6
    },
    "2016-03-31": {
        "Diluted EPS": 0.02,
        "Total Revenue": 58,
        "Gross Profit": 29,
        "Operating Income": 8,
        "EBIT": 12,
        "Net Income": 2
    },
    "2015-12-31": {
        "Diluted EPS": 0.06,
        "Total Revenue": 65,
        "Gross Profit": 34,
        "Operating Income": 12,
        "EBIT": 16,
        "Net Income": 6
    },
    "2015-09-30": {
        "Diluted EPS": 0.1,
        "Total Revenue": 69,
        "Gross Profit": 40,
        "Operating Income": 19,
        "EBIT": 23,
        "Net Income": 9
    },
    "2015-06-30": {
        "Diluted EPS": 0.06,
        "Total Revenue": 60,
        "Gross Profit": 31,
        "Operating Income": 12,
        "EBIT": 16,
        "Net Income": 5
    },
    "2015-03-31": {
        "Diluted EPS": 0.06,
        "Total Revenue": 60,
        "Gross Profit": 32,
        "Operating Income": 12,
        "EBIT": 16,
        "Net Income": 5
    },
    "2014-12-31": {
        "Diluted EPS": 0.06,
        "Total Revenue": 65,
        "Gross Profit": 36,
        "Operating Income": 15,
        "EBIT": 19,
        "Net Income": 6
    },
    "2014-09-30": {
        "Diluted EPS": 0.09,
        "Total Revenue": 62,
        "Gross Profit": 34,
        "Operating Income": 16,
        "EBIT": 20,
        "Net Income": 8
    },
    "2014-06-30": {
        "Diluted EPS": 0.1,
        "Total Revenue": 62,
        "Gross Profit": 36,
        "Operating Income": 18,
        "EBIT": 22,
        "Net Income": 9
    },
    "2014-03-31": {
        "Diluted EPS": 0.05,
        "Total Revenue": 53,
        "Gross Profit": 28,
        "Operating Income": 11,
        "EBIT": 15,
        "Net Income": 4
    },
    "2013-12-31": {
        "Diluted EPS": 1.69,
        "Total Revenue": 60,
        "Gross Profit": 35,
        "Operating Income": 15,
        "EBIT": 19,
        "Net Income": 151
    },
    "2013-09-30": {
        "Diluted EPS": -0.24,
        "Total Revenue": 58,
        "Gross Profit": 32,
        "Operating Income": 15,
        "EBIT": 19,
        "Net Income": -21
    },
    "2013-06-30": {
        "Diluted EPS": 0.06,
        "Total Revenue": 57,
        "Gross Profit": 31,
        "Operating Income": 15,
        "EBIT": 20,
        "Net Income": 5
    },
    "2013-03-31": {
        "Diluted EPS": -0.01,
        "Total Revenue": 49,
        "Gross Profit": 25,
        "Operating Income": 9,
        "EBIT": 13,
        "Net Income": -1
    },
    "2012-12-31": {
        "Diluted EPS": 0.1,
        "Total Revenue": 64,
        "Gross Profit": 39,
        "Operating Income": 21,
        "EBIT": 25,
        "Net Income": 8
    },
    "2012-09-30": {
        "Diluted EPS": 0.08,
        "Total Revenue": 58,
        "Gross Profit": 35,
        "Operating Income": 17,
        "EBIT": 22,
        "Net Income": 7
    },
    "2012-06-30": {
        "Diluted EPS": 0.02,
        "Total Revenue": 54,
        "Gross Profit": 32,
        "Operating Income": 14,
        "EBIT": 19,
        "Net Income": 2
    },
    "2012-03-31": {
        "Diluted EPS": -0.04,
        "Total Revenue": 47,
        "Gross Profit": 25,
        "Operating Income": 7,
        "EBIT": 12,
        "Net Income": -3
    },
    "2011-12-31": {
        "Diluted EPS": -0.03,
        "Total Revenue": 50,
        "Gross Profit": 27,
        "Operating Income": 9,
        "EBIT": 14,
        "Net Income": -2
    },
    "2011-09-30": {
        "Diluted EPS": -0.02,
        "Total Revenue": 50,
        "Gross Profit": 28,
        "Operating Income": 10,
        "EBIT": 16,
        "Net Income": -1
    },
    "2011-06-30": {
        "Diluted EPS": 0.0,
        "Total Revenue": 50,
        "Gross Profit": 28,
        "Operating Income": 10,
        "EBIT": 16,
        "Net Income": 0
    },
    "2011-03-31": {
        "Diluted EPS": -0.05,
        "Total Revenue": 44,
        "Gross Profit": 23,
        "Operating Income": 6,
        "EBIT": 11,
        "Net Income": -4
    },
    "2010-12-31": {
        "Diluted EPS": -0.34,
        "Total Revenue": 51,
        "Gross Profit": 30,
        "Operating Income": -28,
        "EBIT": -23,
        "Net Income": -29
    },
    "2010-09-30": {
        "Diluted EPS": 0.08,
        "Total Revenue": 53,
        "Gross Profit": 32,
        "Operating Income": 13,
        "EBIT": 19,
        "Net Income": 6
    },
    "2010-06-30": {
        "Diluted EPS": 0.08,
        "Total Revenue": 53,
        "Gross Profit": 31,
        "Operating Income": 14,
        "EBIT": 19,
        "Net Income": 7
    },
    "2010-03-31": {
        "Diluted EPS": -0.03,
        "Total Revenue": 43,
        "Gross Profit": 22,
        "Operating Income": 5,
        "EBIT": 10,
        "Net Income": -2
    },
    "2009-12-31": {
        "Diluted EPS": -0.42,
        "Total Revenue": 48,
        "Gross Profit": 28,
        "Operating Income": -39,
        "EBIT": -34,
        "Net Income": -34
    },
    "2009-09-30": {
        "Diluted EPS": 0.01,
        "Total Revenue": 51,
        "Gross Profit": 30,
        "Operating Income": 12,
        "EBIT": 17,
        "Net Income": 1
    },
    "2009-06-30": {
        "Diluted EPS": -0.02,
        "Total Revenue": 49,
        "Gross Profit": 28,
        "Operating Income": 8,
        "EBIT": 14,
        "Net Income": -2
    },
    "2009-03-31": {
        "Diluted EPS": -0.17,
        "Total Revenue": 42,
        "Gross Profit": 20,
        "Operating Income": 1,
        "EBIT": 7,
        "Net Income": -14
    },
    "2023-06-30": {
        "Tax Effect Of Unusual Items": NaN,
        "Tax Rate For Calcs": NaN,
        "Normalized EBITDA": NaN,
        "Total Unusual Items": NaN,
        "Total Unusual Items Excluding Goodwill": NaN,
        "Net Income From Continuing Operation Net Minority Interest": NaN,
        "Reconciled Depreciation": NaN,
        "Reconciled Cost Of Revenue": NaN,
        "EBITDA": NaN,
        "EBIT": NaN,
        "Net Interest Income": NaN,
        "Interest Expense": NaN,
        "Interest Income": NaN,
        "Normalized Income": NaN,
        "Net Income From Continuing And Discontinued Operation": NaN,
        "Total Expenses": NaN,
        "Rent Expense Supplemental": 4058000.0,
        "Total Operating Income As Reported": NaN,
        "Diluted Average Shares": 87787772.0,
        "Basic Average Shares": 87787772.0,
        "Diluted EPS": -0.02,
        "Basic EPS": -0.02,
        "Diluted NI Availto Com Stockholders": NaN,
        "Net Income Common Stockholders": NaN,
        "Net Income": NaN,
        "Minority Interests": 12000.0,
        "Net Income Including Noncontrolling Interests": NaN,
        "Net Income Discontinuous Operations": 3837000.0,
        "Net Income Continuous Operations": NaN,
        "Tax Provision": NaN,
        "Pretax Income": NaN,
        "Other Income Expense": NaN,
        "Special Income Charges": NaN,
        "Other Special Charges": NaN,
        "Write Off": NaN,
        "Restructuring And Mergern Acquisition": NaN,
        "Gain On Sale Of Security": NaN,
        "Net Non Operating Interest Income Expense": NaN,
        "Interest Expense Non Operating": NaN,
        "Interest Income Non Operating": NaN,
        "Operating Income": NaN,
        "Operating Expense": NaN,
        "Other Operating Expenses": NaN,
        "Depreciation Amortization Depletion Income Statement": NaN,
        "Depreciation And Amortization In Income Statement": NaN,
        "Selling General And Administration": NaN,
        "General And Administrative Expense": 15853000.0,
        "Other Gand A": 12610000.0,
        "Salaries And Wages": 3243000.0,
        "Gross Profit": NaN,
        "Cost Of Revenue": NaN,
        "Total Revenue": NaN,
        "Operating Revenue": NaN
    },
    "2023-09-30": {
        "Tax Effect Of Unusual Items": NaN,
        "Tax Rate For Calcs": NaN,
        "Normalized EBITDA": NaN,
        "Total Unusual Items": NaN,
        "Total Unusual Items Excluding Goodwill": NaN,
        "Net Income From Continuing Operation Net Minority Interest": NaN,
        "Reconciled Depreciation": NaN,
        "Reconciled Cost Of Revenue": NaN,
        "EBITDA": NaN,
        "EBIT": NaN,
        "Net Interest Income": NaN,
        "Interest Expense": NaN,
        "Interest Income": NaN,
        "Normalized Income": NaN,
        "Net Income From Continuing And Discontinued Operation": NaN,
        "Total Expenses": NaN,
        "Total Operating Income As Reported": NaN,
        "Diluted Average Shares": NaN,
        "Basic Average Shares": NaN,
        "Diluted EPS": NaN,
        "Basic EPS": NaN,
        "Diluted NI Availto Com Stockholders": NaN,
        "Net Income Common Stockholders": NaN,
        "Net Income": NaN,
        "Minority Interests": -13000.0,
        "Net Income Including Noncontrolling Interests": NaN,
        "Net Income Discontinuous Operations": NaN,
        "Net Income Continuous Operations": NaN,
        "Tax Provision": NaN,
        "Pretax Income": NaN,
        "Other Income Expense": NaN,
        "Special Income Charges": NaN,
        "Other Special Charges": NaN,
        "Write Off": NaN,
        "Restructuring And Mergern Acquisition": NaN,
        "Gain On Sale Of Security": NaN,
        "Net Non Operating Interest Income Expense": NaN,
        "Interest Expense Non Operating": NaN,
        "Interest Income Non Operating": NaN,
        "Operating Income": NaN,
        "Operating Expense": NaN,
        "Other Operating Expenses": NaN,
        "Depreciation Amortization Depletion Income Statement": NaN,
        "Depreciation And Amortization In Income Statement": NaN,
        "Selling General And Administration": NaN,
        "General And Administrative Expense": 21954000.0,
        "Other Gand A": 21954000.0,
        "Salaries And Wages": NaN,
        "Gross Profit": NaN,
        "Cost Of Revenue": NaN,
        "Total Revenue": NaN,
        "Operating Revenue": NaN
    },
    "2023-12-31": {
        "Tax Effect Of Unusual Items": NaN,
        "Tax Rate For Calcs": NaN,
        "Normalized EBITDA": NaN,
        "Total Unusual Items": NaN,
        "Total Unusual Items Excluding Goodwill": NaN,
        "Net Income From Continuing Operation Net Minority Interest": NaN,
        "Reconciled Depreciation": NaN,
        "Reconciled Cost Of Revenue": NaN,
        "EBITDA": NaN,
        "EBIT": NaN,
        "Net Interest Income": NaN,
        "Interest Expense": NaN,
        "Interest Income": NaN,
        "Normalized Income": NaN,
        "Net Income From Continuing And Discontinued Operation": NaN,
        "Total Expenses": NaN,
        "Total Operating Income As Reported": NaN,
        "Diluted Average Shares": NaN,
        "Basic Average Shares": NaN,
        "Diluted EPS": NaN,
        "Basic EPS": NaN,
        "Diluted NI Availto Com Stockholders": NaN,
        "Net Income Common Stockholders": NaN,
        "Net Income": NaN,
        "Minority Interests": -157000.0,
        "Net Income Including Noncontrolling Interests": NaN,
        "Net Income Discontinuous Operations": NaN,
        "Net Income Continuous Operations": NaN,
        "Tax Provision": NaN,
        "Pretax Income": NaN,
        "Other Income Expense": NaN,
        "Special Income Charges": NaN,
        "Other Special Charges": NaN,
        "Write Off": NaN,
        "Restructuring And Mergern Acquisition": NaN,
        "Gain On Sale Of Security": NaN,
        "Net Non Operating Interest Income Expense": NaN,
        "Interest Expense Non Operating": NaN,
        "Interest Income Non Operating": NaN,
        "Operating Income": NaN,
        "Operating Expense": NaN,
        "Other Operating Expenses": NaN,
        "Depreciation Amortization Depletion Income Statement": NaN,
        "Depreciation And Amortization In Income Statement": NaN,
        "Selling General And Administration": NaN,
        "General And Administrative Expense": NaN,
        "Other Gand A": NaN,
        "Salaries And Wages": NaN,
        "Gross Profit": NaN,
        "Cost Of Revenue": NaN,
        "Total Revenue": NaN,
        "Operating Revenue": NaN
    },
    "2024-03-31": {
        "Tax Effect Of Unusual Items": NaN,
        "Tax Rate For Calcs": NaN,
        "Normalized EBITDA": NaN,
        "Total Unusual Items": NaN,
        "Total Unusual Items Excluding Goodwill": NaN,
        "Net Income From Continuing Operation Net Minority Interest": NaN,
        "Reconciled Depreciation": NaN,
        "Reconciled Cost Of Revenue": NaN,
        "EBITDA": NaN,
        "EBIT": NaN,
        "Net Interest Income": NaN,
        "Interest Expense": NaN,
        "Interest Income": NaN,
        "Normalized Income": NaN,
        "Net Income From Continuing And Discontinued Operation": NaN,
        "Total Expenses": NaN,
        "Total Operating Income As Reported": NaN,
        "Diluted Average Shares": NaN,
        "Basic Average Shares": NaN,
        "Diluted EPS": NaN,
        "Basic EPS": NaN,
        "Diluted NI Availto Com Stockholders": NaN,
        "Net Income Common Stockholders": NaN,
        "Net Income": NaN,
        "Minority Interests": 2779000.0,
        "Net Income Including Noncontrolling Interests": NaN,
        "Net Income Discontinuous Operations": NaN,
        "Net Income Continuous Operations": NaN,
        "Tax Provision": NaN,
        "Pretax Income": NaN,
        "Other Income Expense": NaN,
        "Special Income Charges": NaN,
        "Other Special Charges": 40000.0,
        "Write Off": NaN,
        "Restructuring And Mergern Acquisition": NaN,
        "Gain On Sale Of Security": NaN,
        "Net Non Operating Interest Income Expense": NaN,
        "Interest Expense Non Operating": NaN,
        "Interest Income Non Operating": NaN,
        "Operating Income": NaN,
        "Operating Expense": NaN,
        "Other Operating Expenses": NaN,
        "Depreciation Amortization Depletion Income Statement": NaN,
        "Depreciation And Amortization In Income Statement": NaN,
        "Selling General And Administration": NaN,
        "General And Administrative Expense": 30357000.0,
        "Other Gand A": 26695000.0,
        "Salaries And Wages": 3662000.0,
        "Gross Profit": NaN,
        "Cost Of Revenue": NaN,
        "Total Revenue": NaN,
        "Operating Revenue": NaN
    },
    "2024-06-30": {
        "Tax Effect Of Unusual Items": -55230.0,
        "Tax Rate For Calcs": 0.21,
        "Normalized EBITDA": 3441000.0,
        "Total Unusual Items": -263000.0,
        "Total Unusual Items Excluding Goodwill": -263000.0,
        "Net Income From Continuing Operation Net Minority Interest": 3732000.0,
        "Reconciled Depreciation": 5992000.0,
        "Reconciled Cost Of Revenue": 54616000.0,
        "EBITDA": 3178000.0,
        "EBIT": -2814000.0,
        "Net Interest Income": -3541000.0,
        "Interest Expense": 4118000.0,
        "Interest Income": 577000.0,
        "Normalized Income": 3939770.0,
        "Net Income From Continuing And Discontinued Operation": -31680000.0,
        "Total Expenses": 85782000.0,
        "Total Operating Income As Reported": -3344000.0,
        "Diluted Average Shares": 90721280.0,
        "Basic Average Shares": 89820737.0,
        "Diluted EPS": -0.35,
        "Basic EPS": -0.35,
        "Diluted NI Availto Com Stockholders": -31680000.0,
        "Net Income Common Stockholders": -31680000.0,
        "Net Income": -31680000.0,
        "Minority Interests": NaN,
        "Net Income Including Noncontrolling Interests": -31680000.0,
        "Net Income Discontinuous Operations": -35412000.0,
        "Net Income Continuous Operations": 3732000.0,
        "Tax Provision": -10664000.0,
        "Pretax Income": -6932000.0,
        "Other Income Expense": -263000.0,
        "Special Income Charges": -291000.0,
        "Other Special Charges": 51000.0,
        "Write Off": 0.0,
        "Restructuring And Mergern Acquisition": 240000.0,
        "Gain On Sale Of Security": 28000.0,
        "Net Non Operating Interest Income Expense": -3541000.0,
        "Interest Expense Non Operating": 4118000.0,
        "Interest Income Non Operating": 577000.0,
        "Operating Income": -3128000.0,
        "Operating Expense": 29602000.0,
        "Other Operating Expenses": 10811000.0,
        "Depreciation Amortization Depletion Income Statement": 4428000.0,
        "Depreciation And Amortization In Income Statement": 4428000.0,
        "Selling General And Administration": 14363000.0,
        "General And Administrative Expense": 14363000.0,
        "Other Gand A": 14363000.0,
        "Salaries And Wages": 2734000.0,
        "Gross Profit": 26474000.0,
        "Cost Of Revenue": 56180000.0,
        "Total Revenue": 82654000.0,
        "Operating Revenue": 81375000.0
    },
    "2024-09-30": {
        "Tax Effect Of Unusual Items": 161700.0,
        "Tax Rate For Calcs": 0.21,
        "Normalized EBITDA": 11342000.0,
        "Total Unusual Items": 770000.0,
        "Total Unusual Items Excluding Goodwill": 770000.0,
        "Net Income From Continuing Operation Net Minority Interest": -10841000.0,
        "Reconciled Depreciation": 3882000.0,
        "Reconciled Cost Of Revenue": 62418000.0,
        "EBITDA": 12112000.0,
        "EBIT": 8230000.0,
        "Net Interest Income": -3441000.0,
        "Interest Expense": 4087000.0,
        "Interest Income": 646000.0,
        "Normalized Income": -11449300.0,
        "Net Income From Continuing And Discontinued Operation": -11980000.0,
        "Total Expenses": 90342000.0,
        "Total Operating Income As Reported": 7585000.0,
        "Diluted Average Shares": 89987110.0,
        "Basic Average Shares": 89987110.0,
        "Diluted EPS": -0.13,
        "Basic EPS": -0.13,
        "Diluted NI Availto Com Stockholders": -11980000.0,
        "Net Income Common Stockholders": -11980000.0,
        "Net Income": -11980000.0,
        "Minority Interests": NaN,
        "Net Income Including Noncontrolling Interests": -11980000.0,
        "Net Income Discontinuous Operations": -1139000.0,
        "Net Income Continuous Operations": -10841000.0,
        "Tax Provision": 14984000.0,
        "Pretax Income": 4143000.0,
        "Other Income Expense": 770000.0,
        "Special Income Charges": 650000.0,
        "Other Special Charges": NaN,
        "Write Off": 0.0,
        "Restructuring And Mergern Acquisition": -650000.0,
        "Gain On Sale Of Security": 120000.0,
        "Net Non Operating Interest Income Expense": -3441000.0,
        "Interest Expense Non Operating": 4087000.0,
        "Interest Income Non Operating": 646000.0,
        "Operating Income": 6814000.0,
        "Operating Expense": 27924000.0,
        "Other Operating Expenses": 6930000.0,
        "Depreciation Amortization Depletion Income Statement": 3882000.0,
        "Depreciation And Amortization In Income Statement": 3882000.0,
        "Selling General And Administration": 17112000.0,
        "General And Administrative Expense": NaN,
        "Other Gand A": NaN,
        "Salaries And Wages": NaN,
        "Gross Profit": 34738000.0,
        "Cost Of Revenue": 62418000.0,
        "Total Revenue": 97156000.0,
        "Operating Revenue": 95607000.0
    },
    "2024-12-31": {
        "Tax Effect Of Unusual Items": -12976530.0,
        "Tax Rate For Calcs": 0.21,
        "Normalized EBITDA": 17650000.0,
        "Total Unusual Items": -61793000.0,
        "Total Unusual Items Excluding Goodwill": -61793000.0,
        "Net Income From Continuing Operation Net Minority Interest": -55671000.0,
        "Reconciled Depreciation": 3772000.0,
        "Reconciled Cost Of Revenue": 65401000.0,
        "EBITDA": -44143000.0,
        "EBIT": -47915000.0,
        "Net Interest Income": -3167000.0,
        "Interest Expense": 3824000.0,
        "Interest Income": 657000.0,
        "Normalized Income": -6854530.0,
        "Net Income From Continuing And Discontinued Operation": -56358000.0,
        "Total Expenses": 93741000.0,
        "Total Operating Income As Reported": -48572000.0,
        "Diluted Average Shares": 90175742.0,
        "Basic Average Shares": 90175742.0,
        "Diluted EPS": -0.62,
        "Basic EPS": -0.62,
        "Diluted NI Availto Com Stockholders": -56358000.0,
        "Net Income Common Stockholders": -56358000.0,
        "Net Income": -56358000.0,
        "Minority Interests": NaN,
        "Net Income Including Noncontrolling Interests": -56358000.0,
        "Net Income Discontinuous Operations": -687000.0,
        "Net Income Continuous Operations": -55671000.0,
        "Tax Provision": 3932000.0,
        "Pretax Income": -51739000.0,
        "Other Income Expense": -61793000.0,
        "Special Income Charges": -61221000.0,
        "Other Special Charges": 0.0,
        "Write Off": 61220000.0,
        "Restructuring And Mergern Acquisition": 1000.0,
        "Gain On Sale Of Security": -572000.0,
        "Net Non Operating Interest Income Expense": -3167000.0,
        "Interest Expense Non Operating": 3824000.0,
        "Interest Income Non Operating": 657000.0,
        "Operating Income": 13221000.0,
        "Operating Expense": 28340000.0,
        "Other Operating Expenses": 7509000.0,
        "Depreciation Amortization Depletion Income Statement": 3772000.0,
        "Depreciation And Amortization In Income Statement": 3772000.0,
        "Selling General And Administration": 17059000.0,
        "General And Administrative Expense": NaN,
        "Other Gand A": NaN,
        "Salaries And Wages": NaN,
        "Gross Profit": 41561000.0,
        "Cost Of Revenue": 65401000.0,
        "Total Revenue": 106962000.0,
        "Operating Revenue": 104043000.0
    },
    "2025-03-31": {
        "Tax Effect Of Unusual Items": -7049304.100167,
        "Tax Rate For Calcs": 0.144231,
        "Normalized EBITDA": 188000.0,
        "Total Unusual Items": -48875000.0,
        "Total Unusual Items Excluding Goodwill": -48875000.0,
        "Net Income From Continuing Operation Net Minority Interest": -47775000.0,
        "Reconciled Depreciation": 3477000.0,
        "Reconciled Cost Of Revenue": 68974000.0,
        "EBITDA": -48687000.0,
        "EBIT": -52164000.0,
        "Net Interest Income": -3058000.0,
        "Interest Expense": 3663000.0,
        "Interest Income": 605000.0,
        "Normalized Income": -5949304.100167,
        "Net Income From Continuing And Discontinued Operation": -47966000.0,
        "Total Expenses": 95745000.0,
        "Total Operating Income As Reported": -52770000.0,
        "Diluted Average Shares": 90976288.0,
        "Basic Average Shares": 90976288.0,
        "Diluted EPS": -0.53,
        "Basic EPS": -0.53,
        "Diluted NI Availto Com Stockholders": -47966000.0,
        "Net Income Common Stockholders": -47966000.0,
        "Net Income": -47966000.0,
        "Minority Interests": NaN,
        "Net Income Including Noncontrolling Interests": -47966000.0,
        "Net Income Discontinuous Operations": -191000.0,
        "Net Income Continuous Operations": -47775000.0,
        "Tax Provision": -8052000.0,
        "Pretax Income": -55827000.0,
        "Other Income Expense": -48875000.0,
        "Special Income Charges": -48864000.0,
        "Other Special Charges": 25191000.0,
        "Write Off": 23673000.0,
        "Restructuring And Mergern Acquisition": 0.0,
        "Gain On Sale Of Security": -11000.0,
        "Net Non Operating Interest Income Expense": -3058000.0,
        "Interest Expense Non Operating": 3663000.0,
        "Interest Income Non Operating": 605000.0,
        "Operating Income": -3894000.0,
        "Operating Expense": 26771000.0,
        "Other Operating Expenses": 7788000.0,
        "Depreciation Amortization Depletion Income Statement": 3477000.0,
        "Depreciation And Amortization In Income Statement": 3477000.0,
        "Selling General And Administration": 15506000.0,
        "General And Administrative Expense": NaN,
        "Other Gand A": NaN,
        "Salaries And Wages": NaN,
        "Gross Profit": 22877000.0,
        "Cost Of Revenue": 68974000.0,
        "Total Revenue": 91851000.0,
        "Operating Revenue": 90752000.0
    },
    "2025-06-30": {
        "Tax Effect Of Unusual Items": -7441.860465,
        "Tax Rate For Calcs": 0.186047,
        "Normalized EBITDA": 2804000.0,
        "Total Unusual Items": -40000.0,
        "Total Unusual Items Excluding Goodwill": -40000.0,
        "Net Income From Continuing Operation Net Minority Interest": -3500000.0,
        "Reconciled Depreciation": 3027000.0,
        "Reconciled Cost Of Revenue": 75722000.0,
        "EBITDA": 2764000.0,
        "EBIT": -263000.0,
        "Net Interest Income": -3418000.0,
        "Interest Expense": 4037000.0,
        "Interest Income": 619000.0,
        "Normalized Income": -3467441.860465,
        "Net Income From Continuing And Discontinued Operation": -3337000.0,
        "Total Expenses": 101577000.0,
        "Total Operating Income As Reported": -848000.0,
        "Diluted Average Shares": 90976288.0,
        "Basic Average Shares": 90976288.0,
        "Diluted EPS": -0.04,
        "Basic EPS": -0.04,
        "Diluted NI Availto Com Stockholders": -3337000.0,
        "Net Income Common Stockholders": -3337000.0,
        "Net Income": -3337000.0,
        "Minority Interests": NaN,
        "Net Income Including Noncontrolling Interests": -3337000.0,
        "Net Income Discontinuous Operations": 163000.0,
        "Net Income Continuous Operations": -3500000.0,
        "Tax Provision": -800000.0,
        "Pretax Income": -4300000.0,
        "Other Income Expense": -40000.0,
        "Special Income Charges": -38000.0,
        "Other Special Charges": 38000.0,
        "Write Off": 0.0,
        "Restructuring And Mergern Acquisition": 0.0,
        "Gain On Sale Of Security": -2000.0,
        "Net Non Operating Interest Income Expense": -3418000.0,
        "Interest Expense Non Operating": 4037000.0,
        "Interest Income Non Operating": 619000.0,
        "Operating Income": -842000.0,
        "Operating Expense": 25855000.0,
        "Other Operating Expenses": 6375000.0,
        "Depreciation Amortization Depletion Income Statement": 3027000.0,
        "Depreciation And Amortization In Income Statement": 3027000.0,
        "Selling General And Administration": 16453000.0,
        "General And Administrative Expense": 16453000.0,
        "Other Gand A": 16453000.0,
        "Salaries And Wages": 1674000.0,
        "Gross Profit": 25013000.0,
        "Cost Of Revenue": 75722000.0,
        "Total Revenue": 100735000.0,
        "Operating Revenue": 99388000.0
    }
}