{
    "2023-03-31": {
        "Tax Effect Of Unusual Items": NaN,
        "Tax Rate For Calcs": NaN,
        "Normalized EBITDA": NaN,
        "Total Unusual Items": NaN,
        "Total Unusual Items Excluding Goodwill": NaN,
        "Net Income From Continuing Operation Net Minority Interest": NaN,
        "Reconciled Depreciation": NaN,
        "Reconciled Cost Of Revenue": NaN,
        "EBITDA": NaN,
        "EBIT": NaN,
        "Net Interest Income": NaN,
        "Interest Expense": NaN,
        "Normalized Income": NaN,
        "Net Income From Continuing And Discontinued Operation": NaN,
        "Total Expenses": NaN,
        "Total Operating Income As Reported": NaN,
        "Diluted Average Shares": NaN,
        "Basic Average Shares": NaN,
        "Diluted EPS": NaN,
        "Basic EPS": NaN,
        "Diluted NI Availto Com Stockholders": NaN,
        "Net Income Common Stockholders": NaN,
        "Net Income": NaN,
        "Net Income Including Noncontrolling Interests": NaN,
        "Net Income Continuous Operations": NaN,
        "Tax Provision": NaN,
        "Pretax Income": NaN,
        "Other Income Expense": -1063000.0,
        "Special Income Charges": NaN,
        "Gain On Sale Of Ppe": NaN,
        "Net Non Operating Interest Income Expense": NaN,
        "Interest Expense Non Operating": NaN,
        "Operating Income": NaN,
        "Operating Expense": NaN,
        "Depreciation Amortization Depletion Income Statement": NaN,
        "Depreciation And Amortization In Income Statement": NaN,
        "Research And Development": NaN,
        "Selling General And Administration": NaN,
        "Selling And Marketing Expense": NaN,
        "General And Administrative Expense": NaN,
        "Other Gand A": NaN,
        "Gross Profit": NaN,
        "Cost Of Revenue": NaN,
        "Total Revenue": NaN,
        "Operating Revenue": NaN
    },
    "2022-12-31": {
        "Tax Effect Of Unusual Items": NaN,
        "Tax Rate For Calcs": NaN,
        "Normalized EBITDA": NaN,
        "Total Unusual Items": 0.0,
        "Total Unusual Items Excluding Goodwill": 0.0,
        "Net Income From Continuing Operation Net Minority Interest": NaN,
        "Reconciled Depreciation": NaN,
        "Reconciled Cost Of Revenue": NaN,
        "EBITDA": NaN,
        "EBIT": NaN,
        "Net Interest Income": NaN,
        "Interest Expense": NaN,
        "Normalized Income": NaN,
        "Net Income From Continuing And Discontinued Operation": NaN,
        "Total Expenses": NaN,
        "Total Operating Income As Reported": NaN,
        "Diluted Average Shares": NaN,
        "Basic Average Shares": NaN,
        "Diluted EPS": NaN,
        "Basic EPS": NaN,
        "Diluted NI Availto Com Stockholders": NaN,
        "Net Income Common Stockholders": NaN,
        "Otherunder Preferred Stock Dividend": 0.0,
        "Net Income": NaN,
        "Net Income Including Noncontrolling Interests": NaN,
        "Net Income Continuous Operations": NaN,
        "Tax Provision": NaN,
        "Pretax Income": NaN,
        "Other Income Expense": NaN,
        "Special Income Charges": 0.0,
        "Gain On Sale Of Ppe": NaN,
        "Net Non Operating Interest Income Expense": NaN,
        "Interest Expense Non Operating": NaN,
        "Operating Income": NaN,
        "Operating Expense": NaN,
        "Depreciation Amortization Depletion Income Statement": NaN,
        "Depreciation And Amortization In Income Statement": NaN,
        "Research And Development": NaN,
        "Selling General And Administration": NaN,
        "Selling And Marketing Expense": NaN,
        "General And Administrative Expense": NaN,
        "Other Gand A": NaN,
        "Gross Profit": NaN,
        "Cost Of Revenue": NaN,
        "Total Revenue": NaN,
        "Operating Revenue": NaN
    },
    "2022-09-30": {
        "Tax Effect Of Unusual Items": NaN,
        "Tax Rate For Calcs": NaN,
        "Normalized EBITDA": NaN,
        "Total Unusual Items": 0.0,
        "Total Unusual Items Excluding Goodwill": 0.0,
        "Net Income From Continuing Operation Net Minority Interest": NaN,
        "Reconciled Depreciation": NaN,
        "Reconciled Cost Of Revenue": NaN,
        "EBITDA": NaN,
        "EBIT": NaN,
        "Net Interest Income": NaN,
        "Interest Expense": NaN,
        "Normalized Income": NaN,
        "Net Income From Continuing And Discontinued Operation": NaN,
        "Total Expenses": NaN,
        "Total Operating Income As Reported": NaN,
        "Diluted Average Shares": NaN,
        "Basic Average Shares": NaN,
        "Diluted EPS": NaN,
        "Basic EPS": NaN,
        "Diluted NI Availto Com Stockholders": NaN,
        "Net Income Common Stockholders": NaN,
        "Otherunder Preferred Stock Dividend": 0.0,
        "Net Income": NaN,
        "Net Income Including Noncontrolling Interests": NaN,
        "Net Income Continuous Operations": NaN,
        "Tax Provision": NaN,
        "Pretax Income": NaN,
        "Other Income Expense": NaN,
        "Special Income Charges": 0.0,
        "Gain On Sale Of Ppe": NaN,
        "Net Non Operating Interest Income Expense": NaN,
        "Interest Expense Non Operating": NaN,
        "Operating Income": NaN,
        "Operating Expense": NaN,
        "Depreciation Amortization Depletion Income Statement": NaN,
        "Depreciation And Amortization In Income Statement": NaN,
        "Research And Development": NaN,
        "Selling General And Administration": NaN,
        "Selling And Marketing Expense": NaN,
        "General And Administrative Expense": NaN,
        "Other Gand A": NaN,
        "Gross Profit": NaN,
        "Cost Of Revenue": NaN,
        "Total Revenue": NaN,
        "Operating Revenue": NaN
    },
    "2022-06-30": {
        "Tax Effect Of Unusual Items": 0.0,
        "Tax Rate For Calcs": 0.4,
        "Normalized EBITDA": 21416000.0,
        "Total Unusual Items": NaN,
        "Total Unusual Items Excluding Goodwill": NaN,
        "Net Income From Continuing Operation Net Minority Interest": -12881000.0,
        "Reconciled Depreciation": 27520000.0,
        "Reconciled Cost Of Revenue": 55103000.0,
        "EBITDA": 21416000.0,
        "EBIT": -6104000.0,
        "Net Interest Income": -6702000.0,
        "Interest Expense": 6702000.0,
        "Normalized Income": -12881000.0,
        "Net Income From Continuing And Discontinued Operation": -12881000.0,
        "Total Expenses": 163350000.0,
        "Total Operating Income As Reported": -6104000.0,
        "Diluted Average Shares": 195650334.0,
        "Basic Average Shares": 195650334.0,
        "Diluted EPS": -0.07,
        "Basic EPS": -0.07,
        "Diluted NI Availto Com Stockholders": -12881000.0,
        "Net Income Common Stockholders": -12881000.0,
        "Otherunder Preferred Stock Dividend": 0.0,
        "Net Income": -12881000.0,
        "Net Income Including Noncontrolling Interests": -12881000.0,
        "Net Income Continuous Operations": -12881000.0,
        "Tax Provision": 75000.0,
        "Pretax Income": -12806000.0,
        "Special Income Charges": NaN,
        "Net Non Operating Interest Income Expense": -6702000.0,
        "Interest Expense Non Operating": 6702000.0,
        "Operating Income": -6104000.0,
        "Operating Expense": 108247000.0,
        "Depreciation Amortization Depletion Income Statement": 27520000.0,
        "Depreciation And Amortization In Income Statement": 27520000.0,
        "Research And Development": 17423000.0,
        "Selling General And Administration": 63304000.0,
        "Selling And Marketing Expense": 29946000.0,
        "General And Administrative Expense": 33358000.0,
        "Other Gand A": 33358000.0,
        "Gross Profit": 102143000.0,
        "Cost Of Revenue": 55103000.0,
        "Total Revenue": 157246000.0,
        "Operating Revenue": 150808000.0
    },
    "2022-03-31": {
        "Diluted EPS": -0.07,
        "Total Revenue": 144,
        "Gross Profit": 93,
        "Operating Income": -14,
        "EBIT": 14,
        "Net Income": -13
    },
    "2021-12-31": {
        "Diluted EPS": 0.66,
        "Total Revenue": 136,
        "Gross Profit": 93,
        "Operating Income": -6,
        "EBIT": 22,
        "Net Income": -5
    },
    "2021-09-30": {
        "Diluted EPS": -0.2,
        "Total Revenue": 129,
        "Gross Profit": 86,
        "Operating Income": -4,
        "EBIT": 23,
        "Net Income": -37
    },
    "2021-06-30": {
        "Diluted EPS": -0.56,
        "Total Revenue": 121,
        "Gross Profit": 80,
        "Operating Income": -11,
        "EBIT": 15,
        "Net Income": -24
    },
    "2021-03-31": {
        "Diluted EPS": -0.72,
        "Total Revenue": 105,
        "Gross Profit": 69,
        "Operating Income": -7,
        "EBIT": 19,
        "Net Income": -16
    },
    "2020-12-31": {
        "Diluted EPS": 0.0,
        "Total Revenue": NaN,
        "Gross Profit": NaN,
        "Operating Income": NaN,
        "EBIT": NaN,
        "Net Income": NaN
    },
    "2020-09-30": {
        "Diluted EPS": -0.46,
        "Total Revenue": 89,
        "Gross Profit": 60,
        "Operating Income": 4,
        "EBIT": 24,
        "Net Income": -19
    },
    "2020-06-30": {
        "Diluted EPS": -0.65,
        "Total Revenue": 79,
        "Gross Profit": 50,
        "Operating Income": -5,
        "EBIT": -5,
        "Net Income": -27
    },
    "2019-12-31": {
        "Diluted EPS": 0.0,
        "Total Revenue": NaN,
        "Gross Profit": NaN,
        "Operating Income": NaN,
        "EBIT": NaN,
        "Net Income": NaN
    },
    "2023-06-30": {
        "Tax Effect Of Unusual Items": NaN,
        "Tax Rate For Calcs": NaN,
        "Normalized EBITDA": NaN,
        "Total Unusual Items": NaN,
        "Total Unusual Items Excluding Goodwill": NaN,
        "Net Income From Continuing Operation Net Minority Interest": NaN,
        "Reconciled Depreciation": NaN,
        "Reconciled Cost Of Revenue": NaN,
        "EBITDA": NaN,
        "EBIT": NaN,
        "Net Interest Income": NaN,
        "Interest Expense": NaN,
        "Normalized Income": NaN,
        "Net Income From Continuing And Discontinued Operation": NaN,
        "Total Expenses": NaN,
        "Total Operating Income As Reported": NaN,
        "Diluted Average Shares": NaN,
        "Basic Average Shares": NaN,
        "Diluted EPS": NaN,
        "Basic EPS": NaN,
        "Diluted NI Availto Com Stockholders": NaN,
        "Net Income Common Stockholders": NaN,
        "Net Income": NaN,
        "Net Income Including Noncontrolling Interests": NaN,
        "Net Income Continuous Operations": NaN,
        "Tax Provision": NaN,
        "Pretax Income": NaN,
        "Other Income Expense": NaN,
        "Special Income Charges": NaN,
        "Gain On Sale Of Ppe": 0.0,
        "Net Non Operating Interest Income Expense": NaN,
        "Interest Expense Non Operating": NaN,
        "Operating Income": NaN,
        "Operating Expense": NaN,
        "Depreciation Amortization Depletion Income Statement": NaN,
        "Depreciation And Amortization In Income Statement": NaN,
        "Research And Development": NaN,
        "Selling General And Administration": NaN,
        "Selling And Marketing Expense": NaN,
        "General And Administrative Expense": NaN,
        "Other Gand A": NaN,
        "Gross Profit": NaN,
        "Cost Of Revenue": NaN,
        "Total Revenue": NaN,
        "Operating Revenue": NaN
    },
    "2023-09-30": {
        "Tax Effect Of Unusual Items": NaN,
        "Tax Rate For Calcs": NaN,
        "Normalized EBITDA": NaN,
        "Total Unusual Items": NaN,
        "Total Unusual Items Excluding Goodwill": NaN,
        "Net Income From Continuing Operation Net Minority Interest": NaN,
        "Reconciled Depreciation": NaN,
        "Reconciled Cost Of Revenue": NaN,
        "EBITDA": NaN,
        "EBIT": NaN,
        "Net Interest Income": NaN,
        "Interest Expense": NaN,
        "Normalized Income": NaN,
        "Net Income From Continuing And Discontinued Operation": NaN,
        "Total Expenses": NaN,
        "Total Operating Income As Reported": NaN,
        "Diluted Average Shares": NaN,
        "Basic Average Shares": NaN,
        "Diluted EPS": NaN,
        "Basic EPS": NaN,
        "Diluted NI Availto Com Stockholders": NaN,
        "Net Income Common Stockholders": NaN,
        "Net Income": NaN,
        "Net Income Including Noncontrolling Interests": NaN,
        "Net Income Discontinuous Operations": NaN,
        "Net Income Continuous Operations": NaN,
        "Tax Provision": NaN,
        "Pretax Income": NaN,
        "Other Income Expense": NaN,
        "Special Income Charges": NaN,
        "Gain On Sale Of Ppe": -61000.0,
        "Net Non Operating Interest Income Expense": NaN,
        "Interest Expense Non Operating": NaN,
        "Operating Income": NaN,
        "Operating Expense": NaN,
        "Depreciation Amortization Depletion Income Statement": NaN,
        "Depreciation And Amortization In Income Statement": NaN,
        "Research And Development": NaN,
        "Selling General And Administration": NaN,
        "Selling And Marketing Expense": NaN,
        "General And Administrative Expense": NaN,
        "Other Gand A": NaN,
        "Gross Profit": NaN,
        "Cost Of Revenue": NaN,
        "Total Revenue": NaN,
        "Operating Revenue": NaN
    },
    "2023-12-31": {
        "Tax Effect Of Unusual Items": 0.0,
        "Tax Rate For Calcs": 0.21,
        "Normalized EBITDA": 25865000.0,
        "Total Unusual Items": NaN,
        "Total Unusual Items Excluding Goodwill": NaN,
        "Net Income From Continuing Operation Net Minority Interest": -23335000.0,
        "Reconciled Depreciation": 26226000.0,
        "Reconciled Cost Of Revenue": 55405000.0,
        "EBITDA": 25865000.0,
        "EBIT": -361000.0,
        "Net Interest Income": -19792000.0,
        "Interest Expense": 19792000.0,
        "Normalized Income": -23335000.0,
        "Net Income From Continuing And Discontinued Operation": -23335000.0,
        "Total Expenses": 163476000.0,
        "Total Operating Income As Reported": -361000.0,
        "Diluted Average Shares": NaN,
        "Basic Average Shares": NaN,
        "Diluted EPS": NaN,
        "Basic EPS": NaN,
        "Diluted NI Availto Com Stockholders": -23335000.0,
        "Net Income Common Stockholders": -23335000.0,
        "Net Income": -23335000.0,
        "Net Income Including Noncontrolling Interests": -23335000.0,
        "Net Income Continuous Operations": -23335000.0,
        "Tax Provision": 3182000.0,
        "Pretax Income": -20153000.0,
        "Other Income Expense": NaN,
        "Special Income Charges": NaN,
        "Gain On Sale Of Ppe": NaN,
        "Net Non Operating Interest Income Expense": -19792000.0,
        "Interest Expense Non Operating": 19792000.0,
        "Operating Income": 5964000.0,
        "Operating Expense": 108071000.0,
        "Depreciation Amortization Depletion Income Statement": 26226000.0,
        "Depreciation And Amortization In Income Statement": 26226000.0,
        "Research And Development": 19262000.0,
        "Selling General And Administration": 62583000.0,
        "Selling And Marketing Expense": 31901000.0,
        "General And Administrative Expense": 30682000.0,
        "Other Gand A": 30682000.0,
        "Gross Profit": 114035000.0,
        "Cost Of Revenue": 55405000.0,
        "Total Revenue": 169440000.0,
        "Operating Revenue": 163550000.0
    },
    "2024-03-31": {
        "Tax Effect Of Unusual Items": -2358720.0,
        "Tax Rate For Calcs": 0.21,
        "Normalized EBITDA": 29887000.0,
        "Total Unusual Items": -11232000.0,
        "Total Unusual Items Excluding Goodwill": -11232000.0,
        "Net Income From Continuing Operation Net Minority Interest": -16010000.0,
        "Reconciled Depreciation": 22951000.0,
        "Reconciled Cost Of Revenue": 29454000.0,
        "EBITDA": 18655000.0,
        "EBIT": -4296000.0,
        "Net Interest Income": -5791000.0,
        "Interest Expense": 5791000.0,
        "Normalized Income": -7136720.0,
        "Net Income From Continuing And Discontinued Operation": -16324000.0,
        "Total Expenses": 130916000.0,
        "Total Operating Income As Reported": -4296000.0,
        "Diluted Average Shares": 186635095.0,
        "Basic Average Shares": 186635095.0,
        "Diluted EPS": -0.09,
        "Basic EPS": -0.09,
        "Diluted NI Availto Com Stockholders": -16324000.0,
        "Net Income Common Stockholders": -16324000.0,
        "Net Income": -16324000.0,
        "Net Income Including Noncontrolling Interests": -16324000.0,
        "Net Income Discontinuous Operations": -314000.0,
        "Net Income Continuous Operations": -16010000.0,
        "Tax Provision": 5923000.0,
        "Pretax Income": -10087000.0,
        "Other Income Expense": -11232000.0,
        "Special Income Charges": -11232000.0,
        "Gain On Sale Of Ppe": -11232000.0,
        "Net Non Operating Interest Income Expense": -5791000.0,
        "Interest Expense Non Operating": 5791000.0,
        "Operating Income": 6936000.0,
        "Operating Expense": 99415000.0,
        "Depreciation Amortization Depletion Income Statement": 20904000.0,
        "Depreciation And Amortization In Income Statement": 20904000.0,
        "Research And Development": 19306000.0,
        "Selling General And Administration": 59205000.0,
        "Selling And Marketing Expense": 27564000.0,
        "General And Administrative Expense": 31641000.0,
        "Other Gand A": 31641000.0,
        "Gross Profit": 106351000.0,
        "Cost Of Revenue": 31501000.0,
        "Total Revenue": 137852000.0,
        "Operating Revenue": 133382000.0
    },
    "2024-06-30": {
        "Tax Effect Of Unusual Items": -96390.0,
        "Tax Rate For Calcs": 0.21,
        "Normalized EBITDA": 29276000.0,
        "Total Unusual Items": -459000.0,
        "Total Unusual Items Excluding Goodwill": -459000.0,
        "Net Income From Continuing Operation Net Minority Interest": -3376000.0,
        "Reconciled Depreciation": 21938000.0,
        "Reconciled Cost Of Revenue": 61347000.0,
        "EBITDA": 28817000.0,
        "EBIT": 6879000.0,
        "Net Interest Income": -9552000.0,
        "Interest Expense": 9552000.0,
        "Normalized Income": -3013390.0,
        "Net Income From Continuing And Discontinued Operation": -3376000.0,
        "Total Expenses": 170055000.0,
        "Total Operating Income As Reported": 6879000.0,
        "Diluted Average Shares": 185182906.0,
        "Basic Average Shares": 185182906.0,
        "Diluted EPS": -0.02,
        "Basic EPS": -0.02,
        "Diluted NI Availto Com Stockholders": -3376000.0,
        "Net Income Common Stockholders": -3376000.0,
        "Net Income": -3376000.0,
        "Net Income Including Noncontrolling Interests": -3376000.0,
        "Net Income Discontinuous Operations": NaN,
        "Net Income Continuous Operations": -3376000.0,
        "Tax Provision": 703000.0,
        "Pretax Income": -2673000.0,
        "Other Income Expense": -459000.0,
        "Special Income Charges": -459000.0,
        "Gain On Sale Of Ppe": -459000.0,
        "Net Non Operating Interest Income Expense": -9552000.0,
        "Interest Expense Non Operating": 9552000.0,
        "Operating Income": 7338000.0,
        "Operating Expense": 108708000.0,
        "Depreciation Amortization Depletion Income Statement": 21938000.0,
        "Depreciation And Amortization In Income Statement": 21938000.0,
        "Research And Development": 20164000.0,
        "Selling General And Administration": 66606000.0,
        "Selling And Marketing Expense": 30952000.0,
        "General And Administrative Expense": 35654000.0,
        "Other Gand A": 35654000.0,
        "Gross Profit": 116046000.0,
        "Cost Of Revenue": 61347000.0,
        "Total Revenue": 177393000.0,
        "Operating Revenue": 172048000.0
    },
    "2024-09-30": {
        "Tax Effect Of Unusual Items": -14700.0,
        "Tax Rate For Calcs": 0.21,
        "Normalized EBITDA": 31978000.0,
        "Total Unusual Items": -70000.0,
        "Total Unusual Items Excluding Goodwill": -70000.0,
        "Net Income From Continuing Operation Net Minority Interest": -9156000.0,
        "Reconciled Depreciation": 21991000.0,
        "Reconciled Cost Of Revenue": 59275000.0,
        "EBITDA": 31908000.0,
        "EBIT": 9917000.0,
        "Net Interest Income": -18331000.0,
        "Interest Expense": 18331000.0,
        "Normalized Income": -9100700.0,
        "Net Income From Continuing And Discontinued Operation": -9156000.0,
        "Total Expenses": 166273000.0,
        "Total Operating Income As Reported": 9917000.0,
        "Diluted Average Shares": 184146958.0,
        "Basic Average Shares": 184146958.0,
        "Diluted EPS": -0.05,
        "Basic EPS": -0.05,
        "Diluted NI Availto Com Stockholders": -9156000.0,
        "Net Income Common Stockholders": -9156000.0,
        "Net Income": -9156000.0,
        "Net Income Including Noncontrolling Interests": -9156000.0,
        "Net Income Discontinuous Operations": NaN,
        "Net Income Continuous Operations": -9156000.0,
        "Tax Provision": 742000.0,
        "Pretax Income": -8414000.0,
        "Other Income Expense": -70000.0,
        "Special Income Charges": -70000.0,
        "Gain On Sale Of Ppe": -70000.0,
        "Net Non Operating Interest Income Expense": -18331000.0,
        "Interest Expense Non Operating": 18331000.0,
        "Operating Income": 9987000.0,
        "Operating Expense": 106998000.0,
        "Depreciation Amortization Depletion Income Statement": 21991000.0,
        "Depreciation And Amortization In Income Statement": 21991000.0,
        "Research And Development": 20100000.0,
        "Selling General And Administration": 64907000.0,
        "Selling And Marketing Expense": 30577000.0,
        "General And Administrative Expense": 34330000.0,
        "Other Gand A": 34330000.0,
        "Gross Profit": 116985000.0,
        "Cost Of Revenue": 59275000.0,
        "Total Revenue": 176260000.0,
        "Operating Revenue": 171927000.0
    },
    "2024-12-31": {
        "Tax Effect Of Unusual Items": -3208841.015992,
        "Tax Rate For Calcs": 0.11477,
        "Normalized EBITDA": 37969000.0,
        "Total Unusual Items": -27959000.0,
        "Total Unusual Items Excluding Goodwill": -27959000.0,
        "Net Income From Continuing Operation Net Minority Interest": -12233000.0,
        "Reconciled Depreciation": 21944000.0,
        "Reconciled Cost Of Revenue": 50964000.0,
        "EBITDA": 10010000.0,
        "EBIT": -11934000.0,
        "Net Interest Income": -1885000.0,
        "Interest Expense": 1885000.0,
        "Normalized Income": 12517158.984008,
        "Net Income From Continuing And Discontinued Operation": -12233000.0,
        "Total Expenses": 158974000.0,
        "Total Operating Income As Reported": -11934000.0,
        "Diluted Average Shares": 183646235.0,
        "Basic Average Shares": 183646235.0,
        "Diluted EPS": -0.07,
        "Basic EPS": -0.07,
        "Diluted NI Availto Com Stockholders": -12233000.0,
        "Net Income Common Stockholders": -12233000.0,
        "Net Income": -12233000.0,
        "Net Income Including Noncontrolling Interests": -12233000.0,
        "Net Income Discontinuous Operations": NaN,
        "Net Income Continuous Operations": -12233000.0,
        "Tax Provision": -1586000.0,
        "Pretax Income": -13819000.0,
        "Other Income Expense": -27959000.0,
        "Special Income Charges": -27959000.0,
        "Gain On Sale Of Ppe": NaN,
        "Net Non Operating Interest Income Expense": -1885000.0,
        "Interest Expense Non Operating": 1885000.0,
        "Operating Income": 16025000.0,
        "Operating Expense": 108010000.0,
        "Depreciation Amortization Depletion Income Statement": 21944000.0,
        "Depreciation And Amortization In Income Statement": 21944000.0,
        "Research And Development": 19209000.0,
        "Selling General And Administration": 66857000.0,
        "Selling And Marketing Expense": 31208000.0,
        "General And Administrative Expense": 35649000.0,
        "Other Gand A": 35649000.0,
        "Gross Profit": 124035000.0,
        "Cost Of Revenue": 50964000.0,
        "Total Revenue": 174999000.0,
        "Operating Revenue": 168624000.0
    },
    "2025-03-31": {
        "Tax Effect Of Unusual Items": -30096.818811,
        "Tax Rate For Calcs": 0.35408,
        "Normalized EBITDA": 32249000.0,
        "Total Unusual Items": -85000.0,
        "Total Unusual Items Excluding Goodwill": -85000.0,
        "Net Income From Continuing Operation Net Minority Interest": 934000.0,
        "Reconciled Depreciation": 17959000.0,
        "Reconciled Cost Of Revenue": 29997000.0,
        "EBITDA": 32164000.0,
        "EBIT": 14205000.0,
        "Net Interest Income": -12759000.0,
        "Interest Expense": 12759000.0,
        "Normalized Income": 988903.181189,
        "Net Income From Continuing And Discontinued Operation": -7713000.0,
        "Total Expenses": 127983000.0,
        "Total Operating Income As Reported": 14205000.0,
        "Diluted Average Shares": 185222240.0,
        "Basic Average Shares": 183467698.0,
        "Diluted EPS": -0.04,
        "Basic EPS": -0.04,
        "Diluted NI Availto Com Stockholders": -7713000.0,
        "Net Income Common Stockholders": -7713000.0,
        "Net Income": -7713000.0,
        "Net Income Including Noncontrolling Interests": -7713000.0,
        "Net Income Discontinuous Operations": -8647000.0,
        "Net Income Continuous Operations": 934000.0,
        "Tax Provision": 512000.0,
        "Pretax Income": 1446000.0,
        "Other Income Expense": -85000.0,
        "Special Income Charges": -85000.0,
        "Gain On Sale Of Ppe": -85000.0,
        "Net Non Operating Interest Income Expense": -12759000.0,
        "Interest Expense Non Operating": 12759000.0,
        "Operating Income": 14290000.0,
        "Operating Expense": 96795000.0,
        "Depreciation Amortization Depletion Income Statement": 16768000.0,
        "Depreciation And Amortization In Income Statement": 16768000.0,
        "Research And Development": 19963000.0,
        "Selling General And Administration": 60064000.0,
        "Selling And Marketing Expense": 28783000.0,
        "General And Administrative Expense": 31281000.0,
        "Other Gand A": 31281000.0,
        "Gross Profit": 111085000.0,
        "Cost Of Revenue": 31188000.0,
        "Total Revenue": 142273000.0,
        "Operating Revenue": 137779000.0
    }
}