{
    "2023-03-31": {
        "Tax Effect Of Unusual Items": NaN,
        "Tax Rate For Calcs": NaN,
        "Normalized EBITDA": NaN,
        "Total Unusual Items": NaN,
        "Total Unusual Items Excluding Goodwill": NaN,
        "Net Income From Continuing Operation Net Minority Interest": NaN,
        "Reconciled Depreciation": NaN,
        "Reconciled Cost Of Revenue": NaN,
        "EBITDA": NaN,
        "EBIT": NaN,
        "Net Interest Income": NaN,
        "Interest Expense": NaN,
        "Interest Income": NaN,
        "Normalized Income": NaN,
        "Net Income From Continuing And Discontinued Operation": NaN,
        "Total Expenses": NaN,
        "Total Operating Income As Reported": NaN,
        "Diluted Average Shares": NaN,
        "Basic Average Shares": NaN,
        "Diluted EPS": NaN,
        "Basic EPS": NaN,
        "Diluted NI Availto Com Stockholders": NaN,
        "Net Income Common Stockholders": NaN,
        "Preferred Stock Dividends": NaN,
        "Net Income": NaN,
        "Net Income Including Noncontrolling Interests": NaN,
        "Net Income Discontinuous Operations": NaN,
        "Net Income Continuous Operations": NaN,
        "Tax Provision": NaN,
        "Pretax Income": NaN,
        "Other Income Expense": NaN,
        "Other Non Operating Income Expenses": NaN,
        "Special Income Charges": NaN,
        "Gain On Sale Of Ppe": NaN,
        "Impairment Of Capital Assets": NaN,
        "Restructuring And Mergern Acquisition": NaN,
        "Earnings From Equity Interest": NaN,
        "Net Non Operating Interest Income Expense": NaN,
        "Interest Expense Non Operating": NaN,
        "Interest Income Non Operating": NaN,
        "Operating Income": NaN,
        "Operating Expense": NaN,
        "Depreciation Amortization Depletion Income Statement": NaN,
        "Depreciation And Amortization In Income Statement": NaN,
        "Selling General And Administration": NaN,
        "General And Administrative Expense": 89726000.0,
        "Other Gand A": 89726000.0,
        "Gross Profit": NaN,
        "Cost Of Revenue": NaN,
        "Total Revenue": NaN,
        "Operating Revenue": NaN
    },
    "2022-12-31": {
        "Tax Effect Of Unusual Items": NaN,
        "Tax Rate For Calcs": NaN,
        "Normalized EBITDA": NaN,
        "Total Unusual Items": NaN,
        "Total Unusual Items Excluding Goodwill": NaN,
        "Net Income From Continuing Operation Net Minority Interest": NaN,
        "Reconciled Depreciation": NaN,
        "Reconciled Cost Of Revenue": NaN,
        "EBITDA": NaN,
        "EBIT": NaN,
        "Net Interest Income": NaN,
        "Interest Expense": NaN,
        "Interest Income": NaN,
        "Normalized Income": NaN,
        "Net Income From Continuing And Discontinued Operation": NaN,
        "Total Expenses": NaN,
        "Total Operating Income As Reported": NaN,
        "Diluted Average Shares": NaN,
        "Basic Average Shares": NaN,
        "Diluted EPS": NaN,
        "Basic EPS": NaN,
        "Diluted NI Availto Com Stockholders": NaN,
        "Net Income Common Stockholders": NaN,
        "Preferred Stock Dividends": NaN,
        "Net Income": NaN,
        "Net Income Including Noncontrolling Interests": NaN,
        "Net Income Discontinuous Operations": 0.0,
        "Net Income Continuous Operations": NaN,
        "Tax Provision": NaN,
        "Pretax Income": NaN,
        "Other Income Expense": NaN,
        "Other Non Operating Income Expenses": NaN,
        "Special Income Charges": NaN,
        "Gain On Sale Of Ppe": NaN,
        "Other Special Charges": 0.0,
        "Impairment Of Capital Assets": NaN,
        "Restructuring And Mergern Acquisition": NaN,
        "Earnings From Equity Interest": NaN,
        "Net Non Operating Interest Income Expense": NaN,
        "Interest Expense Non Operating": NaN,
        "Interest Income Non Operating": NaN,
        "Operating Income": NaN,
        "Operating Expense": NaN,
        "Depreciation Amortization Depletion Income Statement": NaN,
        "Depreciation And Amortization In Income Statement": NaN,
        "Selling General And Administration": NaN,
        "General And Administrative Expense": NaN,
        "Other Gand A": NaN,
        "Gross Profit": NaN,
        "Cost Of Revenue": NaN,
        "Total Revenue": NaN,
        "Operating Revenue": NaN
    },
    "2022-09-30": {
        "Tax Effect Of Unusual Items": NaN,
        "Tax Rate For Calcs": NaN,
        "Normalized EBITDA": NaN,
        "Total Unusual Items": NaN,
        "Total Unusual Items Excluding Goodwill": NaN,
        "Net Income From Continuing Operation Net Minority Interest": NaN,
        "Reconciled Depreciation": NaN,
        "Reconciled Cost Of Revenue": NaN,
        "EBITDA": NaN,
        "EBIT": NaN,
        "Net Interest Income": NaN,
        "Interest Expense": NaN,
        "Interest Income": NaN,
        "Normalized Income": NaN,
        "Net Income From Continuing And Discontinued Operation": NaN,
        "Total Expenses": NaN,
        "Total Operating Income As Reported": NaN,
        "Diluted Average Shares": NaN,
        "Basic Average Shares": NaN,
        "Diluted EPS": NaN,
        "Basic EPS": NaN,
        "Diluted NI Availto Com Stockholders": NaN,
        "Net Income Common Stockholders": NaN,
        "Preferred Stock Dividends": NaN,
        "Net Income": NaN,
        "Net Income Including Noncontrolling Interests": NaN,
        "Net Income Discontinuous Operations": 0.0,
        "Net Income Continuous Operations": NaN,
        "Tax Provision": NaN,
        "Pretax Income": NaN,
        "Other Income Expense": NaN,
        "Other Non Operating Income Expenses": NaN,
        "Special Income Charges": NaN,
        "Gain On Sale Of Ppe": 0.0,
        "Other Special Charges": 10192000.0,
        "Impairment Of Capital Assets": 0.0,
        "Restructuring And Mergern Acquisition": NaN,
        "Earnings From Equity Interest": NaN,
        "Net Non Operating Interest Income Expense": NaN,
        "Interest Expense Non Operating": NaN,
        "Interest Income Non Operating": NaN,
        "Operating Income": NaN,
        "Operating Expense": NaN,
        "Depreciation Amortization Depletion Income Statement": NaN,
        "Depreciation And Amortization In Income Statement": NaN,
        "Selling General And Administration": NaN,
        "General And Administrative Expense": NaN,
        "Other Gand A": NaN,
        "Gross Profit": NaN,
        "Cost Of Revenue": NaN,
        "Total Revenue": NaN,
        "Operating Revenue": NaN
    },
    "2022-06-30": {
        "Tax Effect Of Unusual Items": -34161.05825,
        "Tax Rate For Calcs": 0.042701,
        "Normalized EBITDA": 13751000.0,
        "Total Unusual Items": -800000.0,
        "Total Unusual Items Excluding Goodwill": -800000.0,
        "Net Income From Continuing Operation Net Minority Interest": -4125000.0,
        "Reconciled Depreciation": 15112000.0,
        "Reconciled Cost Of Revenue": 249705000.0,
        "EBITDA": 12951000.0,
        "EBIT": -2161000.0,
        "Net Interest Income": -1925000.0,
        "Interest Expense": 2148000.0,
        "Interest Income": 223000.0,
        "Normalized Income": -3359161.05825,
        "Net Income From Continuing And Discontinued Operation": -4588000.0,
        "Total Expenses": 323772000.0,
        "Total Operating Income As Reported": -4633000.0,
        "Diluted Average Shares": 90071000.0,
        "Basic Average Shares": 90071000.0,
        "Diluted EPS": -0.05,
        "Basic EPS": -0.05,
        "Diluted NI Availto Com Stockholders": -4588000.0,
        "Net Income Common Stockholders": -4588000.0,
        "Otherunder Preferred Stock Dividend": NaN,
        "Preferred Stock Dividends": NaN,
        "Net Income": -4588000.0,
        "Net Income Including Noncontrolling Interests": -4588000.0,
        "Net Income Discontinuous Operations": -463000.0,
        "Net Income Continuous Operations": -4125000.0,
        "Tax Provision": -184000.0,
        "Pretax Income": -4309000.0,
        "Other Income Expense": 1449000.0,
        "Other Non Operating Income Expenses": 297000.0,
        "Special Income Charges": -800000.0,
        "Other Special Charges": NaN,
        "Impairment Of Capital Assets": NaN,
        "Restructuring And Mergern Acquisition": 800000.0,
        "Earnings From Equity Interest": 1952000.0,
        "Net Non Operating Interest Income Expense": -1925000.0,
        "Interest Expense Non Operating": 2148000.0,
        "Interest Income Non Operating": 223000.0,
        "Operating Income": -3833000.0,
        "Operating Expense": 74067000.0,
        "Depreciation Amortization Depletion Income Statement": 15112000.0,
        "Depreciation And Amortization In Income Statement": 15112000.0,
        "Selling General And Administration": 58955000.0,
        "General And Administrative Expense": 58955000.0,
        "Other Gand A": 58955000.0,
        "Gross Profit": 70234000.0,
        "Cost Of Revenue": 249705000.0,
        "Total Revenue": 319939000.0,
        "Operating Revenue": 319939000.0
    },
    "2023-06-30": {
        "Tax Effect Of Unusual Items": NaN,
        "Tax Rate For Calcs": NaN,
        "Normalized EBITDA": NaN,
        "Total Unusual Items": NaN,
        "Total Unusual Items Excluding Goodwill": NaN,
        "Net Income From Continuing Operation Net Minority Interest": NaN,
        "Reconciled Depreciation": NaN,
        "Reconciled Cost Of Revenue": NaN,
        "EBITDA": NaN,
        "EBIT": NaN,
        "Net Interest Income": NaN,
        "Interest Expense": NaN,
        "Interest Income": NaN,
        "Normalized Income": NaN,
        "Net Income From Continuing And Discontinued Operation": NaN,
        "Total Expenses": NaN,
        "Total Operating Income As Reported": NaN,
        "Diluted Average Shares": NaN,
        "Basic Average Shares": NaN,
        "Diluted EPS": NaN,
        "Basic EPS": NaN,
        "Diluted NI Availto Com Stockholders": NaN,
        "Net Income Common Stockholders": NaN,
        "Preferred Stock Dividends": NaN,
        "Net Income": NaN,
        "Net Income Including Noncontrolling Interests": NaN,
        "Net Income Discontinuous Operations": 0.0,
        "Net Income Continuous Operations": NaN,
        "Tax Provision": NaN,
        "Pretax Income": NaN,
        "Other Income Expense": NaN,
        "Other Non Operating Income Expenses": NaN,
        "Special Income Charges": NaN,
        "Gain On Sale Of Ppe": NaN,
        "Impairment Of Capital Assets": NaN,
        "Restructuring And Mergern Acquisition": NaN,
        "Earnings From Equity Interest": NaN,
        "Net Non Operating Interest Income Expense": NaN,
        "Interest Expense Non Operating": NaN,
        "Interest Income Non Operating": NaN,
        "Operating Income": NaN,
        "Operating Expense": NaN,
        "Depreciation Amortization Depletion Income Statement": NaN,
        "Depreciation And Amortization In Income Statement": NaN,
        "Selling General And Administration": NaN,
        "General And Administrative Expense": 90389000.0,
        "Other Gand A": 90389000.0,
        "Gross Profit": NaN,
        "Cost Of Revenue": NaN,
        "Total Revenue": NaN,
        "Operating Revenue": NaN
    },
    "2022-03-31": {
        "Diluted EPS": -0.06,
        "Total Revenue": 297,
        "Gross Profit": 77,
        "Operating Income": -3,
        "EBIT": 25,
        "Net Income": -5
    },
    "2021-12-31": {
        "Diluted EPS": -0.06,
        "Total Revenue": 248,
        "Gross Profit": 84,
        "Operating Income": -12,
        "EBIT": 10,
        "Net Income": -6
    },
    "2021-09-30": {
        "Diluted EPS": -0.15,
        "Total Revenue": 222,
        "Gross Profit": 59,
        "Operating Income": -7,
        "EBIT": 14,
        "Net Income": -13
    },
    "2021-06-30": {
        "Diluted EPS": -0.11,
        "Total Revenue": 222,
        "Gross Profit": 50,
        "Operating Income": -8,
        "EBIT": 17,
        "Net Income": -9
    },
    "2021-03-31": {
        "Diluted EPS": -0.12,
        "Total Revenue": 215,
        "Gross Profit": 57,
        "Operating Income": -16,
        "EBIT": 7,
        "Net Income": -10
    },
    "2020-12-31": {
        "Diluted EPS": -0.19,
        "Total Revenue": 247,
        "Gross Profit": 72,
        "Operating Income": 5,
        "EBIT": 29,
        "Net Income": -15
    },
    "2020-09-30": {
        "Diluted EPS": -0.44,
        "Total Revenue": 240,
        "Gross Profit": 58,
        "Operating Income": -16,
        "EBIT": 8,
        "Net Income": -37
    },
    "2020-06-30": {
        "Diluted EPS": -2.38,
        "Total Revenue": 217,
        "Gross Profit": 53,
        "Operating Income": -226,
        "EBIT": 13,
        "Net Income": -204
    },
    "2020-03-31": {
        "Diluted EPS": -0.93,
        "Total Revenue": 221,
        "Gross Profit": 46,
        "Operating Income": -25,
        "EBIT": 0,
        "Net Income": -79
    },
    "2019-12-31": {
        "Diluted EPS": -2.4,
        "Total Revenue": 77,
        "Gross Profit": -78,
        "Operating Income": -217,
        "EBIT": 3,
        "Net Income": -198
    },
    "2019-09-30": {
        "Diluted EPS": -0.3,
        "Total Revenue": 220,
        "Gross Profit": 88,
        "Operating Income": -20,
        "EBIT": -1,
        "Net Income": -26
    },
    "2019-06-30": {
        "Diluted EPS": -0.38,
        "Total Revenue": 192,
        "Gross Profit": 84,
        "Operating Income": -25,
        "EBIT": -6,
        "Net Income": -32
    },
    "2019-03-31": {
        "Diluted EPS": -0.59,
        "Total Revenue": 198,
        "Gross Profit": 80,
        "Operating Income": -47,
        "EBIT": -29,
        "Net Income": -47
    },
    "2018-12-31": {
        "Diluted EPS": -0.21,
        "Total Revenue": 193,
        "Gross Profit": 80,
        "Operating Income": -13,
        "EBIT": 4,
        "Net Income": -17
    },
    "2018-09-30": {
        "Diluted EPS": -0.16,
        "Total Revenue": 150,
        "Gross Profit": 76,
        "Operating Income": -11,
        "EBIT": 0,
        "Net Income": -12
    },
    "2018-06-30": {
        "Diluted EPS": -0.13,
        "Total Revenue": 144,
        "Gross Profit": 75,
        "Operating Income": -9,
        "EBIT": 2,
        "Net Income": -10
    },
    "2018-03-31": {
        "Diluted EPS": -0.18,
        "Total Revenue": 140,
        "Gross Profit": 68,
        "Operating Income": -14,
        "EBIT": -4,
        "Net Income": -14
    },
    "2017-12-31": {
        "Diluted EPS": -0.14,
        "Total Revenue": 114,
        "Gross Profit": 48,
        "Operating Income": -18,
        "EBIT": -7,
        "Net Income": -13
    },
    "2017-09-30": {
        "Diluted EPS": -0.18,
        "Total Revenue": 108,
        "Gross Profit": 40,
        "Operating Income": -14,
        "EBIT": -6,
        "Net Income": -13
    },
    "2017-06-30": {
        "Diluted EPS": -0.28,
        "Total Revenue": 107,
        "Gross Profit": 39,
        "Operating Income": -19,
        "EBIT": -12,
        "Net Income": -17
    },
    "2017-03-31": {
        "Diluted EPS": -0.34,
        "Total Revenue": 106,
        "Gross Profit": 39,
        "Operating Income": -21,
        "EBIT": -15,
        "Net Income": -18
    },
    "2016-12-31": {
        "Diluted EPS": -0.18,
        "Total Revenue": 88,
        "Gross Profit": 28,
        "Operating Income": -34,
        "EBIT": -27,
        "Net Income": -17
    },
    "2016-09-30": {
        "Diluted EPS": -0.26,
        "Total Revenue": 60,
        "Gross Profit": 26,
        "Operating Income": -16,
        "EBIT": -12,
        "Net Income": -11
    },
    "2016-06-30": {
        "Diluted EPS": -0.2,
        "Total Revenue": 57,
        "Gross Profit": 24,
        "Operating Income": -13,
        "EBIT": -9,
        "Net Income": -8
    },
    "2016-03-31": {
        "Diluted EPS": -2.91,
        "Total Revenue": 49,
        "Gross Profit": 21,
        "Operating Income": -175,
        "EBIT": -11,
        "Net Income": -123
    },
    "2015-12-31": {
        "Diluted EPS": 1.71,
        "Total Revenue": 46,
        "Gross Profit": 21,
        "Operating Income": -14,
        "EBIT": -11,
        "Net Income": -5
    },
    "2015-09-30": {
        "Diluted EPS": -0.29,
        "Total Revenue": 40,
        "Gross Profit": 16,
        "Operating Income": -17,
        "EBIT": -14,
        "Net Income": -12
    },
    "2015-06-30": {
        "Diluted EPS": 9.73,
        "Total Revenue": 10,
        "Gross Profit": 3,
        "Operating Income": -12,
        "EBIT": -12,
        "Net Income": 360
    },
    "2015-03-31": {
        "Diluted EPS": -4.22,
        "Total Revenue": NaN,
        "Gross Profit": NaN,
        "Operating Income": NaN,
        "EBIT": NaN,
        "Net Income": -13
    },
    "2014-12-31": {
        "Diluted EPS": -8.22,
        "Total Revenue": -20,
        "Gross Profit": -5,
        "Operating Income": 12,
        "EBIT": 12,
        "Net Income": -5
    },
    "2014-09-30": {
        "Diluted EPS": -2.07,
        "Total Revenue": NaN,
        "Gross Profit": NaN,
        "Operating Income": NaN,
        "EBIT": NaN,
        "Net Income": -3
    },
    "2014-06-30": {
        "Diluted EPS": -3.17,
        "Total Revenue": NaN,
        "Gross Profit": NaN,
        "Operating Income": NaN,
        "EBIT": NaN,
        "Net Income": -6
    },
    "2014-03-31": {
        "Diluted EPS": 0.0,
        "Total Revenue": 20,
        "Gross Profit": 5,
        "Operating Income": -12,
        "EBIT": -11,
        "Net Income": -12
    },
    "2013-12-31": {
        "Diluted EPS": 0.0,
        "Total Revenue": NaN,
        "Gross Profit": NaN,
        "Operating Income": NaN,
        "EBIT": NaN,
        "Net Income": NaN
    },
    "2023-09-30": {
        "Tax Effect Of Unusual Items": NaN,
        "Tax Rate For Calcs": NaN,
        "Normalized EBITDA": NaN,
        "Total Unusual Items": NaN,
        "Total Unusual Items Excluding Goodwill": NaN,
        "Net Income From Continuing Operation Net Minority Interest": NaN,
        "Reconciled Depreciation": NaN,
        "Reconciled Cost Of Revenue": NaN,
        "EBITDA": NaN,
        "EBIT": NaN,
        "Net Interest Income": NaN,
        "Interest Expense": NaN,
        "Interest Income": NaN,
        "Normalized Income": NaN,
        "Net Income From Continuing And Discontinued Operation": NaN,
        "Total Expenses": NaN,
        "Total Operating Income As Reported": NaN,
        "Diluted Average Shares": NaN,
        "Basic Average Shares": NaN,
        "Diluted EPS": NaN,
        "Basic EPS": NaN,
        "Diluted NI Availto Com Stockholders": NaN,
        "Net Income Common Stockholders": NaN,
        "Preferred Stock Dividends": NaN,
        "Net Income": NaN,
        "Net Income Including Noncontrolling Interests": NaN,
        "Net Income Discontinuous Operations": 0.0,
        "Net Income Continuous Operations": NaN,
        "Tax Provision": NaN,
        "Pretax Income": NaN,
        "Other Income Expense": NaN,
        "Other Non Operating Income Expenses": NaN,
        "Special Income Charges": NaN,
        "Gain On Sale Of Ppe": -2097000.0,
        "Other Special Charges": NaN,
        "Impairment Of Capital Assets": 0.0,
        "Restructuring And Mergern Acquisition": NaN,
        "Earnings From Equity Interest": NaN,
        "Gain On Sale Of Security": NaN,
        "Net Non Operating Interest Income Expense": NaN,
        "Interest Expense Non Operating": NaN,
        "Interest Income Non Operating": NaN,
        "Operating Income": NaN,
        "Operating Expense": NaN,
        "Depreciation Amortization Depletion Income Statement": NaN,
        "Depreciation And Amortization In Income Statement": NaN,
        "Selling General And Administration": NaN,
        "General And Administrative Expense": NaN,
        "Other Gand A": NaN,
        "Gross Profit": NaN,
        "Cost Of Revenue": NaN,
        "Total Revenue": NaN,
        "Operating Revenue": NaN
    },
    "2023-12-31": {
        "Tax Effect Of Unusual Items": NaN,
        "Tax Rate For Calcs": NaN,
        "Normalized EBITDA": NaN,
        "Total Unusual Items": NaN,
        "Total Unusual Items Excluding Goodwill": NaN,
        "Net Income From Continuing Operation Net Minority Interest": NaN,
        "Reconciled Depreciation": NaN,
        "Reconciled Cost Of Revenue": NaN,
        "EBITDA": NaN,
        "EBIT": NaN,
        "Net Interest Income": NaN,
        "Interest Expense": NaN,
        "Interest Income": NaN,
        "Normalized Income": NaN,
        "Net Income From Continuing And Discontinued Operation": NaN,
        "Total Expenses": NaN,
        "Total Operating Income As Reported": NaN,
        "Diluted Average Shares": NaN,
        "Basic Average Shares": NaN,
        "Diluted EPS": NaN,
        "Basic EPS": NaN,
        "Diluted NI Availto Com Stockholders": NaN,
        "Net Income Common Stockholders": NaN,
        "Preferred Stock Dividends": NaN,
        "Net Income": NaN,
        "Net Income Including Noncontrolling Interests": NaN,
        "Net Income Discontinuous Operations": 0.0,
        "Net Income Continuous Operations": NaN,
        "Tax Provision": NaN,
        "Pretax Income": NaN,
        "Other Income Expense": NaN,
        "Other Non Operating Income Expenses": NaN,
        "Special Income Charges": NaN,
        "Gain On Sale Of Ppe": -6010000.0,
        "Other Special Charges": NaN,
        "Impairment Of Capital Assets": 0.0,
        "Restructuring And Mergern Acquisition": NaN,
        "Earnings From Equity Interest": NaN,
        "Gain On Sale Of Security": NaN,
        "Net Non Operating Interest Income Expense": NaN,
        "Total Other Finance Cost": NaN,
        "Interest Expense Non Operating": NaN,
        "Interest Income Non Operating": NaN,
        "Operating Income": NaN,
        "Operating Expense": NaN,
        "Depreciation Amortization Depletion Income Statement": NaN,
        "Depreciation And Amortization In Income Statement": NaN,
        "Selling General And Administration": NaN,
        "General And Administrative Expense": NaN,
        "Other Gand A": NaN,
        "Gross Profit": NaN,
        "Cost Of Revenue": NaN,
        "Total Revenue": NaN,
        "Operating Revenue": NaN
    },
    "2024-03-31": {
        "Tax Effect Of Unusual Items": NaN,
        "Tax Rate For Calcs": NaN,
        "Normalized EBITDA": NaN,
        "Total Unusual Items": NaN,
        "Total Unusual Items Excluding Goodwill": NaN,
        "Net Income From Continuing Operation Net Minority Interest": NaN,
        "Reconciled Depreciation": NaN,
        "Reconciled Cost Of Revenue": NaN,
        "EBITDA": NaN,
        "EBIT": NaN,
        "Net Interest Income": NaN,
        "Interest Expense": NaN,
        "Interest Income": NaN,
        "Normalized Income": NaN,
        "Net Income From Continuing And Discontinued Operation": NaN,
        "Total Expenses": NaN,
        "Total Operating Income As Reported": NaN,
        "Diluted Average Shares": NaN,
        "Basic Average Shares": NaN,
        "Diluted EPS": NaN,
        "Basic EPS": NaN,
        "Diluted NI Availto Com Stockholders": NaN,
        "Net Income Common Stockholders": NaN,
        "Preferred Stock Dividends": NaN,
        "Net Income": NaN,
        "Net Income Including Noncontrolling Interests": NaN,
        "Net Income Continuous Operations": NaN,
        "Tax Provision": NaN,
        "Pretax Income": NaN,
        "Other Income Expense": NaN,
        "Other Non Operating Income Expenses": NaN,
        "Special Income Charges": NaN,
        "Gain On Sale Of Ppe": NaN,
        "Other Special Charges": NaN,
        "Impairment Of Capital Assets": NaN,
        "Restructuring And Mergern Acquisition": NaN,
        "Earnings From Equity Interest": NaN,
        "Gain On Sale Of Security": NaN,
        "Net Non Operating Interest Income Expense": NaN,
        "Total Other Finance Cost": NaN,
        "Interest Expense Non Operating": NaN,
        "Interest Income Non Operating": NaN,
        "Operating Income": NaN,
        "Operating Expense": NaN,
        "Depreciation Amortization Depletion Income Statement": NaN,
        "Depreciation And Amortization In Income Statement": NaN,
        "Selling General And Administration": NaN,
        "General And Administrative Expense": 79104000.0,
        "Other Gand A": 79104000.0,
        "Gross Profit": NaN,
        "Cost Of Revenue": NaN,
        "Total Revenue": NaN,
        "Operating Revenue": NaN
    },
    "2024-06-30": {
        "Tax Effect Of Unusual Items": 0.0,
        "Tax Rate For Calcs": 0.21,
        "Normalized EBITDA": 36340000.0,
        "Total Unusual Items": 0.0,
        "Total Unusual Items Excluding Goodwill": 0.0,
        "Net Income From Continuing Operation Net Minority Interest": 1596000.0,
        "Reconciled Depreciation": 29870000.0,
        "Reconciled Cost Of Revenue": 540302000.0,
        "EBITDA": 36340000.0,
        "EBIT": 6470000.0,
        "Net Interest Income": -4625000.0,
        "Interest Expense": 5112000.0,
        "Interest Income": 1370000.0,
        "Normalized Income": 1596000.0,
        "Net Income From Continuing And Discontinued Operation": 1596000.0,
        "Total Expenses": 639357000.0,
        "Total Operating Income As Reported": 7788000.0,
        "Diluted Average Shares": NaN,
        "Basic Average Shares": NaN,
        "Diluted EPS": NaN,
        "Basic EPS": NaN,
        "Diluted NI Availto Com Stockholders": -6383000.0,
        "Net Income Common Stockholders": -6383000.0,
        "Preferred Stock Dividends": 7979000.0,
        "Net Income": 1596000.0,
        "Net Income Including Noncontrolling Interests": 1596000.0,
        "Net Income Continuous Operations": 1596000.0,
        "Tax Provision": -238000.0,
        "Pretax Income": 1358000.0,
        "Other Income Expense": -1805000.0,
        "Other Non Operating Income Expenses": -105000.0,
        "Special Income Charges": 0.0,
        "Gain On Sale Of Ppe": NaN,
        "Other Special Charges": NaN,
        "Impairment Of Capital Assets": 0.0,
        "Restructuring And Mergern Acquisition": 0.0,
        "Earnings From Equity Interest": -1700000.0,
        "Gain On Sale Of Security": NaN,
        "Net Non Operating Interest Income Expense": -4625000.0,
        "Total Other Finance Cost": 883000.0,
        "Interest Expense Non Operating": 5112000.0,
        "Interest Income Non Operating": 1370000.0,
        "Operating Income": 7788000.0,
        "Operating Expense": 99055000.0,
        "Depreciation Amortization Depletion Income Statement": 29870000.0,
        "Depreciation And Amortization In Income Statement": 29870000.0,
        "Selling General And Administration": 69185000.0,
        "General And Administrative Expense": NaN,
        "Other Gand A": NaN,
        "Gross Profit": 106843000.0,
        "Cost Of Revenue": 540302000.0,
        "Total Revenue": 647145000.0,
        "Operating Revenue": 647145000.0
    },
    "2024-09-30": {
        "Tax Effect Of Unusual Items": -5200.0,
        "Tax Rate For Calcs": 0.026,
        "Normalized EBITDA": 12155000.0,
        "Total Unusual Items": -200000.0,
        "Total Unusual Items Excluding Goodwill": -200000.0,
        "Net Income From Continuing Operation Net Minority Interest": -23137000.0,
        "Reconciled Depreciation": 29701000.0,
        "Reconciled Cost Of Revenue": 540708000.0,
        "EBITDA": 11955000.0,
        "EBIT": -17746000.0,
        "Net Interest Income": -5216000.0,
        "Interest Expense": 6010000.0,
        "Interest Income": 794000.0,
        "Normalized Income": -22942200.0,
        "Net Income From Continuing And Discontinued Operation": -23137000.0,
        "Total Expenses": 637469000.0,
        "Total Operating Income As Reported": -16268000.0,
        "Diluted Average Shares": 114862000.0,
        "Basic Average Shares": 114862000.0,
        "Diluted EPS": -0.27,
        "Basic EPS": -0.27,
        "Diluted NI Availto Com Stockholders": -31231000.0,
        "Net Income Common Stockholders": -31231000.0,
        "Preferred Stock Dividends": 8094000.0,
        "Net Income": -23137000.0,
        "Net Income Including Noncontrolling Interests": -23137000.0,
        "Net Income Continuous Operations": -23137000.0,
        "Tax Provision": -619000.0,
        "Pretax Income": -23756000.0,
        "Other Income Expense": -2472000.0,
        "Other Non Operating Income Expenses": -43000.0,
        "Special Income Charges": -200000.0,
        "Gain On Sale Of Ppe": 0.0,
        "Other Special Charges": NaN,
        "Impairment Of Capital Assets": 0.0,
        "Restructuring And Mergern Acquisition": 200000.0,
        "Earnings From Equity Interest": -2229000.0,
        "Gain On Sale Of Security": NaN,
        "Net Non Operating Interest Income Expense": -5216000.0,
        "Total Other Finance Cost": NaN,
        "Interest Expense Non Operating": 6010000.0,
        "Interest Income Non Operating": 794000.0,
        "Operating Income": -16068000.0,
        "Operating Expense": 96761000.0,
        "Depreciation Amortization Depletion Income Statement": 29701000.0,
        "Depreciation And Amortization In Income Statement": 29701000.0,
        "Selling General And Administration": 67060000.0,
        "General And Administrative Expense": NaN,
        "Other Gand A": NaN,
        "Gross Profit": 80693000.0,
        "Cost Of Revenue": 540708000.0,
        "Total Revenue": 621401000.0,
        "Operating Revenue": 621401000.0
    },
    "2024-12-31": {
        "Tax Effect Of Unusual Items": -811123.604899,
        "Tax Rate For Calcs": 0.046859,
        "Normalized EBITDA": 29403000.0,
        "Total Unusual Items": -17310000.0,
        "Total Unusual Items Excluding Goodwill": -17310000.0,
        "Net Income From Continuing Operation Net Minority Interest": -22802000.0,
        "Reconciled Depreciation": 29296000.0,
        "Reconciled Cost Of Revenue": 570831000.0,
        "EBITDA": 12093000.0,
        "EBIT": -17203000.0,
        "Net Interest Income": -5890000.0,
        "Interest Expense": 6720000.0,
        "Interest Income": 830000.0,
        "Normalized Income": -6303123.604899,
        "Net Income From Continuing And Discontinued Operation": -22802000.0,
        "Total Expenses": 647828000.0,
        "Total Operating Income As Reported": -18596000.0,
        "Diluted Average Shares": 115032000.0,
        "Basic Average Shares": 115032000.0,
        "Diluted EPS": -0.27,
        "Basic EPS": -0.27,
        "Diluted NI Availto Com Stockholders": -30615000.0,
        "Net Income Common Stockholders": -30615000.0,
        "Preferred Stock Dividends": 7813000.0,
        "Net Income": -22802000.0,
        "Net Income Including Noncontrolling Interests": -22802000.0,
        "Net Income Continuous Operations": -22802000.0,
        "Tax Provision": -1121000.0,
        "Pretax Income": -23923000.0,
        "Other Income Expense": -16747000.0,
        "Other Non Operating Income Expenses": 381000.0,
        "Special Income Charges": -17310000.0,
        "Gain On Sale Of Ppe": 0.0,
        "Other Special Charges": NaN,
        "Impairment Of Capital Assets": 2588000.0,
        "Restructuring And Mergern Acquisition": -4200000.0,
        "Earnings From Equity Interest": 182000.0,
        "Gain On Sale Of Security": NaN,
        "Net Non Operating Interest Income Expense": -5890000.0,
        "Total Other Finance Cost": NaN,
        "Interest Expense Non Operating": 6720000.0,
        "Interest Income Non Operating": 830000.0,
        "Operating Income": -1286000.0,
        "Operating Expense": 76997000.0,
        "Depreciation Amortization Depletion Income Statement": 29296000.0,
        "Depreciation And Amortization In Income Statement": 29296000.0,
        "Selling General And Administration": 47701000.0,
        "General And Administrative Expense": NaN,
        "Other Gand A": NaN,
        "Gross Profit": 75711000.0,
        "Cost Of Revenue": 570831000.0,
        "Total Revenue": 646542000.0,
        "Operating Revenue": 646542000.0
    },
    "2025-03-31": {
        "Tax Effect Of Unusual Items": -11334540.0,
        "Tax Rate For Calcs": 0.21,
        "Normalized EBITDA": 25269000.0,
        "Total Unusual Items": -53974000.0,
        "Total Unusual Items Excluding Goodwill": -53974000.0,
        "Net Income From Continuing Operation Net Minority Interest": -64618000.0,
        "Reconciled Depreciation": 24058000.0,
        "Reconciled Cost Of Revenue": 381178000.0,
        "EBITDA": -28705000.0,
        "EBIT": -52763000.0,
        "Net Interest Income": -9111000.0,
        "Interest Expense": 10385000.0,
        "Interest Income": 1274000.0,
        "Normalized Income": -21978540.0,
        "Net Income From Continuing And Discontinued Operation": -64618000.0,
        "Total Expenses": 483645000.0,
        "Total Operating Income As Reported": -1622000.0,
        "Diluted Average Shares": 115315000.0,
        "Basic Average Shares": 115315000.0,
        "Diluted EPS": -0.63,
        "Basic EPS": -0.63,
        "Diluted NI Availto Com Stockholders": -72250000.0,
        "Net Income Common Stockholders": -72250000.0,
        "Preferred Stock Dividends": 7632000.0,
        "Net Income": -64618000.0,
        "Net Income Including Noncontrolling Interests": -64618000.0,
        "Net Income Continuous Operations": -64618000.0,
        "Tax Provision": 1470000.0,
        "Pretax Income": -63148000.0,
        "Other Income Expense": -54041000.0,
        "Other Non Operating Income Expenses": -48000.0,
        "Special Income Charges": -1626000.0,
        "Gain On Sale Of Ppe": NaN,
        "Other Special Charges": 1906000.0,
        "Impairment Of Capital Assets": NaN,
        "Restructuring And Mergern Acquisition": -280000.0,
        "Earnings From Equity Interest": -19000.0,
        "Gain On Sale Of Security": -52348000.0,
        "Net Non Operating Interest Income Expense": -9111000.0,
        "Total Other Finance Cost": NaN,
        "Interest Expense Non Operating": 10385000.0,
        "Interest Income Non Operating": 1274000.0,
        "Operating Income": 4000.0,
        "Operating Expense": 102467000.0,
        "Depreciation Amortization Depletion Income Statement": 24058000.0,
        "Depreciation And Amortization In Income Statement": 24058000.0,
        "Selling General And Administration": 78409000.0,
        "General And Administrative Expense": 78409000.0,
        "Other Gand A": 78409000.0,
        "Gross Profit": 102471000.0,
        "Cost Of Revenue": 381178000.0,
        "Total Revenue": 483649000.0,
        "Operating Revenue": 483649000.0
    },
    "2025-06-30": {
        "Tax Effect Of Unusual Items": -496080.0,
        "Tax Rate For Calcs": 0.04,
        "Normalized EBITDA": 25173000.0,
        "Total Unusual Items": -12402000.0,
        "Total Unusual Items Excluding Goodwill": -12402000.0,
        "Net Income From Continuing Operation Net Minority Interest": -19897000.0,
        "Reconciled Depreciation": 23141000.0,
        "Reconciled Cost Of Revenue": 343943000.0,
        "EBITDA": 12771000.0,
        "EBIT": -10370000.0,
        "Net Interest Income": -10517000.0,
        "Interest Expense": 10352000.0,
        "Interest Income": 1084000.0,
        "Normalized Income": -7991080.0,
        "Net Income From Continuing And Discontinued Operation": -19897000.0,
        "Total Expenses": 442293000.0,
        "Total Operating Income As Reported": -1171000.0,
        "Diluted Average Shares": 115882000.0,
        "Basic Average Shares": 115882000.0,
        "Diluted EPS": -0.44,
        "Basic EPS": -0.44,
        "Diluted NI Availto Com Stockholders": -51090000.0,
        "Net Income Common Stockholders": -51090000.0,
        "Preferred Stock Dividends": 31193000.0,
        "Net Income": -19897000.0,
        "Net Income Including Noncontrolling Interests": -19897000.0,
        "Net Income Continuous Operations": -19897000.0,
        "Tax Provision": -825000.0,
        "Pretax Income": -20722000.0,
        "Other Income Expense": -12240000.0,
        "Other Non Operating Income Expenses": -35000.0,
        "Special Income Charges": -12206000.0,
        "Gain On Sale Of Ppe": NaN,
        "Other Special Charges": 9000000.0,
        "Impairment Of Capital Assets": NaN,
        "Restructuring And Mergern Acquisition": 3206000.0,
        "Earnings From Equity Interest": 197000.0,
        "Gain On Sale Of Security": -196000.0,
        "Net Non Operating Interest Income Expense": -10517000.0,
        "Total Other Finance Cost": 1249000.0,
        "Interest Expense Non Operating": 10352000.0,
        "Interest Income Non Operating": 1084000.0,
        "Operating Income": 2035000.0,
        "Operating Expense": 98350000.0,
        "Depreciation Amortization Depletion Income Statement": 23141000.0,
        "Depreciation And Amortization In Income Statement": 23141000.0,
        "Selling General And Administration": 75209000.0,
        "General And Administrative Expense": NaN,
        "Other Gand A": NaN,
        "Gross Profit": 100385000.0,
        "Cost Of Revenue": 343943000.0,
        "Total Revenue": 444328000.0,
        "Operating Revenue": 444328000.0
    },
    "2025-09-30": {
        "Tax Effect Of Unusual Items": NaN,
        "Tax Rate For Calcs": NaN,
        "Normalized EBITDA": NaN,
        "Total Unusual Items": NaN,
        "Total Unusual Items Excluding Goodwill": NaN,
        "Net Income From Continuing Operation Net Minority Interest": NaN,
        "Reconciled Depreciation": NaN,
        "Reconciled Cost Of Revenue": NaN,
        "EBITDA": NaN,
        "EBIT": NaN,
        "Net Interest Income": NaN,
        "Interest Expense": NaN,
        "Interest Income": NaN,
        "Normalized Income": NaN,
        "Net Income From Continuing And Discontinued Operation": NaN,
        "Total Expenses": NaN,
        "Total Operating Income As Reported": NaN,
        "Diluted Average Shares": 114066000.0,
        "Basic Average Shares": 114066000.0,
        "Diluted EPS": -0.24,
        "Basic EPS": -0.24,
        "Diluted NI Availto Com Stockholders": NaN,
        "Net Income Common Stockholders": NaN,
        "Preferred Stock Dividends": NaN,
        "Net Income": NaN,
        "Net Income Including Noncontrolling Interests": NaN,
        "Net Income Continuous Operations": NaN,
        "Tax Provision": NaN,
        "Pretax Income": NaN,
        "Other Income Expense": NaN,
        "Other Non Operating Income Expenses": NaN,
        "Special Income Charges": NaN,
        "Gain On Sale Of Ppe": NaN,
        "Other Special Charges": NaN,
        "Impairment Of Capital Assets": NaN,
        "Restructuring And Mergern Acquisition": NaN,
        "Earnings From Equity Interest": NaN,
        "Gain On Sale Of Security": NaN,
        "Net Non Operating Interest Income Expense": NaN,
        "Total Other Finance Cost": NaN,
        "Interest Expense Non Operating": NaN,
        "Interest Income Non Operating": NaN,
        "Operating Income": NaN,
        "Operating Expense": NaN,
        "Depreciation Amortization Depletion Income Statement": NaN,
        "Depreciation And Amortization In Income Statement": NaN,
        "Selling General And Administration": NaN,
        "General And Administrative Expense": NaN,
        "Other Gand A": NaN,
        "Gross Profit": NaN,
        "Cost Of Revenue": NaN,
        "Total Revenue": NaN,
        "Operating Revenue": NaN
    }
}