{
    "2023-12-31": {
        "Tax Effect Of Unusual Items": NaN,
        "Tax Rate For Calcs": NaN,
        "Normalized EBITDA": NaN,
        "Net Income From Continuing Operation Net Minority Interest": NaN,
        "Reconciled Depreciation": NaN,
        "Reconciled Cost Of Revenue": NaN,
        "EBITDA": NaN,
        "EBIT": NaN,
        "Net Interest Income": NaN,
        "Interest Expense": NaN,
        "Normalized Income": NaN,
        "Net Income From Continuing And Discontinued Operation": NaN,
        "Total Expenses": NaN,
        "Total Operating Income As Reported": NaN,
        "Diluted Average Shares": 13273000.0,
        "Basic Average Shares": 12659000.0,
        "Diluted EPS": 0.09,
        "Basic EPS": 0.09,
        "Diluted NI Availto Com Stockholders": NaN,
        "Net Income Common Stockholders": NaN,
        "Otherunder Preferred Stock Dividend": NaN,
        "Net Income": NaN,
        "Net Income Including Noncontrolling Interests": NaN,
        "Net Income Continuous Operations": NaN,
        "Tax Provision": NaN,
        "Pretax Income": NaN,
        "Net Non Operating Interest Income Expense": NaN,
        "Interest Expense Non Operating": NaN,
        "Operating Income": NaN,
        "Operating Expense": NaN,
        "Selling General And Administration": NaN,
        "Gross Profit": NaN,
        "Cost Of Revenue": NaN,
        "Total Revenue": NaN,
        "Operating Revenue": NaN
    },
    "2023-09-30": {
        "Tax Effect Of Unusual Items": NaN,
        "Tax Rate For Calcs": NaN,
        "Normalized EBITDA": NaN,
        "Net Income From Continuing Operation Net Minority Interest": NaN,
        "Reconciled Depreciation": NaN,
        "Reconciled Cost Of Revenue": NaN,
        "EBITDA": NaN,
        "EBIT": NaN,
        "Net Interest Income": NaN,
        "Interest Expense": NaN,
        "Normalized Income": NaN,
        "Net Income From Continuing And Discontinued Operation": NaN,
        "Total Expenses": NaN,
        "Total Operating Income As Reported": NaN,
        "Diluted Average Shares": 13205000.0,
        "Basic Average Shares": 12581000.0,
        "Diluted EPS": 0.09,
        "Basic EPS": 0.09,
        "Diluted NI Availto Com Stockholders": NaN,
        "Net Income Common Stockholders": NaN,
        "Otherunder Preferred Stock Dividend": NaN,
        "Net Income": NaN,
        "Net Income Including Noncontrolling Interests": NaN,
        "Net Income Continuous Operations": NaN,
        "Tax Provision": NaN,
        "Pretax Income": NaN,
        "Net Non Operating Interest Income Expense": NaN,
        "Interest Expense Non Operating": NaN,
        "Operating Income": NaN,
        "Operating Expense": NaN,
        "Selling General And Administration": NaN,
        "Gross Profit": NaN,
        "Cost Of Revenue": NaN,
        "Total Revenue": NaN,
        "Operating Revenue": NaN
    },
    "2023-06-30": {
        "Tax Effect Of Unusual Items": 0.0,
        "Tax Rate For Calcs": 0.21,
        "Normalized EBITDA": 5629000.0,
        "Net Income From Continuing Operation Net Minority Interest": 1898000.0,
        "Reconciled Depreciation": 1615000.0,
        "Reconciled Cost Of Revenue": 66253000.0,
        "EBITDA": 5629000.0,
        "EBIT": 4014000.0,
        "Net Interest Income": -788000.0,
        "Interest Expense": 788000.0,
        "Normalized Income": 1898000.0,
        "Net Income From Continuing And Discontinued Operation": 1898000.0,
        "Total Expenses": 90027000.0,
        "Total Operating Income As Reported": 4014000.0,
        "Diluted Average Shares": NaN,
        "Basic Average Shares": NaN,
        "Diluted EPS": NaN,
        "Basic EPS": NaN,
        "Diluted NI Availto Com Stockholders": 1663000.0,
        "Net Income Common Stockholders": 1663000.0,
        "Otherunder Preferred Stock Dividend": 235000.0,
        "Net Income": 1898000.0,
        "Net Income Including Noncontrolling Interests": 1898000.0,
        "Net Income Continuous Operations": 1898000.0,
        "Tax Provision": 1328000.0,
        "Pretax Income": 3226000.0,
        "Net Non Operating Interest Income Expense": -788000.0,
        "Interest Expense Non Operating": 788000.0,
        "Operating Income": 4014000.0,
        "Operating Expense": 23774000.0,
        "Selling General And Administration": 23774000.0,
        "Gross Profit": 27788000.0,
        "Cost Of Revenue": 66253000.0,
        "Total Revenue": 94041000.0,
        "Operating Revenue": 94041000.0
    },
    "2023-03-31": {
        "Tax Effect Of Unusual Items": NaN,
        "Tax Rate For Calcs": NaN,
        "Normalized EBITDA": NaN,
        "Net Income From Continuing Operation Net Minority Interest": NaN,
        "Reconciled Depreciation": NaN,
        "Reconciled Cost Of Revenue": NaN,
        "EBITDA": NaN,
        "EBIT": NaN,
        "Net Interest Income": NaN,
        "Interest Expense": NaN,
        "Normalized Income": NaN,
        "Net Income From Continuing And Discontinued Operation": NaN,
        "Total Expenses": NaN,
        "Total Operating Income As Reported": NaN,
        "Diluted Average Shares": 12950000.0,
        "Basic Average Shares": 12570000.0,
        "Diluted EPS": 0.19,
        "Basic EPS": 0.19,
        "Diluted NI Availto Com Stockholders": NaN,
        "Net Income Common Stockholders": NaN,
        "Otherunder Preferred Stock Dividend": NaN,
        "Net Income": NaN,
        "Net Income Including Noncontrolling Interests": NaN,
        "Net Income Continuous Operations": NaN,
        "Tax Provision": NaN,
        "Pretax Income": NaN,
        "Net Non Operating Interest Income Expense": NaN,
        "Interest Expense Non Operating": NaN,
        "Operating Income": NaN,
        "Operating Expense": NaN,
        "Selling General And Administration": NaN,
        "Gross Profit": NaN,
        "Cost Of Revenue": NaN,
        "Total Revenue": NaN,
        "Operating Revenue": NaN
    },
    "2024-03-31": {
        "Tax Effect Of Unusual Items": NaN,
        "Tax Rate For Calcs": NaN,
        "Normalized EBITDA": NaN,
        "Net Income From Continuing Operation Net Minority Interest": NaN,
        "Reconciled Depreciation": NaN,
        "Reconciled Cost Of Revenue": NaN,
        "EBITDA": NaN,
        "EBIT": NaN,
        "Net Interest Income": NaN,
        "Interest Expense": NaN,
        "Normalized Income": NaN,
        "Net Income From Continuing And Discontinued Operation": NaN,
        "Total Expenses": NaN,
        "Total Operating Income As Reported": NaN,
        "Diluted Average Shares": 13153000.0,
        "Basic Average Shares": 12677000.0,
        "Diluted EPS": 0.06,
        "Basic EPS": 0.07,
        "Diluted NI Availto Com Stockholders": NaN,
        "Net Income Common Stockholders": NaN,
        "Otherunder Preferred Stock Dividend": NaN,
        "Net Income": NaN,
        "Net Income Including Noncontrolling Interests": NaN,
        "Net Income Continuous Operations": NaN,
        "Tax Provision": NaN,
        "Pretax Income": NaN,
        "Net Non Operating Interest Income Expense": NaN,
        "Interest Expense Non Operating": NaN,
        "Operating Income": NaN,
        "Operating Expense": NaN,
        "Selling General And Administration": NaN,
        "Gross Profit": NaN,
        "Cost Of Revenue": NaN,
        "Total Revenue": NaN,
        "Operating Revenue": NaN
    },
    "2022-12-31": {
        "Tax Effect Of Unusual Items": NaN,
        "Tax Rate For Calcs": NaN,
        "Normalized EBITDA": NaN,
        "Net Income From Continuing Operation Net Minority Interest": NaN,
        "Reconciled Depreciation": NaN,
        "Reconciled Cost Of Revenue": NaN,
        "EBITDA": NaN,
        "EBIT": NaN,
        "Net Interest Income": NaN,
        "Interest Expense": NaN,
        "Normalized Income": NaN,
        "Net Income From Continuing And Discontinued Operation": NaN,
        "Total Expenses": NaN,
        "Total Operating Income As Reported": NaN,
        "Diluted Average Shares": 12654000.0,
        "Basic Average Shares": 12534000.0,
        "Diluted EPS": 0.15,
        "Basic EPS": 0.16,
        "Diluted NI Availto Com Stockholders": NaN,
        "Net Income Common Stockholders": NaN,
        "Otherunder Preferred Stock Dividend": NaN,
        "Net Income": NaN,
        "Net Income Including Noncontrolling Interests": NaN,
        "Net Income Continuous Operations": NaN,
        "Tax Provision": NaN,
        "Pretax Income": NaN,
        "Net Non Operating Interest Income Expense": NaN,
        "Interest Expense Non Operating": NaN,
        "Operating Income": NaN,
        "Operating Expense": NaN,
        "Selling General And Administration": NaN,
        "Gross Profit": NaN,
        "Cost Of Revenue": NaN,
        "Total Revenue": NaN,
        "Operating Revenue": NaN
    },
    "2024-06-30": {
        "Tax Effect Of Unusual Items": 0.0,
        "Tax Rate For Calcs": 0.349181,
        "Normalized EBITDA": 5143000.0,
        "Net Income From Continuing Operation Net Minority Interest": 2067000.0,
        "Reconciled Depreciation": 1491000.0,
        "Reconciled Cost Of Revenue": 62777000.0,
        "EBITDA": 5143000.0,
        "EBIT": 3652000.0,
        "Net Interest Income": -476000.0,
        "Interest Expense": 476000.0,
        "Normalized Income": 2067000.0,
        "Net Income From Continuing And Discontinued Operation": 2067000.0,
        "Total Expenses": 86494000.0,
        "Total Operating Income As Reported": 3652000.0,
        "Diluted Average Shares": NaN,
        "Basic Average Shares": NaN,
        "Diluted EPS": NaN,
        "Basic EPS": NaN,
        "Diluted NI Availto Com Stockholders": 1804000.0,
        "Net Income Common Stockholders": 1804000.0,
        "Otherunder Preferred Stock Dividend": 263000.0,
        "Net Income": 2067000.0,
        "Net Income Including Noncontrolling Interests": 2067000.0,
        "Net Income Continuous Operations": 2067000.0,
        "Tax Provision": 1109000.0,
        "Pretax Income": 3176000.0,
        "Net Non Operating Interest Income Expense": -476000.0,
        "Interest Expense Non Operating": 476000.0,
        "Operating Income": 3652000.0,
        "Operating Expense": 23717000.0,
        "Selling General And Administration": 23717000.0,
        "Gross Profit": 27369000.0,
        "Cost Of Revenue": 62777000.0,
        "Total Revenue": 90146000.0,
        "Operating Revenue": 90146000.0
    },
    "2024-09-30": {
        "Tax Effect Of Unusual Items": 0.0,
        "Tax Rate For Calcs": 0.283,
        "Normalized EBITDA": 6539000.0,
        "Net Income From Continuing Operation Net Minority Interest": 3231000.0,
        "Reconciled Depreciation": 1550000.0,
        "Reconciled Cost Of Revenue": 64770000.0,
        "EBITDA": 6539000.0,
        "EBIT": 4989000.0,
        "Net Interest Income": -482000.0,
        "Interest Expense": 482000.0,
        "Normalized Income": 3231000.0,
        "Net Income From Continuing And Discontinued Operation": 3231000.0,
        "Total Expenses": 88636000.0,
        "Total Operating Income As Reported": 4989000.0,
        "Diluted Average Shares": 13047000.0,
        "Basic Average Shares": 12685000.0,
        "Diluted EPS": 0.21,
        "Basic EPS": 0.22,
        "Diluted NI Availto Com Stockholders": 2773000.0,
        "Net Income Common Stockholders": 2773000.0,
        "Otherunder Preferred Stock Dividend": 458000.0,
        "Net Income": 3231000.0,
        "Net Income Including Noncontrolling Interests": 3231000.0,
        "Net Income Continuous Operations": 3231000.0,
        "Tax Provision": 1276000.0,
        "Pretax Income": 4507000.0,
        "Net Non Operating Interest Income Expense": -482000.0,
        "Interest Expense Non Operating": 482000.0,
        "Operating Income": 4989000.0,
        "Operating Expense": 23866000.0,
        "Selling General And Administration": 23866000.0,
        "Gross Profit": 28855000.0,
        "Cost Of Revenue": 64770000.0,
        "Total Revenue": 93625000.0,
        "Operating Revenue": 93625000.0
    },
    "2024-12-31": {
        "Tax Effect Of Unusual Items": 0.0,
        "Tax Rate For Calcs": 0.344,
        "Normalized EBITDA": 3947000.0,
        "Net Income From Continuing Operation Net Minority Interest": 1129000.0,
        "Reconciled Depreciation": 1557000.0,
        "Reconciled Cost Of Revenue": 65189000.0,
        "EBITDA": 3947000.0,
        "EBIT": 2390000.0,
        "Net Interest Income": -670000.0,
        "Interest Expense": 670000.0,
        "Normalized Income": 1129000.0,
        "Net Income From Continuing And Discontinued Operation": 1129000.0,
        "Total Expenses": 90321000.0,
        "Total Operating Income As Reported": 2390000.0,
        "Diluted Average Shares": 13182000.0,
        "Basic Average Shares": 12739000.0,
        "Diluted EPS": 0.07,
        "Basic EPS": 0.08,
        "Diluted NI Availto Com Stockholders": 969000.0,
        "Net Income Common Stockholders": 969000.0,
        "Otherunder Preferred Stock Dividend": 160000.0,
        "Net Income": 1129000.0,
        "Net Income Including Noncontrolling Interests": 1129000.0,
        "Net Income Continuous Operations": 1129000.0,
        "Tax Provision": 591000.0,
        "Pretax Income": 1720000.0,
        "Net Non Operating Interest Income Expense": -670000.0,
        "Interest Expense Non Operating": 670000.0,
        "Operating Income": 2390000.0,
        "Operating Expense": 25132000.0,
        "Selling General And Administration": 25132000.0,
        "Gross Profit": 27522000.0,
        "Cost Of Revenue": 65189000.0,
        "Total Revenue": 92711000.0,
        "Operating Revenue": 92711000.0
    },
    "2025-03-31": {
        "Tax Effect Of Unusual Items": 0.0,
        "Tax Rate For Calcs": 0.391,
        "Normalized EBITDA": 3902000.0,
        "Net Income From Continuing Operation Net Minority Interest": 1041000.0,
        "Reconciled Depreciation": 1627000.0,
        "Reconciled Cost Of Revenue": 65483000.0,
        "EBITDA": 3902000.0,
        "EBIT": 2275000.0,
        "Net Interest Income": -565000.0,
        "Interest Expense": 565000.0,
        "Normalized Income": 1041000.0,
        "Net Income From Continuing And Discontinued Operation": 1041000.0,
        "Total Expenses": 91263000.0,
        "Total Operating Income As Reported": 2275000.0,
        "Diluted Average Shares": 13135000.0,
        "Basic Average Shares": 12756000.0,
        "Diluted EPS": 0.07,
        "Basic EPS": 0.07,
        "Diluted NI Availto Com Stockholders": 894000.0,
        "Net Income Common Stockholders": 894000.0,
        "Otherunder Preferred Stock Dividend": 147000.0,
        "Net Income": 1041000.0,
        "Net Income Including Noncontrolling Interests": 1041000.0,
        "Net Income Continuous Operations": 1041000.0,
        "Tax Provision": 669000.0,
        "Pretax Income": 1710000.0,
        "Net Non Operating Interest Income Expense": -565000.0,
        "Interest Expense Non Operating": 565000.0,
        "Operating Income": 2275000.0,
        "Operating Expense": 25780000.0,
        "Selling General And Administration": 25780000.0,
        "Gross Profit": 28055000.0,
        "Cost Of Revenue": 65483000.0,
        "Total Revenue": 93538000.0,
        "Operating Revenue": 93538000.0
    },
    "2025-06-30": {
        "Tax Effect Of Unusual Items": 0.0,
        "Tax Rate For Calcs": 0.32092,
        "Normalized EBITDA": 6072000.0,
        "Net Income From Continuing Operation Net Minority Interest": 2097000.0,
        "Reconciled Depreciation": 1958000.0,
        "Reconciled Cost Of Revenue": 76040000.0,
        "EBITDA": 6072000.0,
        "EBIT": 4114000.0,
        "Net Interest Income": -1026000.0,
        "Interest Expense": 1026000.0,
        "Normalized Income": 2097000.0,
        "Net Income From Continuing And Discontinued Operation": 2097000.0,
        "Total Expenses": 105842000.0,
        "Total Operating Income As Reported": 4114000.0,
        "Diluted Average Shares": 13192000.0,
        "Basic Average Shares": 12758000.0,
        "Diluted EPS": 0.14,
        "Basic EPS": 0.14,
        "Diluted NI Availto Com Stockholders": 1788000.0,
        "Net Income Common Stockholders": 1788000.0,
        "Otherunder Preferred Stock Dividend": 309000.0,
        "Net Income": 2097000.0,
        "Net Income Including Noncontrolling Interests": 2097000.0,
        "Net Income Continuous Operations": 2097000.0,
        "Tax Provision": 991000.0,
        "Pretax Income": 3088000.0,
        "Net Non Operating Interest Income Expense": -1026000.0,
        "Interest Expense Non Operating": 1026000.0,
        "Operating Income": 4114000.0,
        "Operating Expense": 29802000.0,
        "Selling General And Administration": 29802000.0,
        "Gross Profit": 33916000.0,
        "Cost Of Revenue": 76040000.0,
        "Total Revenue": 109956000.0,
        "Operating Revenue": 109956000.0
    },
    "2025-09-30": {
        "Tax Effect Of Unusual Items": 0.0,
        "Tax Rate For Calcs": 0.302,
        "Normalized EBITDA": 5511000.0,
        "Net Income From Continuing Operation Net Minority Interest": 1847000.0,
        "Reconciled Depreciation": 1949000.0,
        "Reconciled Cost Of Revenue": 74377000.0,
        "EBITDA": 5511000.0,
        "EBIT": 3562000.0,
        "Net Interest Income": -916000.0,
        "Interest Expense": 916000.0,
        "Normalized Income": 1847000.0,
        "Net Income From Continuing And Discontinued Operation": 1847000.0,
        "Total Expenses": 104707000.0,
        "Total Operating Income As Reported": 3562000.0,
        "Diluted Average Shares": 13656000.0,
        "Basic Average Shares": 12768000.0,
        "Diluted EPS": 0.11,
        "Basic EPS": 0.12,
        "Diluted NI Availto Com Stockholders": 1565000.0,
        "Net Income Common Stockholders": 1565000.0,
        "Otherunder Preferred Stock Dividend": 282000.0,
        "Net Income": 1847000.0,
        "Net Income Including Noncontrolling Interests": 1847000.0,
        "Net Income Continuous Operations": 1847000.0,
        "Tax Provision": 799000.0,
        "Pretax Income": 2646000.0,
        "Net Non Operating Interest Income Expense": -916000.0,
        "Interest Expense Non Operating": 916000.0,
        "Operating Income": 3562000.0,
        "Operating Expense": 30330000.0,
        "Selling General And Administration": 30330000.0,
        "Gross Profit": 33892000.0,
        "Cost Of Revenue": 74377000.0,
        "Total Revenue": 108269000.0,
        "Operating Revenue": 108269000.0
    }
}