{
    "2022-12-31": {
        "Tax Effect Of Unusual Items": NaN,
        "Tax Rate For Calcs": NaN,
        "Normalized EBITDA": NaN,
        "Total Unusual Items": NaN,
        "Total Unusual Items Excluding Goodwill": NaN,
        "Net Income From Continuing Operation Net Minority Interest": NaN,
        "Reconciled Cost Of Revenue": NaN,
        "EBITDA": NaN,
        "EBIT": NaN,
        "Net Interest Income": NaN,
        "Interest Expense": NaN,
        "Interest Income": NaN,
        "Normalized Income": NaN,
        "Net Income From Continuing And Discontinued Operation": NaN,
        "Total Expenses": NaN,
        "Total Operating Income As Reported": NaN,
        "Diluted Average Shares": NaN,
        "Basic Average Shares": NaN,
        "Diluted EPS": NaN,
        "Basic EPS": NaN,
        "Diluted NI Availto Com Stockholders": NaN,
        "Net Income Common Stockholders": NaN,
        "Net Income": NaN,
        "Net Income Including Noncontrolling Interests": NaN,
        "Net Income Continuous Operations": NaN,
        "Tax Provision": NaN,
        "Pretax Income": NaN,
        "Other Income Expense": NaN,
        "Other Non Operating Income Expenses": NaN,
        "Special Income Charges": NaN,
        "Write Off": -866000.0,
        "Impairment Of Capital Assets": NaN,
        "Restructuring And Mergern Acquisition": NaN,
        "Earnings From Equity Interest": NaN,
        "Gain On Sale Of Security": NaN,
        "Net Non Operating Interest Income Expense": NaN,
        "Interest Expense Non Operating": NaN,
        "Interest Income Non Operating": NaN,
        "Operating Income": NaN,
        "Operating Expense": NaN,
        "Other Operating Expenses": NaN,
        "Research And Development": NaN,
        "Selling General And Administration": NaN,
        "Gross Profit": NaN,
        "Cost Of Revenue": NaN,
        "Total Revenue": NaN,
        "Operating Revenue": NaN
    },
    "2022-09-30": {
        "Tax Effect Of Unusual Items": NaN,
        "Tax Rate For Calcs": NaN,
        "Normalized EBITDA": NaN,
        "Total Unusual Items": NaN,
        "Total Unusual Items Excluding Goodwill": NaN,
        "Net Income From Continuing Operation Net Minority Interest": NaN,
        "Reconciled Cost Of Revenue": NaN,
        "EBITDA": NaN,
        "EBIT": NaN,
        "Net Interest Income": NaN,
        "Interest Expense": NaN,
        "Interest Income": NaN,
        "Normalized Income": NaN,
        "Net Income From Continuing And Discontinued Operation": NaN,
        "Total Expenses": NaN,
        "Total Operating Income As Reported": NaN,
        "Diluted Average Shares": 353405306.0,
        "Basic Average Shares": 353405306.0,
        "Diluted EPS": -0.135,
        "Basic EPS": -0.135,
        "Diluted NI Availto Com Stockholders": NaN,
        "Net Income Common Stockholders": NaN,
        "Net Income": NaN,
        "Net Income Including Noncontrolling Interests": NaN,
        "Net Income Continuous Operations": NaN,
        "Tax Provision": NaN,
        "Pretax Income": NaN,
        "Other Income Expense": NaN,
        "Other Non Operating Income Expenses": NaN,
        "Special Income Charges": NaN,
        "Write Off": 0.0,
        "Impairment Of Capital Assets": NaN,
        "Earnings From Equity Interest": NaN,
        "Gain On Sale Of Security": NaN,
        "Net Non Operating Interest Income Expense": NaN,
        "Interest Expense Non Operating": NaN,
        "Interest Income Non Operating": NaN,
        "Operating Income": NaN,
        "Operating Expense": NaN,
        "Other Operating Expenses": NaN,
        "Research And Development": NaN,
        "Selling General And Administration": NaN,
        "Gross Profit": NaN,
        "Cost Of Revenue": NaN,
        "Total Revenue": NaN,
        "Operating Revenue": NaN
    },
    "2022-06-30": {
        "Tax Effect Of Unusual Items": -5667200.0,
        "Tax Rate For Calcs": 0.4,
        "Normalized EBITDA": -6501000.0,
        "Total Unusual Items": -14168000.0,
        "Total Unusual Items Excluding Goodwill": -14168000.0,
        "Net Income From Continuing Operation Net Minority Interest": -27937000.0,
        "Reconciled Cost Of Revenue": 141308000.0,
        "EBITDA": -20669000.0,
        "EBIT": -20669000.0,
        "Net Interest Income": -2435000.0,
        "Interest Expense": 3667000.0,
        "Interest Income": 1232000.0,
        "Normalized Income": -19436200.0,
        "Net Income From Continuing And Discontinued Operation": -27937000.0,
        "Total Expenses": 175973000.0,
        "Total Operating Income As Reported": -3770000.0,
        "Diluted Average Shares": 353405306.0,
        "Basic Average Shares": 353405306.0,
        "Diluted EPS": -0.08,
        "Basic EPS": -0.08,
        "Diluted NI Availto Com Stockholders": -27937000.0,
        "Net Income Common Stockholders": -27937000.0,
        "Net Income": -27937000.0,
        "Net Income Including Noncontrolling Interests": -27937000.0,
        "Net Income Continuous Operations": -27937000.0,
        "Tax Provision": 3601000.0,
        "Pretax Income": -24336000.0,
        "Other Income Expense": -18131000.0,
        "Other Non Operating Income Expenses": -435000.0,
        "Special Income Charges": 0.0,
        "Write Off": NaN,
        "Impairment Of Capital Assets": 0.0,
        "Earnings From Equity Interest": -3528000.0,
        "Gain On Sale Of Security": -14168000.0,
        "Net Non Operating Interest Income Expense": -2435000.0,
        "Interest Expense Non Operating": 3667000.0,
        "Interest Income Non Operating": 1232000.0,
        "Operating Income": -3770000.0,
        "Operating Expense": 34665000.0,
        "Other Operating Expenses": -19890000.0,
        "Research And Development": 18725000.0,
        "Selling General And Administration": 35830000.0,
        "Gross Profit": 30895000.0,
        "Cost Of Revenue": 141308000.0,
        "Total Revenue": 172203000.0,
        "Operating Revenue": 172203000.0
    },
    "2022-03-31": {
        "Diluted EPS": -0.92,
        "Total Revenue": 185,
        "Gross Profit": 36,
        "Operating Income": 1,
        "EBIT": 1,
        "Net Income": -82
    },
    "2021-12-31": {
        "Diluted EPS": -1.29,
        "Total Revenue": 216,
        "Gross Profit": 61,
        "Operating Income": 18,
        "EBIT": 18,
        "Net Income": -39
    },
    "2021-09-30": {
        "Diluted EPS": 1.64,
        "Total Revenue": 188,
        "Gross Profit": 51,
        "Operating Income": 21,
        "EBIT": 21,
        "Net Income": 158
    },
    "2021-06-30": {
        "Diluted EPS": 0.22,
        "Total Revenue": 167,
        "Gross Profit": 31,
        "Operating Income": 2,
        "EBIT": 2,
        "Net Income": 72
    },
    "2021-03-31": {
        "Diluted EPS": 0.19,
        "Total Revenue": 160,
        "Gross Profit": 37,
        "Operating Income": 8,
        "EBIT": 8,
        "Net Income": 64
    },
    "2020-12-31": {
        "Diluted EPS": 0.01,
        "Total Revenue": 166,
        "Gross Profit": 43,
        "Operating Income": 15,
        "EBIT": 15,
        "Net Income": -5
    },
    "2020-09-30": {
        "Diluted EPS": -0.01,
        "Total Revenue": 151,
        "Gross Profit": 42,
        "Operating Income": 19,
        "EBIT": 19,
        "Net Income": -2
    },
    "2020-06-30": {
        "Diluted EPS": -0.04,
        "Total Revenue": 123,
        "Gross Profit": 22,
        "Operating Income": 3,
        "EBIT": 3,
        "Net Income": -11
    },
    "2020-03-31": {
        "Diluted EPS": 0.06,
        "Total Revenue": 132,
        "Gross Profit": 37,
        "Operating Income": 18,
        "EBIT": 18,
        "Net Income": 25
    },
    "2019-12-31": {
        "Diluted EPS": 0.03,
        "Total Revenue": 139,
        "Gross Profit": 38,
        "Operating Income": 18,
        "EBIT": 18,
        "Net Income": 9
    },
    "2019-09-30": {
        "Diluted EPS": 0.07,
        "Total Revenue": 127,
        "Gross Profit": 39,
        "Operating Income": 25,
        "EBIT": 25,
        "Net Income": 21
    },
    "2019-06-30": {
        "Diluted EPS": -0.01,
        "Total Revenue": 116,
        "Gross Profit": 36,
        "Operating Income": 6,
        "EBIT": 6,
        "Net Income": -3
    },
    "2019-03-31": {
        "Diluted EPS": 0.05,
        "Total Revenue": 118,
        "Gross Profit": 36,
        "Operating Income": 22,
        "EBIT": 22,
        "Net Income": 15
    },
    "2018-12-31": {
        "Diluted EPS": 0.13,
        "Total Revenue": 121,
        "Gross Profit": 33,
        "Operating Income": 21,
        "EBIT": 21,
        "Net Income": 38
    },
    "2018-09-30": {
        "Diluted EPS": 0.13,
        "Total Revenue": 112,
        "Gross Profit": 39,
        "Operating Income": 44,
        "EBIT": 44,
        "Net Income": 40
    },
    "2018-06-30": {
        "Diluted EPS": 0.06,
        "Total Revenue": 113,
        "Gross Profit": 38,
        "Operating Income": 18,
        "EBIT": 18,
        "Net Income": 17
    },
    "2018-03-31": {
        "Diluted EPS": 0.01,
        "Total Revenue": 97,
        "Gross Profit": 23,
        "Operating Income": 8,
        "EBIT": 8,
        "Net Income": 4
    },
    "2017-12-31": {
        "Diluted EPS": 0.04,
        "Total Revenue": 100,
        "Gross Profit": 26,
        "Operating Income": 14,
        "EBIT": 14,
        "Net Income": 13
    },
    "2017-09-30": {
        "Diluted EPS": 0.01,
        "Total Revenue": 79,
        "Gross Profit": 27,
        "Operating Income": 9,
        "EBIT": 9,
        "Net Income": 3
    },
    "2017-06-30": {
        "Diluted EPS": 0.01,
        "Total Revenue": 59,
        "Gross Profit": 20,
        "Operating Income": 9,
        "EBIT": 9,
        "Net Income": 4
    },
    "2017-03-31": {
        "Diluted EPS": 0.03,
        "Total Revenue": 53,
        "Gross Profit": 20,
        "Operating Income": 10,
        "EBIT": 10,
        "Net Income": 8
    },
    "2016-12-31": {
        "Diluted EPS": 0.06,
        "Total Revenue": 47,
        "Gross Profit": 13,
        "Operating Income": 12,
        "EBIT": 12,
        "Net Income": 17
    },
    "2016-09-30": {
        "Diluted EPS": 0.04,
        "Total Revenue": 50,
        "Gross Profit": 23,
        "Operating Income": 13,
        "EBIT": 13,
        "Net Income": 10
    },
    "2016-06-30": {
        "Diluted EPS": 0.02,
        "Total Revenue": 43,
        "Gross Profit": 15,
        "Operating Income": 6,
        "EBIT": 6,
        "Net Income": 5
    },
    "2016-03-31": {
        "Diluted EPS": -0.01,
        "Total Revenue": 41,
        "Gross Profit": 14,
        "Operating Income": 3,
        "EBIT": 3,
        "Net Income": -1
    },
    "2015-12-31": {
        "Diluted EPS": 0.02,
        "Total Revenue": 44,
        "Gross Profit": 13,
        "Operating Income": 20,
        "EBIT": 20,
        "Net Income": 7
    },
    "2015-09-30": {
        "Diluted EPS": -0.01,
        "Total Revenue": 37,
        "Gross Profit": 12,
        "Operating Income": -1,
        "EBIT": -1,
        "Net Income": -3
    },
    "2015-06-30": {
        "Diluted EPS": 0.06,
        "Total Revenue": 37,
        "Gross Profit": 10,
        "Operating Income": -2,
        "EBIT": -2,
        "Net Income": 16
    },
    "2015-03-31": {
        "Diluted EPS": -0.01,
        "Total Revenue": 24,
        "Gross Profit": 7,
        "Operating Income": -4,
        "EBIT": -4,
        "Net Income": -1
    },
    "2014-12-31": {
        "Diluted EPS": 0.01,
        "Total Revenue": 33,
        "Gross Profit": 11,
        "Operating Income": 5,
        "EBIT": 13,
        "Net Income": 1
    },
    "2014-09-30": {
        "Diluted EPS": -0.02,
        "Total Revenue": 23,
        "Gross Profit": 5,
        "Operating Income": -5,
        "EBIT": -5,
        "Net Income": -4
    },
    "2014-06-30": {
        "Diluted EPS": -0.0,
        "Total Revenue": 30,
        "Gross Profit": 9,
        "Operating Income": -1,
        "EBIT": -1,
        "Net Income": -1
    },
    "2014-03-31": {
        "Diluted EPS": -0.02,
        "Total Revenue": 24,
        "Gross Profit": 6,
        "Operating Income": -5,
        "EBIT": -5,
        "Net Income": -6
    },
    "2013-12-31": {
        "Diluted EPS": -0.12,
        "Total Revenue": 35,
        "Gross Profit": 14,
        "Operating Income": 7,
        "EBIT": 20,
        "Net Income": -28
    },
    "2013-09-30": {
        "Diluted EPS": -0.0,
        "Total Revenue": 32,
        "Gross Profit": 15,
        "Operating Income": 5,
        "EBIT": 5,
        "Net Income": 0
    },
    "2013-06-30": {
        "Diluted EPS": -0.01,
        "Total Revenue": 26,
        "Gross Profit": 8,
        "Operating Income": -2,
        "EBIT": -2,
        "Net Income": -2
    },
    "2013-03-31": {
        "Diluted EPS": -0.02,
        "Total Revenue": 22,
        "Gross Profit": 5,
        "Operating Income": -4,
        "EBIT": -4,
        "Net Income": -4
    },
    "2012-12-31": {
        "Diluted EPS": -0.03,
        "Total Revenue": 30,
        "Gross Profit": 10,
        "Operating Income": 1,
        "EBIT": 2,
        "Net Income": -7
    },
    "2012-09-30": {
        "Diluted EPS": 0.03,
        "Total Revenue": 28,
        "Gross Profit": 11,
        "Operating Income": 2,
        "EBIT": 2,
        "Net Income": 7
    },
    "2012-06-30": {
        "Diluted EPS": 0.02,
        "Total Revenue": 27,
        "Gross Profit": 10,
        "Operating Income": 2,
        "EBIT": 2,
        "Net Income": 5
    },
    "2012-03-31": {
        "Diluted EPS": -0.01,
        "Total Revenue": 26,
        "Gross Profit": 8,
        "Operating Income": -2,
        "EBIT": -2,
        "Net Income": -3
    },
    "2011-12-31": {
        "Diluted EPS": -0.01,
        "Total Revenue": 28,
        "Gross Profit": 8,
        "Operating Income": -4,
        "EBIT": -4,
        "Net Income": -3
    },
    "2011-09-30": {
        "Diluted EPS": 0.05,
        "Total Revenue": 36,
        "Gross Profit": 19,
        "Operating Income": 10,
        "EBIT": 10,
        "Net Income": 11
    },
    "2011-06-30": {
        "Diluted EPS": 0.01,
        "Total Revenue": 26,
        "Gross Profit": 12,
        "Operating Income": 2,
        "EBIT": 2,
        "Net Income": 2
    },
    "2011-03-31": {
        "Diluted EPS": 0.0,
        "Total Revenue": 22,
        "Gross Profit": 9,
        "Operating Income": 0,
        "EBIT": 0,
        "Net Income": -1
    },
    "2010-12-31": {
        "Diluted EPS": 0.02,
        "Total Revenue": 23,
        "Gross Profit": 23,
        "Operating Income": 8,
        "EBIT": 8,
        "Net Income": 3
    },
    "2010-09-30": {
        "Diluted EPS": 0.01,
        "Total Revenue": 19,
        "Gross Profit": 9,
        "Operating Income": 2,
        "EBIT": 2,
        "Net Income": 1
    },
    "2010-06-30": {
        "Diluted EPS": 0.01,
        "Total Revenue": 20,
        "Gross Profit": 10,
        "Operating Income": 3,
        "EBIT": 3,
        "Net Income": 2
    },
    "2010-03-31": {
        "Diluted EPS": -0.01,
        "Total Revenue": 13,
        "Gross Profit": 5,
        "Operating Income": -2,
        "EBIT": -2,
        "Net Income": -2
    },
    "2009-12-31": {
        "Diluted EPS": 0.0,
        "Total Revenue": 20,
        "Gross Profit": 10,
        "Operating Income": 2,
        "EBIT": 8,
        "Net Income": -18
    },
    "2009-09-30": {
        "Diluted EPS": -0.02,
        "Total Revenue": 11,
        "Gross Profit": 2,
        "Operating Income": -9,
        "EBIT": -9,
        "Net Income": -4
    },
    "2009-06-30": {
        "Diluted EPS": -0.06,
        "Total Revenue": 15,
        "Gross Profit": 6,
        "Operating Income": -8,
        "EBIT": -8,
        "Net Income": -12
    },
    "2009-03-31": {
        "Diluted EPS": -0.14,
        "Total Revenue": 11,
        "Gross Profit": 4,
        "Operating Income": -16,
        "EBIT": -16,
        "Net Income": -29
    },
    "2023-06-30": {
        "Tax Effect Of Unusual Items": NaN,
        "Tax Rate For Calcs": NaN,
        "Normalized EBITDA": NaN,
        "Total Unusual Items": NaN,
        "Total Unusual Items Excluding Goodwill": NaN,
        "Net Income From Continuing Operation Net Minority Interest": NaN,
        "Reconciled Cost Of Revenue": NaN,
        "EBITDA": NaN,
        "EBIT": NaN,
        "Net Interest Income": NaN,
        "Interest Expense": NaN,
        "Interest Income": NaN,
        "Normalized Income": NaN,
        "Net Income From Continuing And Discontinued Operation": NaN,
        "Total Expenses": NaN,
        "Total Operating Income As Reported": NaN,
        "Diluted Average Shares": 353871488.0,
        "Basic Average Shares": 353871488.0,
        "Diluted EPS": -0.04,
        "Basic EPS": -0.04,
        "Diluted NI Availto Com Stockholders": NaN,
        "Net Income Common Stockholders": NaN,
        "Net Income": NaN,
        "Net Income Including Noncontrolling Interests": NaN,
        "Net Income Continuous Operations": NaN,
        "Tax Provision": NaN,
        "Pretax Income": NaN,
        "Other Income Expense": NaN,
        "Other Non Operating Income Expenses": NaN,
        "Special Income Charges": NaN,
        "Impairment Of Capital Assets": NaN,
        "Restructuring And Mergern Acquisition": 0.0,
        "Earnings From Equity Interest": NaN,
        "Gain On Sale Of Security": NaN,
        "Net Non Operating Interest Income Expense": NaN,
        "Interest Expense Non Operating": NaN,
        "Interest Income Non Operating": NaN,
        "Operating Income": NaN,
        "Operating Expense": NaN,
        "Other Operating Expenses": NaN,
        "Research And Development": NaN,
        "Selling General And Administration": NaN,
        "Gross Profit": NaN,
        "Cost Of Revenue": NaN,
        "Total Revenue": NaN,
        "Operating Revenue": NaN
    },
    "2023-09-30": {
        "Tax Effect Of Unusual Items": NaN,
        "Tax Rate For Calcs": NaN,
        "Normalized EBITDA": NaN,
        "Total Unusual Items": NaN,
        "Total Unusual Items Excluding Goodwill": NaN,
        "Net Income From Continuing Operation Net Minority Interest": NaN,
        "Reconciled Cost Of Revenue": NaN,
        "EBITDA": NaN,
        "EBIT": NaN,
        "Net Interest Income": NaN,
        "Interest Expense": NaN,
        "Interest Income": NaN,
        "Normalized Income": NaN,
        "Net Income From Continuing And Discontinued Operation": NaN,
        "Total Expenses": NaN,
        "Total Operating Income As Reported": NaN,
        "Diluted Average Shares": 353871488.0,
        "Basic Average Shares": 353871488.0,
        "Diluted EPS": -0.11,
        "Basic EPS": -0.11,
        "Diluted NI Availto Com Stockholders": NaN,
        "Net Income Common Stockholders": NaN,
        "Net Income": NaN,
        "Net Income Including Noncontrolling Interests": NaN,
        "Net Income Continuous Operations": NaN,
        "Tax Provision": NaN,
        "Pretax Income": NaN,
        "Other Income Expense": NaN,
        "Other Non Operating Income Expenses": NaN,
        "Special Income Charges": NaN,
        "Impairment Of Capital Assets": NaN,
        "Restructuring And Mergern Acquisition": NaN,
        "Earnings From Equity Interest": NaN,
        "Gain On Sale Of Security": NaN,
        "Net Non Operating Interest Income Expense": NaN,
        "Interest Expense Non Operating": NaN,
        "Interest Income Non Operating": NaN,
        "Operating Income": NaN,
        "Operating Expense": NaN,
        "Other Operating Expenses": NaN,
        "Research And Development": NaN,
        "Selling General And Administration": NaN,
        "Gross Profit": NaN,
        "Cost Of Revenue": NaN,
        "Total Revenue": NaN,
        "Operating Revenue": NaN
    },
    "2024-03-31": {
        "Tax Effect Of Unusual Items": NaN,
        "Tax Rate For Calcs": NaN,
        "Normalized EBITDA": NaN,
        "Total Unusual Items": NaN,
        "Total Unusual Items Excluding Goodwill": NaN,
        "Net Income From Continuing Operation Net Minority Interest": NaN,
        "Reconciled Cost Of Revenue": NaN,
        "EBITDA": NaN,
        "EBIT": NaN,
        "Net Interest Income": NaN,
        "Interest Expense": NaN,
        "Interest Income": NaN,
        "Normalized Income": NaN,
        "Net Income From Continuing And Discontinued Operation": NaN,
        "Total Expenses": NaN,
        "Total Operating Income As Reported": NaN,
        "Diluted Average Shares": 354602500.0,
        "Basic Average Shares": 354602500.0,
        "Diluted EPS": -0.06,
        "Basic EPS": -0.058299,
        "Diluted NI Availto Com Stockholders": NaN,
        "Net Income Common Stockholders": NaN,
        "Net Income": NaN,
        "Net Income Including Noncontrolling Interests": NaN,
        "Net Income Continuous Operations": NaN,
        "Tax Provision": NaN,
        "Pretax Income": NaN,
        "Other Income Expense": NaN,
        "Other Non Operating Income Expenses": NaN,
        "Special Income Charges": NaN,
        "Impairment Of Capital Assets": 0.0,
        "Restructuring And Mergern Acquisition": NaN,
        "Earnings From Equity Interest": NaN,
        "Gain On Sale Of Security": -8162000.0,
        "Net Non Operating Interest Income Expense": NaN,
        "Interest Expense Non Operating": NaN,
        "Interest Income Non Operating": NaN,
        "Operating Income": NaN,
        "Operating Expense": NaN,
        "Other Operating Expenses": NaN,
        "Research And Development": NaN,
        "Selling General And Administration": NaN,
        "Gross Profit": NaN,
        "Cost Of Revenue": NaN,
        "Total Revenue": NaN,
        "Operating Revenue": NaN
    },
    "2023-12-31": {
        "Tax Effect Of Unusual Items": NaN,
        "Tax Rate For Calcs": NaN,
        "Normalized EBITDA": NaN,
        "Total Unusual Items": NaN,
        "Total Unusual Items Excluding Goodwill": NaN,
        "Net Income From Continuing Operation Net Minority Interest": NaN,
        "Reconciled Cost Of Revenue": NaN,
        "EBITDA": NaN,
        "EBIT": NaN,
        "Net Interest Income": NaN,
        "Interest Expense": NaN,
        "Interest Income": NaN,
        "Normalized Income": NaN,
        "Net Income From Continuing And Discontinued Operation": NaN,
        "Total Expenses": NaN,
        "Total Operating Income As Reported": NaN,
        "Diluted Average Shares": NaN,
        "Basic Average Shares": NaN,
        "Diluted EPS": NaN,
        "Basic EPS": NaN,
        "Diluted NI Availto Com Stockholders": NaN,
        "Net Income Common Stockholders": NaN,
        "Net Income": NaN,
        "Net Income Including Noncontrolling Interests": NaN,
        "Net Income Continuous Operations": NaN,
        "Tax Provision": NaN,
        "Pretax Income": NaN,
        "Other Income Expense": NaN,
        "Other Non Operating Income Expenses": NaN,
        "Special Income Charges": NaN,
        "Impairment Of Capital Assets": -120000.0,
        "Restructuring And Mergern Acquisition": NaN,
        "Earnings From Equity Interest": NaN,
        "Gain On Sale Of Security": -18830000.0,
        "Net Non Operating Interest Income Expense": NaN,
        "Interest Expense Non Operating": NaN,
        "Interest Income Non Operating": NaN,
        "Operating Income": NaN,
        "Operating Expense": NaN,
        "Other Operating Expenses": NaN,
        "Research And Development": NaN,
        "Selling General And Administration": NaN,
        "Gross Profit": NaN,
        "Cost Of Revenue": NaN,
        "Total Revenue": NaN,
        "Operating Revenue": NaN
    },
    "2023-03-31": {
        "Tax Effect Of Unusual Items": NaN,
        "Tax Rate For Calcs": NaN,
        "Normalized EBITDA": NaN,
        "Total Unusual Items": NaN,
        "Total Unusual Items Excluding Goodwill": NaN,
        "Net Income From Continuing Operation Net Minority Interest": NaN,
        "Reconciled Cost Of Revenue": NaN,
        "EBITDA": NaN,
        "EBIT": NaN,
        "Net Interest Income": NaN,
        "Interest Expense": NaN,
        "Interest Income": NaN,
        "Normalized Income": NaN,
        "Net Income From Continuing And Discontinued Operation": NaN,
        "Total Expenses": NaN,
        "Total Operating Income As Reported": NaN,
        "Diluted Average Shares": 353871642.0,
        "Basic Average Shares": 353871642.0,
        "Diluted EPS": -0.04,
        "Basic EPS": -0.039274,
        "Diluted NI Availto Com Stockholders": NaN,
        "Net Income Common Stockholders": NaN,
        "Net Income": NaN,
        "Net Income Including Noncontrolling Interests": NaN,
        "Net Income Continuous Operations": NaN,
        "Tax Provision": NaN,
        "Pretax Income": NaN,
        "Other Income Expense": NaN,
        "Other Non Operating Income Expenses": NaN,
        "Special Income Charges": NaN,
        "Impairment Of Capital Assets": NaN,
        "Restructuring And Mergern Acquisition": NaN,
        "Earnings From Equity Interest": NaN,
        "Gain On Sale Of Security": NaN,
        "Net Non Operating Interest Income Expense": NaN,
        "Interest Expense Non Operating": NaN,
        "Interest Income Non Operating": NaN,
        "Operating Income": NaN,
        "Operating Expense": NaN,
        "Other Operating Expenses": NaN,
        "Research And Development": NaN,
        "Selling General And Administration": NaN,
        "Gross Profit": NaN,
        "Cost Of Revenue": NaN,
        "Total Revenue": NaN,
        "Operating Revenue": NaN
    },
    "2024-06-30": {
        "Tax Effect Of Unusual Items": -6276856.320904,
        "Tax Rate For Calcs": 0.091168,
        "Normalized EBITDA": -32863000.0,
        "Total Unusual Items": -68849000.0,
        "Total Unusual Items Excluding Goodwill": -68849000.0,
        "Net Income From Continuing Operation Net Minority Interest": -94932000.0,
        "Reconciled Cost Of Revenue": 166382000.0,
        "EBITDA": -101712000.0,
        "EBIT": -101712000.0,
        "Net Interest Income": -2276000.0,
        "Interest Expense": 2743000.0,
        "Interest Income": 467000.0,
        "Normalized Income": -32359856.320904,
        "Net Income From Continuing And Discontinued Operation": -94932000.0,
        "Total Expenses": 218274000.0,
        "Total Operating Income As Reported": -104606000.0,
        "Diluted Average Shares": 354606940.0,
        "Basic Average Shares": 354606940.0,
        "Diluted EPS": -0.27,
        "Basic EPS": -0.27,
        "Diluted NI Availto Com Stockholders": -94932000.0,
        "Net Income Common Stockholders": -94932000.0,
        "Net Income": -94932000.0,
        "Net Income Including Noncontrolling Interests": -94932000.0,
        "Net Income Continuous Operations": -94932000.0,
        "Tax Provision": -9523000.0,
        "Pretax Income": -104455000.0,
        "Other Income Expense": -66029000.0,
        "Other Non Operating Income Expenses": 1366000.0,
        "Special Income Charges": -68456000.0,
        "Impairment Of Capital Assets": 0.0,
        "Restructuring And Mergern Acquisition": 68456000.0,
        "Earnings From Equity Interest": 1454000.0,
        "Gain On Sale Of Security": -393000.0,
        "Net Non Operating Interest Income Expense": -2276000.0,
        "Interest Expense Non Operating": 2743000.0,
        "Interest Income Non Operating": 467000.0,
        "Operating Income": -36150000.0,
        "Operating Expense": 51892000.0,
        "Other Operating Expenses": -7088000.0,
        "Research And Development": 13011000.0,
        "Selling General And Administration": 45969000.0,
        "Gross Profit": 15742000.0,
        "Cost Of Revenue": 166382000.0,
        "Total Revenue": 182123000.0,
        "Operating Revenue": 182123000.0
    },
    "2024-09-30": {
        "Tax Effect Of Unusual Items": -5252.250715,
        "Tax Rate For Calcs": 0.154478,
        "Normalized EBITDA": -44974000.0,
        "Total Unusual Items": -34000.0,
        "Total Unusual Items Excluding Goodwill": -34000.0,
        "Net Income From Continuing Operation Net Minority Interest": -39634000.0,
        "Reconciled Cost Of Revenue": 166607000.0,
        "EBITDA": -45008000.0,
        "EBIT": -45008000.0,
        "Net Interest Income": -949000.0,
        "Interest Expense": 1866000.0,
        "Interest Income": 917000.0,
        "Normalized Income": -39605252.250715,
        "Net Income From Continuing And Discontinued Operation": -39634000.0,
        "Total Expenses": 217581000.0,
        "Total Operating Income As Reported": -26493000.0,
        "Diluted Average Shares": 354694588.0,
        "Basic Average Shares": 354694588.0,
        "Diluted EPS": -0.11,
        "Basic EPS": -0.11,
        "Diluted NI Availto Com Stockholders": -39634000.0,
        "Net Income Common Stockholders": -39634000.0,
        "Net Income": -39634000.0,
        "Net Income Including Noncontrolling Interests": -39634000.0,
        "Net Income Continuous Operations": -39633000.0,
        "Tax Provision": -7241000.0,
        "Pretax Income": -46874000.0,
        "Other Income Expense": -13234000.0,
        "Other Non Operating Income Expenses": -11290000.0,
        "Special Income Charges": 6199000.0,
        "Impairment Of Capital Assets": 0.0,
        "Restructuring And Mergern Acquisition": -6199000.0,
        "Earnings From Equity Interest": -1910000.0,
        "Gain On Sale Of Security": -6233000.0,
        "Net Non Operating Interest Income Expense": -949000.0,
        "Interest Expense Non Operating": 1866000.0,
        "Interest Income Non Operating": 917000.0,
        "Operating Income": -32691000.0,
        "Operating Expense": 50974000.0,
        "Other Operating Expenses": -7291000.0,
        "Research And Development": 11874000.0,
        "Selling General And Administration": 46391000.0,
        "Gross Profit": 18283000.0,
        "Cost Of Revenue": 166607000.0,
        "Total Revenue": 184890000.0,
        "Operating Revenue": 184890000.0
    },
    "2024-12-31": {
        "Tax Effect Of Unusual Items": -3760800.0,
        "Tax Rate For Calcs": 0.15,
        "Normalized EBITDA": 13623000.0,
        "Total Unusual Items": -25072000.0,
        "Total Unusual Items Excluding Goodwill": -25072000.0,
        "Net Income From Continuing Operation Net Minority Interest": -40839000.0,
        "Reconciled Cost Of Revenue": 175131000.0,
        "EBITDA": -11449000.0,
        "EBIT": -11449000.0,
        "Net Interest Income": -4784000.0,
        "Interest Expense": 4417000.0,
        "Interest Income": -367000.0,
        "Normalized Income": -19527800.0,
        "Net Income From Continuing And Discontinued Operation": -40839000.0,
        "Total Expenses": 213096000.0,
        "Total Operating Income As Reported": 6784000.0,
        "Diluted Average Shares": NaN,
        "Basic Average Shares": NaN,
        "Diluted EPS": NaN,
        "Basic EPS": NaN,
        "Diluted NI Availto Com Stockholders": -40839000.0,
        "Net Income Common Stockholders": -40839000.0,
        "Net Income": -40839000.0,
        "Net Income Including Noncontrolling Interests": -40839000.0,
        "Net Income Continuous Operations": -40840000.0,
        "Tax Provision": 24974000.0,
        "Pretax Income": -15866000.0,
        "Other Income Expense": -19212000.0,
        "Other Non Operating Income Expenses": 8665000.0,
        "Special Income Charges": -1347000.0,
        "Impairment Of Capital Assets": 0.0,
        "Restructuring And Mergern Acquisition": -7327000.0,
        "Earnings From Equity Interest": -2805000.0,
        "Gain On Sale Of Security": -23725000.0,
        "Net Non Operating Interest Income Expense": -4784000.0,
        "Interest Expense Non Operating": 4417000.0,
        "Interest Income Non Operating": -367000.0,
        "Operating Income": 8132000.0,
        "Operating Expense": 37965000.0,
        "Other Operating Expenses": 13657000.0,
        "Research And Development": 9729000.0,
        "Selling General And Administration": 49904000.0,
        "Gross Profit": 46097000.0,
        "Cost Of Revenue": 175131000.0,
        "Total Revenue": 221228000.0,
        "Operating Revenue": 221228000.0
    },
    "2025-03-31": {
        "Tax Effect Of Unusual Items": -28800.0,
        "Tax Rate For Calcs": 0.15,
        "Normalized EBITDA": -27252000.0,
        "Total Unusual Items": -192000.0,
        "Total Unusual Items Excluding Goodwill": -192000.0,
        "Net Income From Continuing Operation Net Minority Interest": -31577000.0,
        "Reconciled Cost Of Revenue": 172752000.0,
        "EBITDA": -27444000.0,
        "EBIT": -27444000.0,
        "Net Interest Income": -1191000.0,
        "Interest Expense": 2407000.0,
        "Interest Income": 1216000.0,
        "Normalized Income": -31413800.0,
        "Net Income From Continuing And Discontinued Operation": -31577000.0,
        "Total Expenses": 219794000.0,
        "Total Operating Income As Reported": -20008000.0,
        "Diluted Average Shares": 355052172.0,
        "Basic Average Shares": 355052172.0,
        "Diluted EPS": -0.09,
        "Basic EPS": -0.088936,
        "Diluted NI Availto Com Stockholders": -31577000.0,
        "Net Income Common Stockholders": -31577000.0,
        "Net Income": -31577000.0,
        "Net Income Including Noncontrolling Interests": -31577000.0,
        "Net Income Continuous Operations": -31577000.0,
        "Tax Provision": 1726000.0,
        "Pretax Income": -29851000.0,
        "Other Income Expense": -8845000.0,
        "Other Non Operating Income Expenses": -8082000.0,
        "Special Income Charges": -192000.0,
        "Impairment Of Capital Assets": NaN,
        "Restructuring And Mergern Acquisition": 192000.0,
        "Earnings From Equity Interest": -571000.0,
        "Gain On Sale Of Security": NaN,
        "Net Non Operating Interest Income Expense": -1191000.0,
        "Interest Expense Non Operating": 2407000.0,
        "Interest Income Non Operating": 1216000.0,
        "Operating Income": -19816000.0,
        "Operating Expense": 47042000.0,
        "Other Operating Expenses": -11413000.0,
        "Research And Development": 10758000.0,
        "Selling General And Administration": 47697000.0,
        "Gross Profit": 27226000.0,
        "Cost Of Revenue": 172752000.0,
        "Total Revenue": 199978000.0,
        "Operating Revenue": 199978000.0
    },
    "2025-06-30": {
        "Tax Effect Of Unusual Items": 187950.0,
        "Tax Rate For Calcs": 0.15,
        "Normalized EBITDA": -38677000.0,
        "Total Unusual Items": 1253000.0,
        "Total Unusual Items Excluding Goodwill": 1253000.0,
        "Net Income From Continuing Operation Net Minority Interest": -43478000.0,
        "Reconciled Cost Of Revenue": 162641000.0,
        "EBITDA": -37424000.0,
        "EBIT": -37424000.0,
        "Net Interest Income": -4789000.0,
        "Interest Expense": 5995000.0,
        "Interest Income": 1206000.0,
        "Normalized Income": -44543050.0,
        "Net Income From Continuing And Discontinued Operation": -43478000.0,
        "Total Expenses": 199834000.0,
        "Total Operating Income As Reported": -27773000.0,
        "Diluted Average Shares": 355193822.0,
        "Basic Average Shares": 355193822.0,
        "Diluted EPS": -0.12,
        "Basic EPS": -0.12,
        "Diluted NI Availto Com Stockholders": -43478000.0,
        "Net Income Common Stockholders": -43478000.0,
        "Net Income": -43478000.0,
        "Net Income Including Noncontrolling Interests": -43478000.0,
        "Net Income Continuous Operations": -43478000.0,
        "Tax Provision": 59000.0,
        "Pretax Income": -43419000.0,
        "Other Income Expense": -10030000.0,
        "Other Non Operating Income Expenses": -10637000.0,
        "Special Income Charges": 826000.0,
        "Impairment Of Capital Assets": 0.0,
        "Restructuring And Mergern Acquisition": -826000.0,
        "Earnings From Equity Interest": -646000.0,
        "Gain On Sale Of Security": 427000.0,
        "Net Non Operating Interest Income Expense": -4789000.0,
        "Interest Expense Non Operating": 5995000.0,
        "Interest Income Non Operating": 1206000.0,
        "Operating Income": -28599000.0,
        "Operating Expense": 37193000.0,
        "Other Operating Expenses": -12628000.0,
        "Research And Development": 8211000.0,
        "Selling General And Administration": 41610000.0,
        "Gross Profit": 8594000.0,
        "Cost Of Revenue": 162641000.0,
        "Total Revenue": 171235000.0,
        "Operating Revenue": 171235000.0
    }
}