{
    "2023-06-30": {
        "Tax Effect Of Unusual Items": NaN,
        "Tax Rate For Calcs": NaN,
        "Total Unusual Items": NaN,
        "Total Unusual Items Excluding Goodwill": NaN,
        "Net Income From Continuing Operation Net Minority Interest": NaN,
        "Reconciled Depreciation": NaN,
        "Net Interest Income": NaN,
        "Interest Expense": NaN,
        "Interest Income": NaN,
        "Normalized Income": NaN,
        "Net Income From Continuing And Discontinued Operation": NaN,
        "Diluted Average Shares": 39288000.0,
        "Basic Average Shares": 38211000.0,
        "Diluted EPS": 0.95,
        "Basic EPS": 0.97,
        "Diluted NI Availto Com Stockholders": NaN,
        "Net Income Common Stockholders": NaN,
        "Net Income": NaN,
        "Minority Interests": NaN,
        "Net Income Including Noncontrolling Interests": NaN,
        "Net Income Continuous Operations": NaN,
        "Tax Provision": NaN,
        "Pretax Income": NaN,
        "Special Income Charges": NaN,
        "Other Special Charges": NaN,
        "Depreciation Amortization Depletion Income Statement": NaN,
        "Depreciation And Amortization In Income Statement": NaN,
        "Selling General And Administration": NaN,
        "General And Administrative Expense": NaN,
        "Salaries And Wages": NaN,
        "Total Revenue": NaN,
        "Operating Revenue": NaN,
        "Occupancy And Equipment": NaN,
        "Professional Expense And Contract Services Expense": NaN,
        "Other Non Interest Expense": NaN
    },
    "2023-03-31": {
        "Tax Effect Of Unusual Items": NaN,
        "Tax Rate For Calcs": NaN,
        "Total Unusual Items": NaN,
        "Total Unusual Items Excluding Goodwill": NaN,
        "Net Income From Continuing Operation Net Minority Interest": NaN,
        "Reconciled Depreciation": NaN,
        "Net Interest Income": NaN,
        "Interest Expense": NaN,
        "Interest Income": NaN,
        "Normalized Income": NaN,
        "Net Income From Continuing And Discontinued Operation": NaN,
        "Diluted Average Shares": NaN,
        "Basic Average Shares": NaN,
        "Diluted EPS": NaN,
        "Basic EPS": NaN,
        "Diluted NI Availto Com Stockholders": NaN,
        "Net Income Common Stockholders": NaN,
        "Net Income": NaN,
        "Minority Interests": NaN,
        "Net Income Including Noncontrolling Interests": NaN,
        "Net Income Continuous Operations": NaN,
        "Tax Provision": NaN,
        "Pretax Income": NaN,
        "Special Income Charges": NaN,
        "Other Special Charges": 2921000.0,
        "Depreciation Amortization Depletion Income Statement": NaN,
        "Depreciation And Amortization In Income Statement": NaN,
        "Selling General And Administration": NaN,
        "General And Administrative Expense": NaN,
        "Salaries And Wages": NaN,
        "Total Revenue": NaN,
        "Operating Revenue": NaN,
        "Occupancy And Equipment": NaN,
        "Professional Expense And Contract Services Expense": NaN,
        "Other Non Interest Expense": NaN
    },
    "2022-12-31": {
        "Tax Effect Of Unusual Items": NaN,
        "Tax Rate For Calcs": NaN,
        "Total Unusual Items": NaN,
        "Total Unusual Items Excluding Goodwill": NaN,
        "Net Income From Continuing Operation Net Minority Interest": NaN,
        "Reconciled Depreciation": NaN,
        "Net Interest Income": NaN,
        "Interest Expense": NaN,
        "Interest Income": NaN,
        "Normalized Income": NaN,
        "Net Income From Continuing And Discontinued Operation": NaN,
        "Diluted Average Shares": NaN,
        "Basic Average Shares": NaN,
        "Diluted EPS": NaN,
        "Basic EPS": NaN,
        "Diluted NI Availto Com Stockholders": NaN,
        "Net Income Common Stockholders": NaN,
        "Net Income": NaN,
        "Minority Interests": NaN,
        "Net Income Including Noncontrolling Interests": NaN,
        "Net Income Continuous Operations": NaN,
        "Tax Provision": NaN,
        "Pretax Income": NaN,
        "Special Income Charges": NaN,
        "Other Special Charges": 2594000.0,
        "Restructuring And Mergern Acquisition": 0.0,
        "Depreciation Amortization Depletion Income Statement": NaN,
        "Depreciation And Amortization In Income Statement": NaN,
        "Selling General And Administration": NaN,
        "General And Administrative Expense": NaN,
        "Salaries And Wages": NaN,
        "Total Revenue": NaN,
        "Operating Revenue": NaN,
        "Occupancy And Equipment": NaN,
        "Professional Expense And Contract Services Expense": NaN,
        "Other Non Interest Expense": NaN
    },
    "2022-09-30": {
        "Tax Effect Of Unusual Items": NaN,
        "Tax Rate For Calcs": NaN,
        "Total Unusual Items": NaN,
        "Total Unusual Items Excluding Goodwill": NaN,
        "Net Income From Continuing Operation Net Minority Interest": NaN,
        "Reconciled Depreciation": NaN,
        "Net Interest Income": NaN,
        "Interest Expense": NaN,
        "Interest Income": NaN,
        "Normalized Income": NaN,
        "Net Income From Continuing And Discontinued Operation": NaN,
        "Diluted Average Shares": NaN,
        "Basic Average Shares": NaN,
        "Diluted EPS": NaN,
        "Basic EPS": NaN,
        "Diluted NI Availto Com Stockholders": NaN,
        "Net Income Common Stockholders": NaN,
        "Net Income": NaN,
        "Minority Interests": NaN,
        "Net Income Including Noncontrolling Interests": NaN,
        "Net Income Continuous Operations": NaN,
        "Tax Provision": NaN,
        "Pretax Income": NaN,
        "Special Income Charges": NaN,
        "Other Special Charges": NaN,
        "Restructuring And Mergern Acquisition": 0.0,
        "Depreciation Amortization Depletion Income Statement": NaN,
        "Depreciation And Amortization In Income Statement": NaN,
        "Selling General And Administration": NaN,
        "General And Administrative Expense": NaN,
        "Salaries And Wages": NaN,
        "Total Revenue": NaN,
        "Operating Revenue": NaN
    },
    "2022-06-30": {
        "Tax Effect Of Unusual Items": -138320.0,
        "Tax Rate For Calcs": 0.26,
        "Total Unusual Items": -532000.0,
        "Total Unusual Items Excluding Goodwill": -532000.0,
        "Net Income From Continuing Operation Net Minority Interest": 95627000.0,
        "Reconciled Depreciation": 6597000.0,
        "Net Interest Income": -4258000.0,
        "Interest Expense": 4258000.0,
        "Interest Income": 0.0,
        "Normalized Income": 96020680.0,
        "Net Income From Continuing And Discontinued Operation": 95627000.0,
        "Diluted Average Shares": 41108000.0,
        "Basic Average Shares": 39834000.0,
        "Diluted EPS": 2.33,
        "Basic EPS": 2.4,
        "Diluted NI Availto Com Stockholders": 95627000.0,
        "Net Income Common Stockholders": 95627000.0,
        "Net Income": 95627000.0,
        "Minority Interests": -14267000.0,
        "Net Income Including Noncontrolling Interests": 109894000.0,
        "Net Income Continuous Operations": 109894000.0,
        "Tax Provision": 38562000.0,
        "Pretax Income": 148456000.0,
        "Special Income Charges": -532000.0,
        "Other Special Charges": 532000.0,
        "Restructuring And Mergern Acquisition": 0.0,
        "Depreciation Amortization Depletion Income Statement": 6597000.0,
        "Depreciation And Amortization In Income Statement": 6597000.0,
        "Selling General And Administration": 388971000.0,
        "General And Administrative Expense": 388971000.0,
        "Other Gand A": 29170000.0,
        "Salaries And Wages": 388971000.0,
        "Total Revenue": 630917000.0,
        "Operating Revenue": 630917000.0
    },
    "2022-03-31": {
        "Diluted EPS": 3.79,
        "Total Revenue": 727,
        "Gross Profit": 724,
        "Operating Income": 214,
        "EBIT": 221,
        "Net Income": 158
    },
    "2021-12-31": {
        "Diluted EPS": 6.88,
        "Total Revenue": NaN,
        "Gross Profit": NaN,
        "Operating Income": 460,
        "EBIT": 468,
        "Net Income": 296
    },
    "2021-09-30": {
        "Diluted EPS": 3.74,
        "Total Revenue": 828,
        "Gross Profit": 825,
        "Operating Income": 258,
        "EBIT": 265,
        "Net Income": 160
    },
    "2021-06-30": {
        "Diluted EPS": 3.21,
        "Total Revenue": 692,
        "Gross Profit": 689,
        "Operating Income": 211,
        "EBIT": 219,
        "Net Income": 140
    },
    "2021-03-31": {
        "Diluted EPS": 3.25,
        "Total Revenue": 667,
        "Gross Profit": 663,
        "Operating Income": 199,
        "EBIT": 206,
        "Net Income": 144
    },
    "2020-12-31": {
        "Diluted EPS": 5.12,
        "Total Revenue": 932,
        "Gross Profit": 929,
        "Operating Income": 339,
        "EBIT": 346,
        "Net Income": 220
    },
    "2020-09-30": {
        "Diluted EPS": 1.01,
        "Total Revenue": 408,
        "Gross Profit": 405,
        "Operating Income": 77,
        "EBIT": 83,
        "Net Income": 43
    },
    "2020-06-30": {
        "Diluted EPS": 1.35,
        "Total Revenue": 512,
        "Gross Profit": 509,
        "Operating Income": 101,
        "EBIT": 108,
        "Net Income": 56
    },
    "2020-03-31": {
        "Diluted EPS": 0.74,
        "Total Revenue": 433,
        "Gross Profit": 429,
        "Operating Income": 79,
        "EBIT": 88,
        "Net Income": 31
    },
    "2019-12-31": {
        "Diluted EPS": 2.48,
        "Total Revenue": 666,
        "Gross Profit": 663,
        "Operating Income": 171,
        "EBIT": 180,
        "Net Income": 105
    },
    "2019-09-30": {
        "Diluted EPS": 1.01,
        "Total Revenue": 408,
        "Gross Profit": 405,
        "Operating Income": 77,
        "EBIT": 87,
        "Net Income": 43
    },
    "2019-06-30": {
        "Diluted EPS": 1.88,
        "Total Revenue": 535,
        "Gross Profit": 532,
        "Operating Income": 132,
        "EBIT": 141,
        "Net Income": 82
    },
    "2019-03-31": {
        "Diluted EPS": 1.52,
        "Total Revenue": 419,
        "Gross Profit": 416,
        "Operating Income": 89,
        "EBIT": 97,
        "Net Income": 67
    },
    "2018-12-31": {
        "Diluted EPS": 3.63,
        "Total Revenue": 776,
        "Gross Profit": 772,
        "Operating Income": 256,
        "EBIT": 263,
        "Net Income": 163
    },
    "2018-09-30": {
        "Diluted EPS": 1.08,
        "Total Revenue": 385,
        "Gross Profit": 382,
        "Operating Income": 81,
        "EBIT": 89,
        "Net Income": 49
    },
    "2018-06-30": {
        "Diluted EPS": 1.52,
        "Total Revenue": 454,
        "Gross Profit": 452,
        "Operating Income": 110,
        "EBIT": 117,
        "Net Income": 69
    },
    "2018-03-31": {
        "Diluted EPS": 2.1,
        "Total Revenue": 468,
        "Gross Profit": 465,
        "Operating Income": 119,
        "EBIT": 126,
        "Net Income": 96
    },
    "2017-12-31": {
        "Diluted EPS": -0.41,
        "Total Revenue": 545,
        "Gross Profit": 541,
        "Operating Income": 194,
        "EBIT": 201,
        "Net Income": -19
    },
    "2017-09-30": {
        "Diluted EPS": 1.04,
        "Total Revenue": 412,
        "Gross Profit": 409,
        "Operating Income": 93,
        "EBIT": 100,
        "Net Income": 46
    },
    "2017-06-30": {
        "Diluted EPS": 0.41,
        "Total Revenue": 375,
        "Gross Profit": 372,
        "Operating Income": 73,
        "EBIT": 79,
        "Net Income": 18
    },
    "2017-03-31": {
        "Diluted EPS": 1.76,
        "Total Revenue": 392,
        "Gross Profit": 388,
        "Operating Income": 116,
        "EBIT": 122,
        "Net Income": 81
    },
    "2016-12-31": {
        "Diluted EPS": 0.97,
        "Total Revenue": 450,
        "Gross Profit": 450,
        "Operating Income": 110,
        "EBIT": 116,
        "Net Income": 43
    },
    "2016-09-30": {
        "Diluted EPS": 0.79,
        "Total Revenue": 391,
        "Gross Profit": 391,
        "Operating Income": 90,
        "EBIT": 96,
        "Net Income": 35
    },
    "2016-06-30": {
        "Diluted EPS": 0.55,
        "Total Revenue": 355,
        "Gross Profit": 355,
        "Operating Income": 67,
        "EBIT": 73,
        "Net Income": 24
    },
    "2016-03-31": {
        "Diluted EPS": 0.12,
        "Total Revenue": 260,
        "Gross Profit": 260,
        "Operating Income": 19,
        "EBIT": 25,
        "Net Income": 5
    },
    "2015-12-31": {
        "Diluted EPS": 0.46,
        "Total Revenue": 411,
        "Gross Profit": 411,
        "Operating Income": 88,
        "EBIT": 95,
        "Net Income": 21
    },
    "2015-09-30": {
        "Diluted EPS": 0.16,
        "Total Revenue": 313,
        "Gross Profit": 313,
        "Operating Income": 45,
        "EBIT": 54,
        "Net Income": 7
    },
    "2015-06-30": {
        "Diluted EPS": 0.26,
        "Total Revenue": 273,
        "Gross Profit": 273,
        "Operating Income": 37,
        "EBIT": 44,
        "Net Income": 11
    },
    "2015-03-31": {
        "Diluted EPS": 0.1,
        "Total Revenue": 242,
        "Gross Profit": 242,
        "Operating Income": 22,
        "EBIT": 29,
        "Net Income": 4
    },
    "2014-12-31": {
        "Diluted EPS": 0.67,
        "Total Revenue": 326,
        "Gross Profit": 326,
        "Operating Income": 74,
        "EBIT": 80,
        "Net Income": 28
    },
    "2014-09-30": {
        "Diluted EPS": 0.58,
        "Total Revenue": 231,
        "Gross Profit": 231,
        "Operating Income": 51,
        "EBIT": 56,
        "Net Income": 24
    },
    "2014-06-30": {
        "Diluted EPS": 0.58,
        "Total Revenue": 222,
        "Gross Profit": 222,
        "Operating Income": 48,
        "EBIT": 52,
        "Net Income": 24
    },
    "2014-03-31": {
        "Diluted EPS": 0.25,
        "Total Revenue": 152,
        "Gross Profit": 152,
        "Operating Income": 24,
        "EBIT": 28,
        "Net Income": 11
    },
    "2013-12-31": {
        "Diluted EPS": 0.42,
        "Total Revenue": 222,
        "Gross Profit": 222,
        "Operating Income": 48,
        "EBIT": 52,
        "Net Income": 17
    },
    "2013-09-30": {
        "Diluted EPS": 0.36,
        "Total Revenue": 191,
        "Gross Profit": 191,
        "Operating Income": 36,
        "EBIT": 40,
        "Net Income": 14
    },
    "2013-06-30": {
        "Diluted EPS": 0.44,
        "Total Revenue": 210,
        "Gross Profit": 210,
        "Operating Income": 41,
        "EBIT": 45,
        "Net Income": 16
    },
    "2013-03-31": {
        "Diluted EPS": 0.16,
        "Total Revenue": 156,
        "Gross Profit": 156,
        "Operating Income": 20,
        "EBIT": 24,
        "Net Income": 6
    },
    "2012-12-31": {
        "Diluted EPS": 0.59,
        "Total Revenue": 218,
        "Gross Profit": 218,
        "Operating Income": 47,
        "EBIT": 51,
        "Net Income": 19
    },
    "2012-09-30": {
        "Diluted EPS": 0.17,
        "Total Revenue": 157,
        "Gross Profit": 157,
        "Operating Income": 18,
        "EBIT": 23,
        "Net Income": 5
    },
    "2012-06-30": {
        "Diluted EPS": 0.25,
        "Total Revenue": 176,
        "Gross Profit": 176,
        "Operating Income": 25,
        "EBIT": 30,
        "Net Income": 8
    },
    "2012-03-31": {
        "Diluted EPS": -0.12,
        "Total Revenue": 107,
        "Gross Profit": 107,
        "Operating Income": -8,
        "EBIT": -3,
        "Net Income": -3
    },
    "2011-12-31": {
        "Diluted EPS": -0.05,
        "Total Revenue": 117,
        "Gross Profit": 117,
        "Operating Income": 5,
        "EBIT": 13,
        "Net Income": -1
    },
    "2011-09-30": {
        "Diluted EPS": 0.06,
        "Total Revenue": 168,
        "Gross Profit": 168,
        "Operating Income": 22,
        "EBIT": 28,
        "Net Income": 2
    },
    "2011-06-30": {
        "Diluted EPS": 0.08,
        "Total Revenue": 147,
        "Gross Profit": 147,
        "Operating Income": 18,
        "EBIT": 21,
        "Net Income": 2
    },
    "2011-03-31": {
        "Diluted EPS": 0.14,
        "Total Revenue": 112,
        "Gross Profit": 112,
        "Operating Income": 17,
        "EBIT": 21,
        "Net Income": 4
    },
    "2010-12-31": {
        "Diluted EPS": 0.13,
        "Total Revenue": 105,
        "Gross Profit": 105,
        "Operating Income": 17,
        "EBIT": 21,
        "Net Income": 3
    },
    "2010-09-30": {
        "Diluted EPS": 0.17,
        "Total Revenue": 130,
        "Gross Profit": 130,
        "Operating Income": 24,
        "EBIT": 28,
        "Net Income": 4
    },
    "2010-06-30": {
        "Diluted EPS": 0.0,
        "Total Revenue": 71,
        "Gross Profit": 71,
        "Operating Income": 4,
        "EBIT": 6,
        "Net Income": 0
    },
    "2010-03-31": {
        "Diluted EPS": 0.09,
        "Total Revenue": 94,
        "Gross Profit": 94,
        "Operating Income": 18,
        "EBIT": 20,
        "Net Income": 2
    },
    "2009-12-31": {
        "Diluted EPS": 0.18,
        "Total Revenue": 114,
        "Gross Profit": 114,
        "Operating Income": 32,
        "EBIT": 33,
        "Net Income": 2
    },
    "2009-09-30": {
        "Diluted EPS": 0.14,
        "Total Revenue": 88,
        "Gross Profit": 88,
        "Operating Income": 17,
        "EBIT": 18,
        "Net Income": 3
    },
    "2009-06-30": {
        "Diluted EPS": -0.43,
        "Total Revenue": 77,
        "Gross Profit": 77,
        "Operating Income": 10,
        "EBIT": 11,
        "Net Income": -6
    },
    "2009-03-31": {
        "Diluted EPS": 0.01,
        "Total Revenue": 58,
        "Gross Profit": 58,
        "Operating Income": 10,
        "EBIT": 12,
        "Net Income": 0
    },
    "2023-09-30": {
        "Tax Effect Of Unusual Items": NaN,
        "Tax Rate For Calcs": NaN,
        "Total Unusual Items": 0.0,
        "Total Unusual Items Excluding Goodwill": 0.0,
        "Net Income From Continuing Operation Net Minority Interest": NaN,
        "Reconciled Depreciation": NaN,
        "Net Interest Income": NaN,
        "Interest Expense": NaN,
        "Interest Income": NaN,
        "Normalized Income": NaN,
        "Net Income From Continuing And Discontinued Operation": NaN,
        "Diluted Average Shares": NaN,
        "Basic Average Shares": NaN,
        "Diluted EPS": NaN,
        "Basic EPS": NaN,
        "Diluted NI Availto Com Stockholders": NaN,
        "Average Dilution Earnings": NaN,
        "Net Income Common Stockholders": NaN,
        "Net Income": NaN,
        "Minority Interests": NaN,
        "Net Income Including Noncontrolling Interests": NaN,
        "Net Income Continuous Operations": NaN,
        "Tax Provision": NaN,
        "Pretax Income": NaN,
        "Special Income Charges": 0.0,
        "Other Special Charges": NaN,
        "Depreciation Amortization Depletion Income Statement": NaN,
        "Depreciation And Amortization In Income Statement": NaN,
        "Selling General And Administration": NaN,
        "General And Administrative Expense": NaN,
        "Salaries And Wages": NaN,
        "Total Revenue": NaN,
        "Operating Revenue": NaN,
        "Occupancy And Equipment": NaN,
        "Professional Expense And Contract Services Expense": NaN,
        "Other Non Interest Expense": NaN
    },
    "2023-12-31": {
        "Tax Effect Of Unusual Items": NaN,
        "Tax Rate For Calcs": NaN,
        "Total Unusual Items": NaN,
        "Total Unusual Items Excluding Goodwill": NaN,
        "Net Income From Continuing Operation Net Minority Interest": NaN,
        "Reconciled Depreciation": NaN,
        "Net Interest Income": NaN,
        "Interest Expense": NaN,
        "Interest Income": NaN,
        "Normalized Income": NaN,
        "Net Income From Continuing And Discontinued Operation": NaN,
        "Diluted Average Shares": NaN,
        "Basic Average Shares": NaN,
        "Diluted EPS": NaN,
        "Basic EPS": NaN,
        "Diluted NI Availto Com Stockholders": NaN,
        "Average Dilution Earnings": NaN,
        "Net Income Common Stockholders": NaN,
        "Net Income": NaN,
        "Minority Interests": NaN,
        "Net Income Including Noncontrolling Interests": NaN,
        "Net Income Continuous Operations": NaN,
        "Tax Provision": NaN,
        "Pretax Income": NaN,
        "Special Income Charges": NaN,
        "Other Special Charges": 0.0,
        "Restructuring And Mergern Acquisition": NaN,
        "Depreciation Amortization Depletion Income Statement": NaN,
        "Depreciation And Amortization In Income Statement": NaN,
        "Selling General And Administration": NaN,
        "General And Administrative Expense": NaN,
        "Salaries And Wages": NaN,
        "Total Revenue": NaN,
        "Operating Revenue": NaN,
        "Occupancy And Equipment": NaN,
        "Professional Expense And Contract Services Expense": NaN,
        "Other Non Interest Expense": NaN
    },
    "2024-03-31": {
        "Tax Effect Of Unusual Items": NaN,
        "Tax Rate For Calcs": NaN,
        "Total Unusual Items": NaN,
        "Total Unusual Items Excluding Goodwill": NaN,
        "Net Income From Continuing Operation Net Minority Interest": NaN,
        "Reconciled Depreciation": NaN,
        "Net Interest Income": NaN,
        "Interest Expense": NaN,
        "Interest Income": NaN,
        "Normalized Income": NaN,
        "Net Income From Continuing And Discontinued Operation": NaN,
        "Diluted Average Shares": NaN,
        "Basic Average Shares": NaN,
        "Diluted EPS": NaN,
        "Basic EPS": NaN,
        "Diluted NI Availto Com Stockholders": NaN,
        "Average Dilution Earnings": 0.0,
        "Net Income Common Stockholders": NaN,
        "Net Income": NaN,
        "Minority Interests": NaN,
        "Net Income Including Noncontrolling Interests": NaN,
        "Net Income Continuous Operations": NaN,
        "Tax Provision": NaN,
        "Pretax Income": NaN,
        "Special Income Charges": NaN,
        "Other Special Charges": NaN,
        "Restructuring And Mergern Acquisition": NaN,
        "Depreciation Amortization Depletion Income Statement": NaN,
        "Depreciation And Amortization In Income Statement": NaN,
        "Selling General And Administration": NaN,
        "General And Administrative Expense": NaN,
        "Salaries And Wages": NaN,
        "Total Revenue": NaN,
        "Operating Revenue": NaN,
        "Occupancy And Equipment": NaN,
        "Professional Expense And Contract Services Expense": NaN,
        "Other Non Interest Expense": NaN
    },
    "2024-06-30": {
        "Tax Effect Of Unusual Items": NaN,
        "Tax Rate For Calcs": NaN,
        "Total Unusual Items": 0.0,
        "Total Unusual Items Excluding Goodwill": 0.0,
        "Net Income From Continuing Operation Net Minority Interest": NaN,
        "Reconciled Depreciation": NaN,
        "Net Interest Income": NaN,
        "Interest Expense": NaN,
        "Interest Income": NaN,
        "Normalized Income": NaN,
        "Net Income From Continuing And Discontinued Operation": NaN,
        "Diluted Average Shares": NaN,
        "Basic Average Shares": NaN,
        "Diluted EPS": NaN,
        "Basic EPS": NaN,
        "Diluted NI Availto Com Stockholders": NaN,
        "Average Dilution Earnings": NaN,
        "Net Income Common Stockholders": NaN,
        "Net Income": NaN,
        "Minority Interests": NaN,
        "Net Income Including Noncontrolling Interests": NaN,
        "Net Income Continuous Operations": NaN,
        "Tax Provision": NaN,
        "Pretax Income": NaN,
        "Special Income Charges": 0.0,
        "Other Special Charges": NaN,
        "Restructuring And Mergern Acquisition": 0.0,
        "Depreciation Amortization Depletion Income Statement": NaN,
        "Depreciation And Amortization In Income Statement": NaN,
        "Selling General And Administration": NaN,
        "General And Administrative Expense": NaN,
        "Salaries And Wages": NaN,
        "Total Revenue": NaN,
        "Operating Revenue": NaN,
        "Occupancy And Equipment": NaN,
        "Professional Expense And Contract Services Expense": NaN,
        "Other Non Interest Expense": NaN
    },
    "2024-09-30": {
        "Tax Effect Of Unusual Items": -2074620.0,
        "Tax Rate For Calcs": 0.284,
        "Total Unusual Items": -7305000.0,
        "Total Unusual Items Excluding Goodwill": -7305000.0,
        "Net Income From Continuing Operation Net Minority Interest": 78393000.0,
        "Reconciled Depreciation": -664000.0,
        "Net Interest Income": -4198000.0,
        "Interest Expense": 4198000.0,
        "Interest Income": 0.0,
        "Normalized Income": 83623380.0,
        "Net Income From Continuing And Discontinued Operation": 78393000.0,
        "Diluted Average Shares": 42038000.0,
        "Basic Average Shares": 38294000.0,
        "Diluted EPS": 1.86,
        "Basic EPS": 2.05,
        "Diluted NI Availto Com Stockholders": 78393000.0,
        "Average Dilution Earnings": NaN,
        "Net Income Common Stockholders": 78393000.0,
        "Net Income": 78393000.0,
        "Minority Interests": -9701000.0,
        "Net Income Including Noncontrolling Interests": 88094000.0,
        "Net Income Continuous Operations": 88094000.0,
        "Tax Provision": 34971000.0,
        "Pretax Income": 123065000.0,
        "Special Income Charges": -7305000.0,
        "Other Special Charges": 7305000.0,
        "Restructuring And Mergern Acquisition": NaN,
        "Depreciation Amortization Depletion Income Statement": 5896000.0,
        "Depreciation And Amortization In Income Statement": 5896000.0,
        "Selling General And Administration": 488010000.0,
        "General And Administrative Expense": 488010000.0,
        "Salaries And Wages": 488010000.0,
        "Total Revenue": 734222000.0,
        "Operating Revenue": 734222000.0,
        "Occupancy And Equipment": 23087000.0,
        "Professional Expense And Contract Services Expense": 32313000.0,
        "Other Non Interest Expense": 55618000.0
    },
    "2024-12-31": {
        "Tax Effect Of Unusual Items": 0.0,
        "Tax Rate For Calcs": 0.275126,
        "Total Unusual Items": 0.0,
        "Total Unusual Items Excluding Goodwill": 0.0,
        "Net Income From Continuing Operation Net Minority Interest": 140435000.0,
        "Reconciled Depreciation": -802000.0,
        "Net Interest Income": -4193000.0,
        "Interest Expense": 4193000.0,
        "Interest Income": 0.0,
        "Normalized Income": 140435000.0,
        "Net Income From Continuing And Discontinued Operation": 140435000.0,
        "Diluted Average Shares": 42611000.0,
        "Basic Average Shares": 38228000.0,
        "Diluted EPS": 3.3,
        "Basic EPS": 3.67,
        "Diluted NI Availto Com Stockholders": 140435000.0,
        "Average Dilution Earnings": NaN,
        "Net Income Common Stockholders": 140435000.0,
        "Net Income": 140435000.0,
        "Minority Interests": -14351000.0,
        "Net Income Including Noncontrolling Interests": 154786000.0,
        "Net Income Continuous Operations": 154786000.0,
        "Tax Provision": 58749000.0,
        "Pretax Income": 213535000.0,
        "Special Income Charges": 0.0,
        "Other Special Charges": 0.0,
        "Restructuring And Mergern Acquisition": NaN,
        "Depreciation Amortization Depletion Income Statement": 5840000.0,
        "Depreciation And Amortization In Income Statement": 5840000.0,
        "Selling General And Administration": 639386000.0,
        "General And Administrative Expense": 639386000.0,
        "Salaries And Wages": 639386000.0,
        "Total Revenue": 975332000.0,
        "Operating Revenue": 975332000.0,
        "Occupancy And Equipment": 24121000.0,
        "Professional Expense And Contract Services Expense": 37906000.0,
        "Other Non Interest Expense": 55521000.0
    },
    "2025-03-31": {
        "Tax Effect Of Unusual Items": 0.0,
        "Tax Rate For Calcs": 0.21,
        "Total Unusual Items": NaN,
        "Total Unusual Items Excluding Goodwill": NaN,
        "Net Income From Continuing Operation Net Minority Interest": 146184000.0,
        "Reconciled Depreciation": 2565000.0,
        "Net Interest Income": -4193000.0,
        "Interest Expense": 4193000.0,
        "Interest Income": 0.0,
        "Normalized Income": 146184000.0,
        "Net Income From Continuing And Discontinued Operation": 146184000.0,
        "Diluted Average Shares": 42058000.0,
        "Basic Average Shares": 38718000.0,
        "Diluted EPS": 3.48,
        "Basic EPS": 3.78,
        "Diluted NI Availto Com Stockholders": 146184000.0,
        "Average Dilution Earnings": 0.0,
        "Net Income Common Stockholders": 146184000.0,
        "Net Income": 146184000.0,
        "Minority Interests": -7606000.0,
        "Net Income Including Noncontrolling Interests": 153790000.0,
        "Net Income Continuous Operations": 153790000.0,
        "Tax Provision": -41727000.0,
        "Pretax Income": 112063000.0,
        "Special Income Charges": NaN,
        "Other Special Charges": NaN,
        "Restructuring And Mergern Acquisition": NaN,
        "Depreciation Amortization Depletion Income Statement": 5976000.0,
        "Depreciation And Amortization In Income Statement": 5976000.0,
        "Selling General And Administration": 459825000.0,
        "General And Administrative Expense": 459825000.0,
        "Salaries And Wages": 459825000.0,
        "Total Revenue": 694829000.0,
        "Operating Revenue": 694829000.0,
        "Occupancy And Equipment": 25731000.0,
        "Professional Expense And Contract Services Expense": 32613000.0,
        "Other Non Interest Expense": 59500000.0
    },
    "2025-06-30": {
        "Tax Effect Of Unusual Items": -479232.063967,
        "Tax Rate For Calcs": 0.29275,
        "Total Unusual Items": -1637000.0,
        "Total Unusual Items Excluding Goodwill": -1637000.0,
        "Net Income From Continuing Operation Net Minority Interest": 97201000.0,
        "Reconciled Depreciation": 1045000.0,
        "Net Interest Income": -4210000.0,
        "Interest Expense": 4210000.0,
        "Interest Income": 0.0,
        "Normalized Income": 98358767.936033,
        "Net Income From Continuing And Discontinued Operation": 97201000.0,
        "Diluted Average Shares": 41213000.0,
        "Basic Average Shares": 38715000.0,
        "Diluted EPS": 2.36,
        "Basic EPS": 2.51,
        "Diluted NI Availto Com Stockholders": 97201000.0,
        "Average Dilution Earnings": NaN,
        "Net Income Common Stockholders": 97201000.0,
        "Net Income": 97201000.0,
        "Minority Interests": -9738000.0,
        "Net Income Including Noncontrolling Interests": 106939000.0,
        "Net Income Continuous Operations": 106939000.0,
        "Tax Provision": 44265000.0,
        "Pretax Income": 151204000.0,
        "Special Income Charges": -1637000.0,
        "Other Special Charges": NaN,
        "Restructuring And Mergern Acquisition": 1637000.0,
        "Depreciation Amortization Depletion Income Statement": 6450000.0,
        "Depreciation And Amortization In Income Statement": 6450000.0,
        "Selling General And Administration": 548611000.0,
        "General And Administrative Expense": 548611000.0,
        "Salaries And Wages": 548611000.0,
        "Total Revenue": 833830000.0,
        "Operating Revenue": 833830000.0,
        "Occupancy And Equipment": 26914000.0,
        "Professional Expense And Contract Services Expense": 23133000.0,
        "Other Non Interest Expense": 76696000.0
    },
    "2025-09-30": {
        "Tax Effect Of Unusual Items": -967544.015316,
        "Tax Rate For Calcs": 0.275183,
        "Total Unusual Items": -3516000.0,
        "Total Unusual Items Excluding Goodwill": -3516000.0,
        "Net Income From Continuing Operation Net Minority Interest": 144583000.0,
        "Reconciled Depreciation": 157000.0,
        "Net Interest Income": -7110000.0,
        "Interest Expense": 7110000.0,
        "Interest Income": 0.0,
        "Normalized Income": 147131455.984684,
        "Net Income From Continuing And Discontinued Operation": 144583000.0,
        "Diluted Average Shares": 42419000.0,
        "Basic Average Shares": 38721000.0,
        "Diluted EPS": 3.41,
        "Basic EPS": 3.73,
        "Diluted NI Availto Com Stockholders": 144583000.0,
        "Average Dilution Earnings": 0.0,
        "Net Income Common Stockholders": 144583000.0,
        "Net Income": 144583000.0,
        "Minority Interests": -12911000.0,
        "Net Income Including Noncontrolling Interests": 157494000.0,
        "Net Income Continuous Operations": 157494000.0,
        "Tax Provision": 59794000.0,
        "Pretax Income": 217288000.0,
        "Special Income Charges": -3516000.0,
        "Other Special Charges": NaN,
        "Restructuring And Mergern Acquisition": 3516000.0,
        "Depreciation Amortization Depletion Income Statement": 7856000.0,
        "Depreciation And Amortization In Income Statement": 7856000.0,
        "Selling General And Administration": 680652000.0,
        "General And Administrative Expense": 680652000.0,
        "Salaries And Wages": 680652000.0,
        "Total Revenue": 1038884000.0,
        "Operating Revenue": 1038884000.0,
        "Occupancy And Equipment": 27530000.0,
        "Professional Expense And Contract Services Expense": 25672000.0,
        "Other Non Interest Expense": 77452000.0
    }
}