{
    "2023-03-31": {
        "Tax Effect Of Unusual Items": NaN,
        "Tax Rate For Calcs": NaN,
        "Normalized EBITDA": NaN,
        "Total Unusual Items": NaN,
        "Total Unusual Items Excluding Goodwill": NaN,
        "Net Income From Continuing Operation Net Minority Interest": NaN,
        "Reconciled Depreciation": NaN,
        "Reconciled Cost Of Revenue": NaN,
        "EBITDA": NaN,
        "EBIT": NaN,
        "Net Interest Income": NaN,
        "Interest Expense": NaN,
        "Normalized Income": NaN,
        "Net Income From Continuing And Discontinued Operation": NaN,
        "Total Expenses": NaN,
        "Total Operating Income As Reported": NaN,
        "Diluted Average Shares": NaN,
        "Basic Average Shares": NaN,
        "Diluted EPS": NaN,
        "Basic EPS": NaN,
        "Diluted NI Availto Com Stockholders": NaN,
        "Net Income Common Stockholders": NaN,
        "Net Income": NaN,
        "Minority Interests": NaN,
        "Net Income Including Noncontrolling Interests": NaN,
        "Net Income Continuous Operations": NaN,
        "Earnings From Equity Interest Net Of Tax": NaN,
        "Tax Provision": NaN,
        "Pretax Income": NaN,
        "Other Income Expense": NaN,
        "Other Non Operating Income Expenses": NaN,
        "Special Income Charges": NaN,
        "Impairment Of Capital Assets": NaN,
        "Gain On Sale Of Security": NaN,
        "Net Non Operating Interest Income Expense": NaN,
        "Interest Expense Non Operating": NaN,
        "Operating Income": NaN,
        "Operating Expense": NaN,
        "Other Operating Expenses": NaN,
        "Other Taxes": NaN,
        "Depreciation Amortization Depletion Income Statement": NaN,
        "Depreciation And Amortization In Income Statement": NaN,
        "Selling General And Administration": NaN,
        "General And Administrative Expense": NaN,
        "Insurance And Claims": NaN,
        "Salaries And Wages": 14800000.0,
        "Gross Profit": NaN,
        "Cost Of Revenue": NaN,
        "Total Revenue": NaN,
        "Operating Revenue": NaN
    },
    "2022-12-31": {
        "Tax Effect Of Unusual Items": NaN,
        "Tax Rate For Calcs": NaN,
        "Normalized EBITDA": NaN,
        "Total Unusual Items": NaN,
        "Total Unusual Items Excluding Goodwill": NaN,
        "Net Income From Continuing Operation Net Minority Interest": NaN,
        "Reconciled Depreciation": NaN,
        "Reconciled Cost Of Revenue": NaN,
        "EBITDA": NaN,
        "EBIT": NaN,
        "Net Interest Income": NaN,
        "Interest Expense": NaN,
        "Normalized Income": NaN,
        "Net Income From Continuing And Discontinued Operation": NaN,
        "Total Expenses": NaN,
        "Total Operating Income As Reported": NaN,
        "Diluted Average Shares": NaN,
        "Basic Average Shares": NaN,
        "Diluted EPS": NaN,
        "Basic EPS": NaN,
        "Diluted NI Availto Com Stockholders": NaN,
        "Net Income Common Stockholders": NaN,
        "Net Income": NaN,
        "Minority Interests": NaN,
        "Net Income Including Noncontrolling Interests": NaN,
        "Net Income Continuous Operations": NaN,
        "Earnings From Equity Interest Net Of Tax": NaN,
        "Tax Provision": NaN,
        "Pretax Income": NaN,
        "Other Income Expense": NaN,
        "Other Non Operating Income Expenses": NaN,
        "Special Income Charges": -28900000.0,
        "Impairment Of Capital Assets": 28900000.0,
        "Gain On Sale Of Security": NaN,
        "Net Non Operating Interest Income Expense": NaN,
        "Interest Expense Non Operating": NaN,
        "Operating Income": NaN,
        "Operating Expense": NaN,
        "Other Operating Expenses": NaN,
        "Other Taxes": NaN,
        "Depreciation Amortization Depletion Income Statement": NaN,
        "Depreciation And Amortization In Income Statement": NaN,
        "Selling General And Administration": NaN,
        "General And Administrative Expense": NaN,
        "Insurance And Claims": NaN,
        "Salaries And Wages": NaN,
        "Gross Profit": NaN,
        "Cost Of Revenue": NaN,
        "Total Revenue": NaN,
        "Operating Revenue": NaN
    },
    "2022-09-30": {
        "Tax Effect Of Unusual Items": NaN,
        "Tax Rate For Calcs": NaN,
        "Normalized EBITDA": NaN,
        "Total Unusual Items": NaN,
        "Total Unusual Items Excluding Goodwill": NaN,
        "Net Income From Continuing Operation Net Minority Interest": NaN,
        "Reconciled Depreciation": NaN,
        "Reconciled Cost Of Revenue": NaN,
        "EBITDA": NaN,
        "EBIT": NaN,
        "Net Interest Income": NaN,
        "Interest Expense": NaN,
        "Normalized Income": NaN,
        "Net Income From Continuing And Discontinued Operation": NaN,
        "Total Expenses": NaN,
        "Total Operating Income As Reported": NaN,
        "Diluted Average Shares": 230600000.0,
        "Basic Average Shares": 229900000.0,
        "Diluted EPS": 1.86,
        "Basic EPS": 1.86,
        "Diluted NI Availto Com Stockholders": NaN,
        "Net Income Common Stockholders": NaN,
        "Net Income": NaN,
        "Minority Interests": NaN,
        "Net Income Including Noncontrolling Interests": NaN,
        "Net Income Continuous Operations": NaN,
        "Earnings From Equity Interest Net Of Tax": NaN,
        "Tax Provision": NaN,
        "Pretax Income": NaN,
        "Other Income Expense": NaN,
        "Other Non Operating Income Expenses": NaN,
        "Special Income Charges": -6000000.0,
        "Impairment Of Capital Assets": 6000000.0,
        "Gain On Sale Of Security": NaN,
        "Net Non Operating Interest Income Expense": NaN,
        "Interest Expense Non Operating": NaN,
        "Operating Income": NaN,
        "Operating Expense": NaN,
        "Other Taxes": NaN,
        "Depreciation Amortization Depletion Income Statement": NaN,
        "Depreciation And Amortization In Income Statement": NaN,
        "Gross Profit": NaN,
        "Cost Of Revenue": NaN,
        "Total Revenue": NaN,
        "Operating Revenue": NaN
    },
    "2022-06-30": {
        "Tax Effect Of Unusual Items": -90900.0,
        "Tax Rate For Calcs": 0.101,
        "Normalized EBITDA": 566600000.0,
        "Total Unusual Items": -900000.0,
        "Total Unusual Items Excluding Goodwill": -900000.0,
        "Net Income From Continuing Operation Net Minority Interest": 194500000.0,
        "Reconciled Depreciation": 248100000.0,
        "Reconciled Cost Of Revenue": 762600000.0,
        "EBITDA": 565700000.0,
        "EBIT": 317600000.0,
        "Net Interest Income": -99300000.0,
        "Interest Expense": 99300000.0,
        "Normalized Income": 195309100.0,
        "Net Income From Continuing And Discontinued Operation": 194500000.0,
        "Total Expenses": 1111000000.0,
        "Total Operating Income As Reported": 335500000.0,
        "Diluted Average Shares": 230400000.0,
        "Basic Average Shares": 229900000.0,
        "Diluted EPS": 0.84,
        "Basic EPS": 0.85,
        "Diluted NI Availto Com Stockholders": 194500000.0,
        "Net Income Common Stockholders": 194500000.0,
        "Net Income": 194500000.0,
        "Minority Interests": -3100000.0,
        "Net Income Including Noncontrolling Interests": 197600000.0,
        "Net Income Continuous Operations": 197600000.0,
        "Earnings From Equity Interest Net Of Tax": 1400000.0,
        "Tax Provision": 22100000.0,
        "Pretax Income": 218300000.0,
        "Other Income Expense": -17900000.0,
        "Other Non Operating Income Expenses": -17000000.0,
        "Special Income Charges": NaN,
        "Impairment Of Capital Assets": NaN,
        "Gain On Sale Of Security": -900000.0,
        "Net Non Operating Interest Income Expense": -99300000.0,
        "Interest Expense Non Operating": 99300000.0,
        "Operating Income": 335500000.0,
        "Operating Expense": 332400000.0,
        "Other Taxes": 100300000.0,
        "Depreciation Amortization Depletion Income Statement": 232100000.0,
        "Depreciation And Amortization In Income Statement": 232100000.0,
        "Gross Profit": 667900000.0,
        "Cost Of Revenue": 778600000.0,
        "Total Revenue": 1446500000.0,
        "Operating Revenue": 1346700000.0
    },
    "2022-03-31": {
        "Diluted EPS": 0.53,
        "Total Revenue": NaN,
        "Gross Profit": 836,
        "Operating Income": 253,
        "EBIT": 511,
        "Net Income": 123
    },
    "2021-12-31": {
        "Diluted EPS": 0.23,
        "Total Revenue": NaN,
        "Gross Profit": 767,
        "Operating Income": 141,
        "EBIT": 396,
        "Net Income": 53
    },
    "2021-09-30": {
        "Diluted EPS": 1.95,
        "Total Revenue": NaN,
        "Gross Profit": NaN,
        "Operating Income": 601,
        "EBIT": 855,
        "Net Income": 449
    },
    "2021-06-30": {
        "Diluted EPS": 0.81,
        "Total Revenue": NaN,
        "Gross Profit": 878,
        "Operating Income": 295,
        "EBIT": 538,
        "Net Income": 185
    },
    "2021-03-31": {
        "Diluted EPS": 0.84,
        "Total Revenue": NaN,
        "Gross Profit": 907,
        "Operating Income": 318,
        "EBIT": 563,
        "Net Income": 192
    },
    "2020-12-31": {
        "Diluted EPS": 0.22,
        "Total Revenue": NaN,
        "Gross Profit": 763,
        "Operating Income": 153,
        "EBIT": 401,
        "Net Income": 51
    },
    "2020-09-30": {
        "Diluted EPS": 1.6,
        "Total Revenue": NaN,
        "Gross Profit": NaN,
        "Operating Income": 522,
        "EBIT": 767,
        "Net Income": 365
    },
    "2020-06-30": {
        "Diluted EPS": 0.59,
        "Total Revenue": NaN,
        "Gross Profit": 857,
        "Operating Income": 272,
        "EBIT": 516,
        "Net Income": 133
    },
    "2020-03-31": {
        "Diluted EPS": 0.31,
        "Total Revenue": NaN,
        "Gross Profit": 797,
        "Operating Income": 198,
        "EBIT": 443,
        "Net Income": 69
    },
    "2019-12-31": {
        "Diluted EPS": 0.27,
        "Total Revenue": NaN,
        "Gross Profit": 783,
        "Operating Income": 166,
        "EBIT": 401,
        "Net Income": 64
    },
    "2019-09-30": {
        "Diluted EPS": 1.56,
        "Total Revenue": NaN,
        "Gross Profit": NaN,
        "Operating Income": 539,
        "EBIT": 781,
        "Net Income": 367
    },
    "2019-06-30": {
        "Diluted EPS": 0.57,
        "Total Revenue": NaN,
        "Gross Profit": 867,
        "Operating Income": 272,
        "EBIT": 512,
        "Net Income": 140
    },
    "2019-03-31": {
        "Diluted EPS": 0.39,
        "Total Revenue": NaN,
        "Gross Profit": 823,
        "Operating Income": 210,
        "EBIT": 451,
        "Net Income": 100
    },
    "2018-12-31": {
        "Diluted EPS": 0.2,
        "Total Revenue": NaN,
        "Gross Profit": 805,
        "Operating Income": 150,
        "EBIT": 384,
        "Net Income": 19
    },
    "2018-09-30": {
        "Diluted EPS": 1.32,
        "Total Revenue": NaN,
        "Gross Profit": NaN,
        "Operating Income": 533,
        "EBIT": 756,
        "Net Income": 355
    },
    "2018-06-30": {
        "Diluted EPS": 0.56,
        "Total Revenue": 893,
        "Gross Profit": 595,
        "Operating Income": 127,
        "EBIT": 269,
        "Net Income": 102
    },
    "2018-03-31": {
        "Diluted EPS": 0.42,
        "Total Revenue": 600,
        "Gross Profit": 397,
        "Operating Income": 124,
        "EBIT": 230,
        "Net Income": 61
    },
    "2017-12-31": {
        "Diluted EPS": 0.24,
        "Total Revenue": 595,
        "Gross Profit": 406,
        "Operating Income": 122,
        "EBIT": 238,
        "Net Income": 34
    },
    "2017-09-30": {
        "Diluted EPS": 1.11,
        "Total Revenue": 794,
        "Gross Profit": 542,
        "Operating Income": 265,
        "EBIT": 377,
        "Net Income": 158
    },
    "2017-06-30": {
        "Diluted EPS": 0.5,
        "Total Revenue": 609,
        "Gross Profit": 436,
        "Operating Income": 160,
        "EBIT": 272,
        "Net Income": 72
    },
    "2017-03-31": {
        "Diluted EPS": 0.42,
        "Total Revenue": 573,
        "Gross Profit": 398,
        "Operating Income": 131,
        "EBIT": 233,
        "Net Income": 60
    },
    "2016-12-31": {
        "Diluted EPS": 0.38,
        "Total Revenue": 607,
        "Gross Profit": 413,
        "Operating Income": 136,
        "EBIT": 247,
        "Net Income": 54
    },
    "2016-09-30": {
        "Diluted EPS": 1.08,
        "Total Revenue": 765,
        "Gross Profit": 551,
        "Operating Income": 271,
        "EBIT": 365,
        "Net Income": 155
    },
    "2016-06-30": {
        "Diluted EPS": 0.51,
        "Total Revenue": 621,
        "Gross Profit": 448,
        "Operating Income": 154,
        "EBIT": 249,
        "Net Income": 72
    },
    "2016-03-31": {
        "Diluted EPS": 0.46,
        "Total Revenue": 569,
        "Gross Profit": 409,
        "Operating Income": 142,
        "EBIT": 238,
        "Net Income": 66
    },
    "2015-12-31": {
        "Diluted EPS": 0.28,
        "Total Revenue": 546,
        "Gross Profit": 387,
        "Operating Income": 108,
        "EBIT": 202,
        "Net Income": 40
    },
    "2015-09-30": {
        "Diluted EPS": 0.97,
        "Total Revenue": 733,
        "Gross Profit": 511,
        "Operating Income": 256,
        "EBIT": 346,
        "Net Income": 138
    },
    "2015-06-30": {
        "Diluted EPS": 0.46,
        "Total Revenue": 590,
        "Gross Profit": 392,
        "Operating Income": 131,
        "EBIT": 215,
        "Net Income": 64
    },
    "2015-03-31": {
        "Diluted EPS": 0.38,
        "Total Revenue": 591,
        "Gross Profit": 379,
        "Operating Income": 126,
        "EBIT": 209,
        "Net Income": 51
    },
    "2014-12-31": {
        "Diluted EPS": 0.33,
        "Total Revenue": 596,
        "Gross Profit": 375,
        "Operating Income": 105,
        "EBIT": 190,
        "Net Income": 43
    },
    "2014-09-30": {
        "Diluted EPS": 1.1,
        "Total Revenue": 764,
        "Gross Profit": 508,
        "Operating Income": 255,
        "EBIT": 341,
        "Net Income": 147
    },
    "2014-06-30": {
        "Diluted EPS": 0.4,
        "Total Revenue": 613,
        "Gross Profit": 392,
        "Operating Income": 123,
        "EBIT": 199,
        "Net Income": 53
    },
    "2014-03-31": {
        "Diluted EPS": 0.52,
        "Total Revenue": 629,
        "Gross Profit": 403,
        "Operating Income": 150,
        "EBIT": 230,
        "Net Income": 69
    },
    "2013-12-31": {
        "Diluted EPS": 0.31,
        "Total Revenue": 560,
        "Gross Profit": 363,
        "Operating Income": 104,
        "EBIT": 184,
        "Net Income": 41
    },
    "2013-09-30": {
        "Diluted EPS": 1.04,
        "Total Revenue": 695,
        "Gross Profit": 471,
        "Operating Income": 224,
        "EBIT": 305,
        "Net Income": 133
    },
    "2013-06-30": {
        "Diluted EPS": 0.52,
        "Total Revenue": 570,
        "Gross Profit": 372,
        "Operating Income": 132,
        "EBIT": 204,
        "Net Income": 67
    },
    "2013-03-31": {
        "Diluted EPS": 0.4,
        "Total Revenue": 546,
        "Gross Profit": 351,
        "Operating Income": 120,
        "EBIT": 192,
        "Net Income": 51
    },
    "2012-12-31": {
        "Diluted EPS": 0.37,
        "Total Revenue": 524,
        "Gross Profit": 220,
        "Operating Income": 108,
        "EBIT": 192,
        "Net Income": 45
    },
    "2012-09-30": {
        "Diluted EPS": 1.09,
        "Total Revenue": 696,
        "Gross Profit": 518,
        "Operating Income": 250,
        "EBIT": 327,
        "Net Income": 139
    },
    "2012-06-30": {
        "Diluted EPS": 0.48,
        "Total Revenue": 566,
        "Gross Profit": 419,
        "Operating Income": 133,
        "EBIT": 209,
        "Net Income": 61
    },
    "2012-03-31": {
        "Diluted EPS": 0.21,
        "Total Revenue": 476,
        "Gross Profit": 348,
        "Operating Income": 71,
        "EBIT": 152,
        "Net Income": 27
    },
    "2011-12-31": {
        "Diluted EPS": 0.14,
        "Total Revenue": 486,
        "Gross Profit": 210,
        "Operating Income": 73,
        "EBIT": 157,
        "Net Income": 19
    },
    "2011-09-30": {
        "Diluted EPS": 1.14,
        "Total Revenue": 678,
        "Gross Profit": 479,
        "Operating Income": 241,
        "EBIT": 327,
        "Net Income": 134
    },
    "2011-06-30": {
        "Diluted EPS": 0.38,
        "Total Revenue": 525,
        "Gross Profit": 372,
        "Operating Income": 108,
        "EBIT": 183,
        "Net Income": 44
    },
    "2011-03-31": {
        "Diluted EPS": 0.27,
        "Total Revenue": 482,
        "Gross Profit": 348,
        "Operating Income": 91,
        "EBIT": 172,
        "Net Income": 31
    },
    "2010-12-31": {
        "Diluted EPS": 0.05,
        "Total Revenue": 457,
        "Gross Profit": 332,
        "Operating Income": 48,
        "EBIT": 128,
        "Net Income": 6
    },
    "2010-09-30": {
        "Diluted EPS": 1.01,
        "Total Revenue": 644,
        "Gross Profit": 457,
        "Operating Income": 212,
        "EBIT": 291,
        "Net Income": 114
    },
    "2010-06-30": {
        "Diluted EPS": 0.47,
        "Total Revenue": 495,
        "Gross Profit": 358,
        "Operating Income": 121,
        "EBIT": 197,
        "Net Income": 53
    },
    "2010-03-31": {
        "Diluted EPS": 0.27,
        "Total Revenue": 460,
        "Gross Profit": 326,
        "Operating Income": 92,
        "EBIT": 169,
        "Net Income": 30
    },
    "2009-12-31": {
        "Diluted EPS": 0.1,
        "Total Revenue": 440,
        "Gross Profit": 308,
        "Operating Income": 62,
        "EBIT": 135,
        "Net Income": 11
    },
    "2009-09-30": {
        "Diluted EPS": 0.73,
        "Total Revenue": 529,
        "Gross Profit": 387,
        "Operating Income": 150,
        "EBIT": 223,
        "Net Income": 81
    },
    "2009-06-30": {
        "Diluted EPS": 0.35,
        "Total Revenue": 468,
        "Gross Profit": 347,
        "Operating Income": 90,
        "EBIT": 161,
        "Net Income": 38
    },
    "2009-03-31": {
        "Diluted EPS": 0.4,
        "Total Revenue": 422,
        "Gross Profit": 281,
        "Operating Income": 53,
        "EBIT": 120,
        "Net Income": 44
    },
    "2023-06-30": {
        "Tax Effect Of Unusual Items": NaN,
        "Tax Rate For Calcs": NaN,
        "Normalized EBITDA": NaN,
        "Total Unusual Items": NaN,
        "Total Unusual Items Excluding Goodwill": NaN,
        "Net Income From Continuing Operation Net Minority Interest": NaN,
        "Reconciled Depreciation": NaN,
        "Reconciled Cost Of Revenue": NaN,
        "EBITDA": NaN,
        "EBIT": NaN,
        "Net Interest Income": NaN,
        "Interest Expense": NaN,
        "Normalized Income": NaN,
        "Net Income From Continuing And Discontinued Operation": NaN,
        "Total Expenses": NaN,
        "Total Operating Income As Reported": NaN,
        "Diluted Average Shares": 230500000.0,
        "Basic Average Shares": 230100000.0,
        "Diluted EPS": 0.78,
        "Basic EPS": 0.78,
        "Diluted NI Availto Com Stockholders": NaN,
        "Net Income Common Stockholders": NaN,
        "Net Income": NaN,
        "Minority Interests": NaN,
        "Net Income Including Noncontrolling Interests": NaN,
        "Net Income Continuous Operations": NaN,
        "Earnings From Equity Interest Net Of Tax": NaN,
        "Tax Provision": NaN,
        "Pretax Income": NaN,
        "Other Income Expense": NaN,
        "Other Non Operating Income Expenses": NaN,
        "Special Income Charges": NaN,
        "Impairment Of Capital Assets": NaN,
        "Gain On Sale Of Security": NaN,
        "Net Non Operating Interest Income Expense": NaN,
        "Interest Expense Non Operating": NaN,
        "Operating Income": NaN,
        "Operating Expense": NaN,
        "Other Operating Expenses": 400000.0,
        "Other Taxes": NaN,
        "Depreciation Amortization Depletion Income Statement": NaN,
        "Depreciation And Amortization In Income Statement": NaN,
        "Selling General And Administration": 4600000.0,
        "General And Administrative Expense": 4600000.0,
        "Insurance And Claims": 4600000.0,
        "Salaries And Wages": 16000000.0,
        "Gross Profit": NaN,
        "Cost Of Revenue": NaN,
        "Total Revenue": NaN,
        "Operating Revenue": NaN
    },
    "2023-09-30": {
        "Tax Effect Of Unusual Items": NaN,
        "Tax Rate For Calcs": NaN,
        "Normalized EBITDA": NaN,
        "Total Unusual Items": NaN,
        "Total Unusual Items Excluding Goodwill": NaN,
        "Net Income From Continuing Operation Net Minority Interest": NaN,
        "Reconciled Depreciation": NaN,
        "Reconciled Cost Of Revenue": NaN,
        "EBITDA": NaN,
        "EBIT": NaN,
        "Net Interest Income": NaN,
        "Interest Expense": NaN,
        "Normalized Income": NaN,
        "Net Income From Continuing And Discontinued Operation": NaN,
        "Total Expenses": NaN,
        "Total Operating Income As Reported": NaN,
        "Diluted Average Shares": 230500000.0,
        "Basic Average Shares": 230100000.0,
        "Diluted EPS": 1.53,
        "Basic EPS": 1.53,
        "Diluted NI Availto Com Stockholders": NaN,
        "Net Income Common Stockholders": NaN,
        "Net Income": NaN,
        "Minority Interests": NaN,
        "Net Income Including Noncontrolling Interests": NaN,
        "Net Income Continuous Operations": NaN,
        "Earnings From Equity Interest Net Of Tax": NaN,
        "Tax Provision": NaN,
        "Pretax Income": NaN,
        "Other Income Expense": NaN,
        "Other Non Operating Income Expenses": NaN,
        "Special Income Charges": 0.0,
        "Impairment Of Capital Assets": 0.0,
        "Gain On Sale Of Security": NaN,
        "Net Non Operating Interest Income Expense": NaN,
        "Interest Expense Non Operating": NaN,
        "Operating Income": NaN,
        "Operating Expense": NaN,
        "Other Operating Expenses": 12800000.0,
        "Other Taxes": NaN,
        "Depreciation Amortization Depletion Income Statement": NaN,
        "Depreciation And Amortization In Income Statement": NaN,
        "Selling General And Administration": 5900000.0,
        "General And Administrative Expense": 5900000.0,
        "Insurance And Claims": 5900000.0,
        "Salaries And Wages": NaN,
        "Gross Profit": NaN,
        "Cost Of Revenue": NaN,
        "Total Revenue": NaN,
        "Operating Revenue": NaN
    },
    "2023-12-31": {
        "Tax Effect Of Unusual Items": NaN,
        "Tax Rate For Calcs": NaN,
        "Normalized EBITDA": NaN,
        "Total Unusual Items": NaN,
        "Total Unusual Items Excluding Goodwill": NaN,
        "Net Income From Continuing Operation Net Minority Interest": NaN,
        "Reconciled Depreciation": NaN,
        "Reconciled Cost Of Revenue": NaN,
        "EBITDA": NaN,
        "EBIT": NaN,
        "Net Interest Income": NaN,
        "Interest Expense": NaN,
        "Normalized Income": NaN,
        "Net Income From Continuing And Discontinued Operation": NaN,
        "Total Expenses": NaN,
        "Total Operating Income As Reported": NaN,
        "Diluted Average Shares": NaN,
        "Basic Average Shares": NaN,
        "Diluted EPS": NaN,
        "Basic EPS": NaN,
        "Diluted NI Availto Com Stockholders": NaN,
        "Net Income Common Stockholders": NaN,
        "Net Income": NaN,
        "Minority Interests": NaN,
        "Net Income Including Noncontrolling Interests": NaN,
        "Net Income Continuous Operations": NaN,
        "Earnings From Equity Interest Net Of Tax": NaN,
        "Tax Provision": NaN,
        "Pretax Income": NaN,
        "Other Income Expense": NaN,
        "Other Non Operating Income Expenses": NaN,
        "Special Income Charges": 0.0,
        "Impairment Of Capital Assets": 0.0,
        "Gain On Sale Of Security": NaN,
        "Net Non Operating Interest Income Expense": NaN,
        "Interest Expense Non Operating": NaN,
        "Operating Income": NaN,
        "Operating Expense": NaN,
        "Other Operating Expenses": 20000000.0,
        "Other Taxes": NaN,
        "Depreciation Amortization Depletion Income Statement": NaN,
        "Depreciation And Amortization In Income Statement": NaN,
        "Selling General And Administration": NaN,
        "General And Administrative Expense": NaN,
        "Insurance And Claims": NaN,
        "Salaries And Wages": NaN,
        "Gross Profit": NaN,
        "Cost Of Revenue": NaN,
        "Total Revenue": NaN,
        "Operating Revenue": NaN
    },
    "2024-03-31": {
        "Tax Effect Of Unusual Items": NaN,
        "Tax Rate For Calcs": NaN,
        "Normalized EBITDA": NaN,
        "Total Unusual Items": NaN,
        "Total Unusual Items Excluding Goodwill": NaN,
        "Net Income From Continuing Operation Net Minority Interest": NaN,
        "Reconciled Depreciation": NaN,
        "Reconciled Cost Of Revenue": NaN,
        "EBITDA": NaN,
        "EBIT": NaN,
        "Net Interest Income": NaN,
        "Interest Expense": NaN,
        "Normalized Income": NaN,
        "Net Income From Continuing And Discontinued Operation": NaN,
        "Total Expenses": NaN,
        "Total Operating Income As Reported": NaN,
        "Diluted Average Shares": 230400000.0,
        "Basic Average Shares": 230200000.0,
        "Diluted EPS": 0.53,
        "Basic EPS": 0.53,
        "Diluted NI Availto Com Stockholders": NaN,
        "Net Income Common Stockholders": NaN,
        "Net Income": NaN,
        "Minority Interests": NaN,
        "Net Income Including Noncontrolling Interests": NaN,
        "Net Income Continuous Operations": NaN,
        "Earnings From Equity Interest Net Of Tax": NaN,
        "Tax Provision": NaN,
        "Pretax Income": NaN,
        "Other Income Expense": NaN,
        "Other Non Operating Income Expenses": NaN,
        "Gain On Sale Of Security": NaN,
        "Net Non Operating Interest Income Expense": NaN,
        "Interest Expense Non Operating": NaN,
        "Operating Income": NaN,
        "Operating Expense": NaN,
        "Other Operating Expenses": 4900000.0,
        "Other Taxes": NaN,
        "Depreciation Amortization Depletion Income Statement": NaN,
        "Depreciation And Amortization In Income Statement": NaN,
        "Selling General And Administration": 4600000.0,
        "General And Administrative Expense": 4600000.0,
        "Insurance And Claims": NaN,
        "Salaries And Wages": 4600000.0,
        "Gross Profit": NaN,
        "Cost Of Revenue": NaN,
        "Total Revenue": NaN,
        "Operating Revenue": NaN
    },
    "2024-06-30": {
        "Tax Effect Of Unusual Items": 88400.0,
        "Tax Rate For Calcs": 0.034,
        "Normalized EBITDA": 645300000.0,
        "Total Unusual Items": 2600000.0,
        "Total Unusual Items Excluding Goodwill": 2600000.0,
        "Net Income From Continuing Operation Net Minority Interest": 207000000.0,
        "Reconciled Depreciation": 288800000.0,
        "Reconciled Cost Of Revenue": 688000000.0,
        "EBITDA": 647900000.0,
        "EBIT": 359100000.0,
        "Net Interest Income": -143600000.0,
        "Interest Expense": 143600000.0,
        "Normalized Income": 204488400.0,
        "Net Income From Continuing And Discontinued Operation": 207000000.0,
        "Total Expenses": 1095700000.0,
        "Total Operating Income As Reported": 358100000.0,
        "Diluted Average Shares": 230500000.0,
        "Basic Average Shares": 230300000.0,
        "Diluted EPS": 0.9,
        "Basic EPS": 0.9,
        "Diluted NI Availto Com Stockholders": 207000000.0,
        "Net Income Common Stockholders": 207000000.0,
        "Net Income": 207000000.0,
        "Minority Interests": -3100000.0,
        "Net Income Including Noncontrolling Interests": 210100000.0,
        "Net Income Continuous Operations": 210100000.0,
        "Earnings From Equity Interest Net Of Tax": 2000000.0,
        "Tax Provision": 7400000.0,
        "Pretax Income": 215500000.0,
        "Other Income Expense": 7300000.0,
        "Other Non Operating Income Expenses": 4700000.0,
        "Gain On Sale Of Security": 2600000.0,
        "Net Non Operating Interest Income Expense": -143600000.0,
        "Interest Expense Non Operating": 143600000.0,
        "Operating Income": 351800000.0,
        "Operating Expense": 399000000.0,
        "Other Operating Expenses": 500000.0,
        "Other Taxes": 112600000.0,
        "Depreciation Amortization Depletion Income Statement": 280100000.0,
        "Depreciation And Amortization In Income Statement": 280100000.0,
        "Selling General And Administration": 6300000.0,
        "General And Administrative Expense": 6300000.0,
        "Insurance And Claims": 6300000.0,
        "Salaries And Wages": 4600000.0,
        "Gross Profit": 750800000.0,
        "Cost Of Revenue": 696700000.0,
        "Total Revenue": 1447500000.0,
        "Operating Revenue": 1407100000.0
    },
    "2024-09-30": {
        "Tax Effect Of Unusual Items": -4100.0,
        "Tax Rate For Calcs": 0.041,
        "Normalized EBITDA": 928600000.0,
        "Total Unusual Items": -100000.0,
        "Total Unusual Items Excluding Goodwill": -100000.0,
        "Net Income From Continuing Operation Net Minority Interest": 465600000.0,
        "Reconciled Depreciation": 298000000.0,
        "Reconciled Cost Of Revenue": 769300000.0,
        "EBITDA": 928500000.0,
        "EBIT": 630500000.0,
        "Net Interest Income": -143900000.0,
        "Interest Expense": 143900000.0,
        "Normalized Income": 465695900.0,
        "Net Income From Continuing And Discontinued Operation": 465600000.0,
        "Total Expenses": 1189800000.0,
        "Total Operating Income As Reported": 627500000.0,
        "Diluted Average Shares": 230600000.0,
        "Basic Average Shares": 230300000.0,
        "Diluted EPS": 2.02,
        "Basic EPS": 2.02,
        "Diluted NI Availto Com Stockholders": 465600000.0,
        "Net Income Common Stockholders": 465600000.0,
        "Net Income": 465600000.0,
        "Minority Interests": -3000000.0,
        "Net Income Including Noncontrolling Interests": 468600000.0,
        "Net Income Continuous Operations": 468600000.0,
        "Earnings From Equity Interest Net Of Tax": 2000000.0,
        "Tax Provision": 20000000.0,
        "Pretax Income": 486600000.0,
        "Other Income Expense": 8900000.0,
        "Other Non Operating Income Expenses": 9000000.0,
        "Gain On Sale Of Security": -100000.0,
        "Net Non Operating Interest Income Expense": -143900000.0,
        "Interest Expense Non Operating": 143900000.0,
        "Operating Income": 621600000.0,
        "Operating Expense": 404800000.0,
        "Other Operating Expenses": NaN,
        "Other Taxes": 116600000.0,
        "Depreciation Amortization Depletion Income Statement": 282300000.0,
        "Depreciation And Amortization In Income Statement": 282300000.0,
        "Selling General And Administration": 5900000.0,
        "General And Administrative Expense": 5900000.0,
        "Insurance And Claims": 5900000.0,
        "Salaries And Wages": NaN,
        "Gross Profit": 1026400000.0,
        "Cost Of Revenue": 785000000.0,
        "Total Revenue": 1811400000.0,
        "Operating Revenue": 1790100000.0
    },
    "2024-12-31": {
        "Tax Effect Of Unusual Items": -672000.0,
        "Tax Rate For Calcs": 0.21,
        "Normalized EBITDA": 512100000.0,
        "Total Unusual Items": -3200000.0,
        "Total Unusual Items Excluding Goodwill": -3200000.0,
        "Net Income From Continuing Operation Net Minority Interest": 78200000.0,
        "Reconciled Depreciation": 291900000.0,
        "Reconciled Cost Of Revenue": 634000000.0,
        "EBITDA": 508900000.0,
        "EBIT": 217000000.0,
        "Net Interest Income": -142400000.0,
        "Interest Expense": 142400000.0,
        "Normalized Income": 80728000.0,
        "Net Income From Continuing And Discontinued Operation": 78200000.0,
        "Total Expenses": 1018500000.0,
        "Total Operating Income As Reported": 222200000.0,
        "Diluted Average Shares": NaN,
        "Basic Average Shares": NaN,
        "Diluted EPS": NaN,
        "Basic EPS": NaN,
        "Diluted NI Availto Com Stockholders": 78200000.0,
        "Net Income Common Stockholders": 78200000.0,
        "Net Income": 78200000.0,
        "Minority Interests": -3100000.0,
        "Net Income Including Noncontrolling Interests": 81300000.0,
        "Net Income Continuous Operations": 81300000.0,
        "Earnings From Equity Interest Net Of Tax": 2000000.0,
        "Tax Provision": -4700000.0,
        "Pretax Income": 74600000.0,
        "Other Income Expense": -21900000.0,
        "Other Non Operating Income Expenses": -18700000.0,
        "Gain On Sale Of Security": -3200000.0,
        "Net Non Operating Interest Income Expense": -142400000.0,
        "Interest Expense Non Operating": 142400000.0,
        "Operating Income": 238900000.0,
        "Operating Expense": 368100000.0,
        "Other Operating Expenses": NaN,
        "Other Taxes": 109300000.0,
        "Depreciation Amortization Depletion Income Statement": 275500000.0,
        "Depreciation And Amortization In Income Statement": 275500000.0,
        "Selling General And Administration": NaN,
        "General And Administrative Expense": NaN,
        "Insurance And Claims": NaN,
        "Salaries And Wages": NaN,
        "Gross Profit": 607000000.0,
        "Cost Of Revenue": 650400000.0,
        "Total Revenue": 1257400000.0,
        "Operating Revenue": 1226600000.0
    },
    "2025-03-31": {
        "Tax Effect Of Unusual Items": 147000.0,
        "Tax Rate For Calcs": 0.07,
        "Normalized EBITDA": 590800000.0,
        "Total Unusual Items": 2100000.0,
        "Total Unusual Items Excluding Goodwill": 2100000.0,
        "Net Income From Continuing Operation Net Minority Interest": 125000000.0,
        "Reconciled Depreciation": 304300000.0,
        "Reconciled Cost Of Revenue": 667500000.0,
        "EBITDA": 592900000.0,
        "EBIT": 288600000.0,
        "Net Interest Income": -152500000.0,
        "Interest Expense": 152500000.0,
        "Normalized Income": 123047000.0,
        "Net Income From Continuing And Discontinued Operation": 125000000.0,
        "Total Expenses": 1082900000.0,
        "Total Operating Income As Reported": 291600000.0,
        "Diluted Average Shares": 232100000.0,
        "Basic Average Shares": 230400000.0,
        "Diluted EPS": 0.54,
        "Basic EPS": 0.54,
        "Diluted NI Availto Com Stockholders": 125000000.0,
        "Net Income Common Stockholders": 125000000.0,
        "Net Income": 125000000.0,
        "Minority Interests": -3100000.0,
        "Net Income Including Noncontrolling Interests": 128100000.0,
        "Net Income Continuous Operations": 128100000.0,
        "Earnings From Equity Interest Net Of Tax": 1600000.0,
        "Tax Provision": 9600000.0,
        "Pretax Income": 136100000.0,
        "Other Income Expense": -3000000.0,
        "Other Non Operating Income Expenses": -5100000.0,
        "Gain On Sale Of Security": 2100000.0,
        "Net Non Operating Interest Income Expense": -152500000.0,
        "Interest Expense Non Operating": 152500000.0,
        "Operating Income": 291600000.0,
        "Operating Expense": 399200000.0,
        "Other Operating Expenses": NaN,
        "Other Taxes": 111100000.0,
        "Depreciation Amortization Depletion Income Statement": 288100000.0,
        "Depreciation And Amortization In Income Statement": 288100000.0,
        "Selling General And Administration": NaN,
        "General And Administrative Expense": NaN,
        "Insurance And Claims": NaN,
        "Salaries And Wages": NaN,
        "Gross Profit": 690800000.0,
        "Cost Of Revenue": 683700000.0,
        "Total Revenue": 1374500000.0,
        "Operating Revenue": 1294500000.0
    },
    "2025-06-30": {
        "Tax Effect Of Unusual Items": -1149500.0,
        "Tax Rate For Calcs": 0.055,
        "Normalized EBITDA": 661900000.0,
        "Total Unusual Items": -20900000.0,
        "Total Unusual Items Excluding Goodwill": -20900000.0,
        "Net Income From Continuing Operation Net Minority Interest": 171300000.0,
        "Reconciled Depreciation": 304600000.0,
        "Reconciled Cost Of Revenue": 684200000.0,
        "EBITDA": 641000000.0,
        "EBIT": 336400000.0,
        "Net Interest Income": -153800000.0,
        "Interest Expense": 153800000.0,
        "Normalized Income": 191050500.0,
        "Net Income From Continuing And Discontinued Operation": 171300000.0,
        "Total Expenses": 1097900000.0,
        "Total Operating Income As Reported": 343800000.0,
        "Diluted Average Shares": 232700000.0,
        "Basic Average Shares": 230400000.0,
        "Diluted EPS": 0.74,
        "Basic EPS": 0.74,
        "Diluted NI Availto Com Stockholders": 171300000.0,
        "Net Income Common Stockholders": 171300000.0,
        "Net Income": 171300000.0,
        "Minority Interests": -3100000.0,
        "Net Income Including Noncontrolling Interests": 174400000.0,
        "Net Income Continuous Operations": 174400000.0,
        "Earnings From Equity Interest Net Of Tax": 1800000.0,
        "Tax Provision": 10000000.0,
        "Pretax Income": 182600000.0,
        "Other Income Expense": -2700000.0,
        "Other Non Operating Income Expenses": 18200000.0,
        "Gain On Sale Of Security": -20900000.0,
        "Net Non Operating Interest Income Expense": -153800000.0,
        "Interest Expense Non Operating": 153800000.0,
        "Operating Income": 339100000.0,
        "Operating Expense": 397500000.0,
        "Other Operating Expenses": NaN,
        "Other Taxes": 104400000.0,
        "Depreciation Amortization Depletion Income Statement": 288400000.0,
        "Depreciation And Amortization In Income Statement": 288400000.0,
        "Selling General And Administration": 4700000.0,
        "General And Administrative Expense": 4700000.0,
        "Insurance And Claims": 4700000.0,
        "Salaries And Wages": NaN,
        "Gross Profit": 736600000.0,
        "Cost Of Revenue": 700400000.0,
        "Total Revenue": 1437000000.0,
        "Operating Revenue": 1354700000.0
    }
}