{
    "2023-03-31": {
        "Tax Effect Of Unusual Items": 0.0,
        "Tax Rate For Calcs": 0.176,
        "Normalized EBITDA": 85359000.0,
        "Total Unusual Items": NaN,
        "Total Unusual Items Excluding Goodwill": NaN,
        "Net Income From Continuing Operation Net Minority Interest": 28066000.0,
        "Reconciled Depreciation": 33313000.0,
        "Reconciled Cost Of Revenue": 39825000.0,
        "EBITDA": 85359000.0,
        "EBIT": 52046000.0,
        "Net Interest Income": -17970000.0,
        "Normalized Income": 28066000.0,
        "Net Income From Continuing And Discontinued Operation": 28066000.0,
        "Total Expenses": 148426000.0,
        "Total Operating Income As Reported": 52046000.0,
        "Diluted Average Shares": 94781000.0,
        "Basic Average Shares": 88355000.0,
        "Diluted EPS": 0.3,
        "Basic EPS": 0.32,
        "Diluted NI Availto Com Stockholders": 28066000.0,
        "Net Income Common Stockholders": 28066000.0,
        "Net Income": 28066000.0,
        "Net Income Including Noncontrolling Interests": 28066000.0,
        "Net Income Continuous Operations": 28066000.0,
        "Tax Provision": 6010000.0,
        "Pretax Income": 34076000.0,
        "Special Income Charges": NaN,
        "Net Non Operating Interest Income Expense": -17970000.0,
        "Total Other Finance Cost": 17970000.0,
        "Operating Income": 52046000.0,
        "Operating Expense": 108601000.0,
        "Other Operating Expenses": 59192000.0,
        "Depreciation Amortization Depletion Income Statement": 33313000.0,
        "Depreciation And Amortization In Income Statement": 33313000.0,
        "Amortization": 14364000.0,
        "Amortization Of Intangibles Income Statement": 14364000.0,
        "Depreciation Income Statement": 18949000.0,
        "Research And Development": 16096000.0,
        "Gross Profit": 160647000.0,
        "Cost Of Revenue": 39825000.0,
        "Total Revenue": 200472000.0,
        "Operating Revenue": 200472000.0
    },
    "2022-12-31": {
        "Tax Effect Of Unusual Items": NaN,
        "Tax Rate For Calcs": NaN,
        "Normalized EBITDA": NaN,
        "Total Unusual Items": 0.0,
        "Total Unusual Items Excluding Goodwill": 0.0,
        "Net Income From Continuing Operation Net Minority Interest": NaN,
        "Reconciled Depreciation": NaN,
        "Reconciled Cost Of Revenue": NaN,
        "EBITDA": NaN,
        "EBIT": NaN,
        "Net Interest Income": NaN,
        "Normalized Income": NaN,
        "Net Income From Continuing And Discontinued Operation": NaN,
        "Total Expenses": NaN,
        "Total Operating Income As Reported": NaN,
        "Diluted Average Shares": NaN,
        "Basic Average Shares": NaN,
        "Diluted EPS": NaN,
        "Basic EPS": NaN,
        "Diluted NI Availto Com Stockholders": NaN,
        "Net Income Common Stockholders": NaN,
        "Net Income": NaN,
        "Net Income Including Noncontrolling Interests": NaN,
        "Net Income Continuous Operations": NaN,
        "Tax Provision": NaN,
        "Pretax Income": NaN,
        "Special Income Charges": 0.0,
        "Net Non Operating Interest Income Expense": NaN,
        "Total Other Finance Cost": NaN,
        "Operating Income": NaN,
        "Operating Expense": NaN,
        "Other Operating Expenses": NaN,
        "Depreciation Amortization Depletion Income Statement": NaN,
        "Depreciation And Amortization In Income Statement": NaN,
        "Amortization": NaN,
        "Amortization Of Intangibles Income Statement": NaN,
        "Depreciation Income Statement": NaN,
        "Research And Development": NaN,
        "Gross Profit": NaN,
        "Cost Of Revenue": NaN,
        "Total Revenue": NaN,
        "Operating Revenue": NaN
    },
    "2022-09-30": {
        "Tax Effect Of Unusual Items": NaN,
        "Tax Rate For Calcs": NaN,
        "Normalized EBITDA": NaN,
        "Total Unusual Items": 0.0,
        "Total Unusual Items Excluding Goodwill": 0.0,
        "Net Income From Continuing Operation Net Minority Interest": NaN,
        "Reconciled Depreciation": NaN,
        "Reconciled Cost Of Revenue": NaN,
        "EBITDA": NaN,
        "EBIT": NaN,
        "Net Interest Income": NaN,
        "Normalized Income": NaN,
        "Net Income From Continuing And Discontinued Operation": NaN,
        "Total Expenses": NaN,
        "Total Operating Income As Reported": NaN,
        "Diluted Average Shares": NaN,
        "Basic Average Shares": NaN,
        "Diluted EPS": NaN,
        "Basic EPS": NaN,
        "Diluted NI Availto Com Stockholders": NaN,
        "Net Income Common Stockholders": NaN,
        "Net Income": NaN,
        "Net Income Including Noncontrolling Interests": NaN,
        "Net Income Continuous Operations": NaN,
        "Tax Provision": NaN,
        "Pretax Income": NaN,
        "Special Income Charges": 0.0,
        "Net Non Operating Interest Income Expense": NaN,
        "Total Other Finance Cost": NaN,
        "Operating Income": NaN,
        "Operating Expense": NaN,
        "Other Operating Expenses": NaN,
        "Depreciation Amortization Depletion Income Statement": NaN,
        "Depreciation And Amortization In Income Statement": NaN,
        "Amortization": NaN,
        "Amortization Of Intangibles Income Statement": NaN,
        "Depreciation Income Statement": NaN,
        "Research And Development": NaN,
        "Gross Profit": NaN,
        "Cost Of Revenue": NaN,
        "Total Revenue": NaN,
        "Operating Revenue": NaN
    },
    "2022-06-30": {
        "Tax Effect Of Unusual Items": 0.0,
        "Tax Rate For Calcs": 0.23,
        "Normalized EBITDA": 84873000.0,
        "Total Unusual Items": NaN,
        "Total Unusual Items Excluding Goodwill": NaN,
        "Net Income From Continuing Operation Net Minority Interest": 32521000.0,
        "Reconciled Depreciation": 30324000.0,
        "Reconciled Cost Of Revenue": 43234000.0,
        "EBITDA": 84873000.0,
        "EBIT": 54549000.0,
        "Net Interest Income": -12294000.0,
        "Normalized Income": 32521000.0,
        "Net Income From Continuing And Discontinued Operation": 32521000.0,
        "Total Expenses": 142673000.0,
        "Total Operating Income As Reported": 54549000.0,
        "Diluted Average Shares": 98706000.0,
        "Basic Average Shares": 91710000.0,
        "Diluted EPS": 0.33,
        "Basic EPS": 0.35,
        "Diluted NI Availto Com Stockholders": 32521000.0,
        "Net Income Common Stockholders": 32521000.0,
        "Net Income": 32521000.0,
        "Net Income Including Noncontrolling Interests": 32521000.0,
        "Net Income Continuous Operations": 32521000.0,
        "Tax Provision": 9734000.0,
        "Pretax Income": 42255000.0,
        "Special Income Charges": NaN,
        "Net Non Operating Interest Income Expense": -12294000.0,
        "Total Other Finance Cost": 12294000.0,
        "Operating Income": 54549000.0,
        "Operating Expense": 99439000.0,
        "Other Operating Expenses": 55051000.0,
        "Depreciation Amortization Depletion Income Statement": 30324000.0,
        "Depreciation And Amortization In Income Statement": 30324000.0,
        "Amortization": 14646000.0,
        "Amortization Of Intangibles Income Statement": 14646000.0,
        "Depreciation Income Statement": 15678000.0,
        "Research And Development": 14064000.0,
        "Gross Profit": 153988000.0,
        "Cost Of Revenue": 43234000.0,
        "Total Revenue": 197222000.0,
        "Operating Revenue": 197222000.0
    },
    "2022-03-31": {
        "Diluted EPS": 0.31,
        "Total Revenue": 176,
        "Gross Profit": 144,
        "Operating Income": 53,
        "EBIT": 85,
        "Net Income": 32
    },
    "2021-12-31": {
        "Diluted EPS": 0.89,
        "Total Revenue": 180,
        "Gross Profit": 145,
        "Operating Income": 48,
        "EBIT": 80,
        "Net Income": 89
    },
    "2021-09-30": {
        "Diluted EPS": 0.07,
        "Total Revenue": 168,
        "Gross Profit": 141,
        "Operating Income": 55,
        "EBIT": 87,
        "Net Income": 7
    },
    "2021-06-30": {
        "Diluted EPS": 0.36,
        "Total Revenue": 173,
        "Gross Profit": 142,
        "Operating Income": 54,
        "EBIT": 88,
        "Net Income": 36
    },
    "2021-03-31": {
        "Diluted EPS": 0.21,
        "Total Revenue": 139,
        "Gross Profit": 118,
        "Operating Income": 40,
        "EBIT": 75,
        "Net Income": 21
    },
    "2020-12-31": {
        "Diluted EPS": 0.01,
        "Total Revenue": 120,
        "Gross Profit": 98,
        "Operating Income": 17,
        "EBIT": 57,
        "Net Income": 1
    },
    "2020-09-30": {
        "Diluted EPS": -0.01,
        "Total Revenue": 112,
        "Gross Profit": 97,
        "Operating Income": 20,
        "EBIT": 58,
        "Net Income": -1
    },
    "2020-06-30": {
        "Diluted EPS": -0.8,
        "Total Revenue": 39,
        "Gross Profit": 30,
        "Operating Income": -53,
        "EBIT": -15,
        "Net Income": -68
    },
    "2020-03-31": {
        "Diluted EPS": -0.16,
        "Total Revenue": 113,
        "Gross Profit": 94,
        "Operating Income": 10,
        "EBIT": 49,
        "Net Income": -13
    },
    "2019-12-31": {
        "Diluted EPS": -0.06,
        "Total Revenue": 145,
        "Gross Profit": 112,
        "Operating Income": 16,
        "EBIT": 55,
        "Net Income": -4
    },
    "2019-09-30": {
        "Diluted EPS": 0.12,
        "Total Revenue": 135,
        "Gross Profit": 106,
        "Operating Income": 27,
        "EBIT": 64,
        "Net Income": 9
    },
    "2019-06-30": {
        "Diluted EPS": 0.07,
        "Total Revenue": 130,
        "Gross Profit": 104,
        "Operating Income": 25,
        "EBIT": 61,
        "Net Income": 5
    },
    "2019-03-31": {
        "Diluted EPS": 0.08,
        "Total Revenue": 124,
        "Gross Profit": 99,
        "Operating Income": 26,
        "EBIT": 60,
        "Net Income": 6
    },
    "2018-12-31": {
        "Diluted EPS": 0.06,
        "Total Revenue": 120,
        "Gross Profit": 94,
        "Operating Income": 17,
        "EBIT": 54,
        "Net Income": 4
    },
    "2018-09-30": {
        "Diluted EPS": 0.03,
        "Total Revenue": 120,
        "Gross Profit": 96,
        "Operating Income": 22,
        "EBIT": 58,
        "Net Income": 2
    },
    "2018-06-30": {
        "Diluted EPS": 0.02,
        "Total Revenue": 119,
        "Gross Profit": 95,
        "Operating Income": 23,
        "EBIT": 57,
        "Net Income": 1
    },
    "2018-03-31": {
        "Diluted EPS": 0.06,
        "Total Revenue": 111,
        "Gross Profit": 90,
        "Operating Income": 24,
        "EBIT": 57,
        "Net Income": 5
    },
    "2017-12-31": {
        "Diluted EPS": -0.38,
        "Total Revenue": 248,
        "Gross Profit": 85,
        "Operating Income": 18,
        "EBIT": 54,
        "Net Income": -25
    },
    "2017-09-30": {
        "Diluted EPS": -0.06,
        "Total Revenue": 247,
        "Gross Profit": 84,
        "Operating Income": 20,
        "EBIT": 53,
        "Net Income": -4
    },
    "2017-06-30": {
        "Diluted EPS": -0.29,
        "Total Revenue": 242,
        "Gross Profit": 84,
        "Operating Income": 21,
        "EBIT": 54,
        "Net Income": -19
    },
    "2017-03-31": {
        "Diluted EPS": -0.05,
        "Total Revenue": 238,
        "Gross Profit": 84,
        "Operating Income": 23,
        "EBIT": 54,
        "Net Income": -4
    },
    "2016-12-31": {
        "Diluted EPS": -3.3,
        "Total Revenue": 218,
        "Gross Profit": 79,
        "Operating Income": -140,
        "EBIT": -100,
        "Net Income": -217
    },
    "2016-09-30": {
        "Diluted EPS": -0.12,
        "Total Revenue": 222,
        "Gross Profit": 79,
        "Operating Income": 12,
        "EBIT": 52,
        "Net Income": -8
    },
    "2016-06-30": {
        "Diluted EPS": -0.16,
        "Total Revenue": 214,
        "Gross Profit": 78,
        "Operating Income": 6,
        "EBIT": 46,
        "Net Income": -11
    },
    "2016-03-31": {
        "Diluted EPS": -0.2,
        "Total Revenue": 206,
        "Gross Profit": 75,
        "Operating Income": 4,
        "EBIT": 43,
        "Net Income": -13
    },
    "2015-12-31": {
        "Diluted EPS": -1.32,
        "Total Revenue": 204,
        "Gross Profit": 78,
        "Operating Income": -69,
        "EBIT": 45,
        "Net Income": -87
    },
    "2015-09-30": {
        "Diluted EPS": -0.09,
        "Total Revenue": 209,
        "Gross Profit": 79,
        "Operating Income": 15,
        "EBIT": 51,
        "Net Income": -6
    },
    "2015-06-30": {
        "Diluted EPS": -0.19,
        "Total Revenue": 206,
        "Gross Profit": 79,
        "Operating Income": 16,
        "EBIT": 51,
        "Net Income": -13
    },
    "2015-03-31": {
        "Diluted EPS": 0.01,
        "Total Revenue": 207,
        "Gross Profit": 80,
        "Operating Income": 28,
        "EBIT": 63,
        "Net Income": 0
    },
    "2014-12-31": {
        "Diluted EPS": -0.09,
        "Total Revenue": 152,
        "Gross Profit": 43,
        "Operating Income": 0,
        "EBIT": 10,
        "Net Income": -6
    },
    "2014-09-30": {
        "Diluted EPS": 0.09,
        "Total Revenue": 145,
        "Gross Profit": 37,
        "Operating Income": 11,
        "EBIT": 16,
        "Net Income": 6
    },
    "2014-06-30": {
        "Diluted EPS": 0.07,
        "Total Revenue": 145,
        "Gross Profit": 36,
        "Operating Income": 10,
        "EBIT": 15,
        "Net Income": 5
    },
    "2014-03-31": {
        "Diluted EPS": 0.11,
        "Total Revenue": 151,
        "Gross Profit": 37,
        "Operating Income": 13,
        "EBIT": 18,
        "Net Income": 7
    },
    "2013-12-31": {
        "Diluted EPS": 0.08,
        "Total Revenue": 140,
        "Gross Profit": 35,
        "Operating Income": 11,
        "EBIT": 16,
        "Net Income": 6
    },
    "2013-09-30": {
        "Diluted EPS": 0.09,
        "Total Revenue": 146,
        "Gross Profit": 35,
        "Operating Income": 11,
        "EBIT": 16,
        "Net Income": 6
    },
    "2013-06-30": {
        "Diluted EPS": 0.1,
        "Total Revenue": 149,
        "Gross Profit": 37,
        "Operating Income": 14,
        "EBIT": 18,
        "Net Income": 7
    },
    "2013-03-31": {
        "Diluted EPS": 0.09,
        "Total Revenue": 147,
        "Gross Profit": 36,
        "Operating Income": 13,
        "EBIT": 17,
        "Net Income": 6
    },
    "2012-12-31": {
        "Diluted EPS": 0.06,
        "Total Revenue": 136,
        "Gross Profit": 34,
        "Operating Income": 10,
        "EBIT": 14,
        "Net Income": 4
    },
    "2012-09-30": {
        "Diluted EPS": 0.1,
        "Total Revenue": 150,
        "Gross Profit": 38,
        "Operating Income": 15,
        "EBIT": 19,
        "Net Income": 7
    },
    "2012-06-30": {
        "Diluted EPS": 0.11,
        "Total Revenue": 147,
        "Gross Profit": 39,
        "Operating Income": 16,
        "EBIT": 20,
        "Net Income": 7
    },
    "2012-03-31": {
        "Diluted EPS": 0.11,
        "Total Revenue": 151,
        "Gross Profit": 37,
        "Operating Income": 16,
        "EBIT": 20,
        "Net Income": 7
    },
    "2011-12-31": {
        "Diluted EPS": 0.06,
        "Total Revenue": 138,
        "Gross Profit": 36,
        "Operating Income": 14,
        "EBIT": 19,
        "Net Income": 5
    },
    "2011-09-30": {
        "Diluted EPS": 0.03,
        "Total Revenue": 137,
        "Gross Profit": 30,
        "Operating Income": 8,
        "EBIT": 12,
        "Net Income": 2
    },
    "2011-06-30": {
        "Diluted EPS": 0.02,
        "Total Revenue": 135,
        "Gross Profit": 29,
        "Operating Income": 7,
        "EBIT": 12,
        "Net Income": 1
    },
    "2011-03-31": {
        "Diluted EPS": 0.03,
        "Total Revenue": 134,
        "Gross Profit": 29,
        "Operating Income": 9,
        "EBIT": 13,
        "Net Income": 2
    },
    "2010-12-31": {
        "Diluted EPS": 0.0,
        "Total Revenue": 138,
        "Gross Profit": 31,
        "Operating Income": 10,
        "EBIT": 14,
        "Net Income": 0
    },
    "2010-09-30": {
        "Diluted EPS": 0.07,
        "Total Revenue": 152,
        "Gross Profit": 36,
        "Operating Income": 13,
        "EBIT": 18,
        "Net Income": 5
    },
    "2010-06-30": {
        "Diluted EPS": 0.09,
        "Total Revenue": 157,
        "Gross Profit": 37,
        "Operating Income": 14,
        "EBIT": 18,
        "Net Income": 6
    },
    "2010-03-31": {
        "Diluted EPS": 0.1,
        "Total Revenue": 159,
        "Gross Profit": 39,
        "Operating Income": 16,
        "EBIT": 20,
        "Net Income": 7
    },
    "2009-12-31": {
        "Diluted EPS": 0.1,
        "Total Revenue": 149,
        "Gross Profit": 38,
        "Operating Income": 16,
        "EBIT": 21,
        "Net Income": 7
    },
    "2009-09-30": {
        "Diluted EPS": 0.11,
        "Total Revenue": 164,
        "Gross Profit": 40,
        "Operating Income": 17,
        "EBIT": 22,
        "Net Income": 8
    },
    "2009-06-30": {
        "Diluted EPS": 0.12,
        "Total Revenue": 173,
        "Gross Profit": 43,
        "Operating Income": 19,
        "EBIT": 24,
        "Net Income": 9
    },
    "2009-03-31": {
        "Diluted EPS": 0.12,
        "Total Revenue": 182,
        "Gross Profit": 45,
        "Operating Income": 19,
        "EBIT": 24,
        "Net Income": 9
    },
    "2023-06-30": {
        "Tax Effect Of Unusual Items": 0.0,
        "Tax Rate For Calcs": 0.173,
        "Normalized EBITDA": 86967000.0,
        "Net Income From Continuing Operation Net Minority Interest": 27396000.0,
        "Reconciled Depreciation": 33695000.0,
        "Reconciled Cost Of Revenue": 43723000.0,
        "EBITDA": 86967000.0,
        "EBIT": 53272000.0,
        "Net Interest Income": -20136000.0,
        "Normalized Income": 27396000.0,
        "Net Income From Continuing And Discontinued Operation": 27396000.0,
        "Total Expenses": 155445000.0,
        "Total Operating Income As Reported": 53272000.0,
        "Diluted Average Shares": 93472000.0,
        "Basic Average Shares": 88213000.0,
        "Diluted EPS": 0.29,
        "Basic EPS": 0.31,
        "Diluted NI Availto Com Stockholders": 27396000.0,
        "Net Income Common Stockholders": 27396000.0,
        "Net Income": 27396000.0,
        "Net Income Including Noncontrolling Interests": 27396000.0,
        "Net Income Continuous Operations": 27396000.0,
        "Tax Provision": 5740000.0,
        "Pretax Income": 33136000.0,
        "Net Non Operating Interest Income Expense": -20136000.0,
        "Total Other Finance Cost": 20136000.0,
        "Operating Income": 53272000.0,
        "Operating Expense": 111722000.0,
        "Other Operating Expenses": 61390000.0,
        "Depreciation Amortization Depletion Income Statement": 33695000.0,
        "Depreciation And Amortization In Income Statement": 33695000.0,
        "Amortization": 14173000.0,
        "Amortization Of Intangibles Income Statement": 14173000.0,
        "Depreciation Income Statement": 19522000.0,
        "Research And Development": 16637000.0,
        "Gross Profit": 164994000.0,
        "Cost Of Revenue": 43723000.0,
        "Total Revenue": 208717000.0,
        "Operating Revenue": 208717000.0
    },
    "2023-09-30": {
        "Tax Effect Of Unusual Items": NaN,
        "Tax Rate For Calcs": NaN,
        "Normalized EBITDA": NaN,
        "Net Income From Continuing Operation Net Minority Interest": NaN,
        "Reconciled Depreciation": NaN,
        "Reconciled Cost Of Revenue": NaN,
        "EBITDA": NaN,
        "EBIT": NaN,
        "Net Interest Income": NaN,
        "Normalized Income": NaN,
        "Net Income From Continuing And Discontinued Operation": NaN,
        "Total Expenses": NaN,
        "Total Operating Income As Reported": NaN,
        "Diluted Average Shares": 91245000.0,
        "Basic Average Shares": 87221000.0,
        "Diluted EPS": 0.29,
        "Basic EPS": 0.31,
        "Diluted NI Availto Com Stockholders": NaN,
        "Net Income Common Stockholders": NaN,
        "Net Income": NaN,
        "Net Income Including Noncontrolling Interests": NaN,
        "Net Income Continuous Operations": NaN,
        "Tax Provision": NaN,
        "Pretax Income": NaN,
        "Net Non Operating Interest Income Expense": NaN,
        "Total Other Finance Cost": NaN,
        "Operating Income": NaN,
        "Operating Expense": NaN,
        "Other Operating Expenses": NaN,
        "Depreciation Amortization Depletion Income Statement": NaN,
        "Depreciation And Amortization In Income Statement": NaN,
        "Amortization": NaN,
        "Amortization Of Intangibles Income Statement": NaN,
        "Depreciation Income Statement": NaN,
        "Research And Development": NaN,
        "Gross Profit": NaN,
        "Cost Of Revenue": NaN,
        "Total Revenue": NaN,
        "Operating Revenue": NaN
    },
    "2023-12-31": {
        "Tax Effect Of Unusual Items": 0.0,
        "Tax Rate For Calcs": 0.21,
        "Normalized EBITDA": 58140000.0,
        "Net Income From Continuing Operation Net Minority Interest": 1892000.0,
        "Reconciled Depreciation": 36621000.0,
        "Reconciled Cost Of Revenue": 35777000.0,
        "EBITDA": 58140000.0,
        "EBIT": 21519000.0,
        "Net Interest Income": -19662000.0,
        "Normalized Income": 1892000.0,
        "Net Income From Continuing And Discontinued Operation": 1892000.0,
        "Total Expenses": 170513000.0,
        "Total Operating Income As Reported": 21519000.0,
        "Diluted Average Shares": 88479000.0,
        "Basic Average Shares": 84954000.0,
        "Diluted EPS": 0.02,
        "Basic EPS": 0.02,
        "Diluted NI Availto Com Stockholders": 1892000.0,
        "Net Income Common Stockholders": 1892000.0,
        "Net Income": 1892000.0,
        "Net Income Including Noncontrolling Interests": 1892000.0,
        "Net Income Continuous Operations": 1892000.0,
        "Tax Provision": -35000.0,
        "Pretax Income": 1857000.0,
        "Net Non Operating Interest Income Expense": -19662000.0,
        "Total Other Finance Cost": 19662000.0,
        "Operating Income": 21519000.0,
        "Operating Expense": 134736000.0,
        "Other Operating Expenses": 79335000.0,
        "Depreciation Amortization Depletion Income Statement": 36621000.0,
        "Depreciation And Amortization In Income Statement": 36621000.0,
        "Amortization": 16303000.0,
        "Amortization Of Intangibles Income Statement": 16303000.0,
        "Depreciation Income Statement": 20318000.0,
        "Research And Development": 18780000.0,
        "Gross Profit": 156255000.0,
        "Cost Of Revenue": 35777000.0,
        "Total Revenue": 192032000.0,
        "Operating Revenue": 192032000.0
    },
    "2024-03-31": {
        "Tax Effect Of Unusual Items": 0.0,
        "Tax Rate For Calcs": 0.235,
        "Normalized EBITDA": 60212000.0,
        "Net Income From Continuing Operation Net Minority Interest": 4554000.0,
        "Reconciled Depreciation": 35460000.0,
        "Reconciled Cost Of Revenue": 36210000.0,
        "EBITDA": 60212000.0,
        "EBIT": 24752000.0,
        "Net Interest Income": -18800000.0,
        "Normalized Income": 4554000.0,
        "Net Income From Continuing And Discontinued Operation": 4554000.0,
        "Total Expenses": 164594000.0,
        "Total Operating Income As Reported": 24752000.0,
        "Diluted Average Shares": 87287000.0,
        "Basic Average Shares": 83777000.0,
        "Diluted EPS": 0.05,
        "Basic EPS": 0.05,
        "Diluted NI Availto Com Stockholders": 4554000.0,
        "Net Income Common Stockholders": 4554000.0,
        "Net Income": 4554000.0,
        "Net Income Including Noncontrolling Interests": 4554000.0,
        "Net Income Continuous Operations": 4554000.0,
        "Tax Provision": 1398000.0,
        "Pretax Income": 5952000.0,
        "Net Non Operating Interest Income Expense": -18800000.0,
        "Total Other Finance Cost": 18800000.0,
        "Operating Income": 24752000.0,
        "Operating Expense": 128384000.0,
        "Other Operating Expenses": 73614000.0,
        "Depreciation Amortization Depletion Income Statement": 35460000.0,
        "Depreciation And Amortization In Income Statement": 35460000.0,
        "Amortization": 15509000.0,
        "Amortization Of Intangibles Income Statement": 15509000.0,
        "Depreciation Income Statement": 19951000.0,
        "Research And Development": 19310000.0,
        "Gross Profit": 153136000.0,
        "Cost Of Revenue": 36210000.0,
        "Total Revenue": 189346000.0,
        "Operating Revenue": 189346000.0
    },
    "2024-06-30": {
        "Tax Effect Of Unusual Items": 0.0,
        "Tax Rate For Calcs": 0.197,
        "Normalized EBITDA": 65958000.0,
        "Net Income From Continuing Operation Net Minority Interest": 9173000.0,
        "Reconciled Depreciation": 35897000.0,
        "Reconciled Cost Of Revenue": 38879000.0,
        "EBITDA": 65958000.0,
        "EBIT": 30061000.0,
        "Net Interest Income": -18637000.0,
        "Normalized Income": 9173000.0,
        "Net Income From Continuing And Discontinued Operation": 9173000.0,
        "Total Expenses": 161129000.0,
        "Total Operating Income As Reported": 30061000.0,
        "Diluted Average Shares": 87130000.0,
        "Basic Average Shares": 84515000.0,
        "Diluted EPS": 0.11,
        "Basic EPS": 0.11,
        "Diluted NI Availto Com Stockholders": 9173000.0,
        "Net Income Common Stockholders": 9173000.0,
        "Net Income": 9173000.0,
        "Net Income Including Noncontrolling Interests": 9173000.0,
        "Net Income Continuous Operations": 9173000.0,
        "Tax Provision": 2251000.0,
        "Pretax Income": 11424000.0,
        "Net Non Operating Interest Income Expense": -18637000.0,
        "Total Other Finance Cost": 18637000.0,
        "Operating Income": 30061000.0,
        "Operating Expense": 122250000.0,
        "Other Operating Expenses": 66367000.0,
        "Depreciation Amortization Depletion Income Statement": 35897000.0,
        "Depreciation And Amortization In Income Statement": 35897000.0,
        "Amortization": 16170000.0,
        "Amortization Of Intangibles Income Statement": 16170000.0,
        "Depreciation Income Statement": 19727000.0,
        "Research And Development": 19986000.0,
        "Gross Profit": 152311000.0,
        "Cost Of Revenue": 38879000.0,
        "Total Revenue": 191190000.0,
        "Operating Revenue": 191190000.0
    },
    "2024-09-30": {
        "Tax Effect Of Unusual Items": 0.0,
        "Tax Rate For Calcs": 0.21,
        "Normalized EBITDA": 55724000.0,
        "Net Income From Continuing Operation Net Minority Interest": -2574000.0,
        "Reconciled Depreciation": 44295000.0,
        "Reconciled Cost Of Revenue": 40925000.0,
        "EBITDA": 55724000.0,
        "EBIT": 11429000.0,
        "Net Interest Income": -18623000.0,
        "Normalized Income": -2574000.0,
        "Net Income From Continuing And Discontinued Operation": -2574000.0,
        "Total Expenses": 176422000.0,
        "Total Operating Income As Reported": 11429000.0,
        "Diluted Average Shares": 85525000.0,
        "Basic Average Shares": 85525000.0,
        "Diluted EPS": -0.03,
        "Basic EPS": -0.03,
        "Diluted NI Availto Com Stockholders": -2574000.0,
        "Net Income Common Stockholders": -2574000.0,
        "Net Income": -2574000.0,
        "Net Income Including Noncontrolling Interests": -2574000.0,
        "Net Income Continuous Operations": -2574000.0,
        "Tax Provision": -4620000.0,
        "Pretax Income": -7194000.0,
        "Net Non Operating Interest Income Expense": -18623000.0,
        "Total Other Finance Cost": 18623000.0,
        "Operating Income": 11429000.0,
        "Operating Expense": 135497000.0,
        "Other Operating Expenses": 72745000.0,
        "Depreciation Amortization Depletion Income Statement": 44295000.0,
        "Depreciation And Amortization In Income Statement": 44295000.0,
        "Amortization": 16096000.0,
        "Amortization Of Intangibles Income Statement": 16096000.0,
        "Depreciation Income Statement": 28199000.0,
        "Research And Development": 18457000.0,
        "Gross Profit": 146926000.0,
        "Cost Of Revenue": 40925000.0,
        "Total Revenue": 187851000.0,
        "Operating Revenue": 187851000.0
    },
    "2024-12-31": {
        "Tax Effect Of Unusual Items": 0.0,
        "Tax Rate For Calcs": 0.324059,
        "Normalized EBITDA": 61247000.0,
        "Net Income From Continuing Operation Net Minority Interest": 3863000.0,
        "Reconciled Depreciation": 38304000.0,
        "Reconciled Cost Of Revenue": 41817000.0,
        "EBITDA": 61247000.0,
        "EBIT": 22943000.0,
        "Net Interest Income": -17228000.0,
        "Normalized Income": 3863000.0,
        "Net Income From Continuing And Discontinued Operation": 3863000.0,
        "Total Expenses": 166573000.0,
        "Total Operating Income As Reported": 22943000.0,
        "Diluted Average Shares": NaN,
        "Basic Average Shares": NaN,
        "Diluted EPS": NaN,
        "Basic EPS": NaN,
        "Diluted NI Availto Com Stockholders": 3863000.0,
        "Net Income Common Stockholders": 3863000.0,
        "Net Income": 3863000.0,
        "Net Income Including Noncontrolling Interests": 3863000.0,
        "Net Income Continuous Operations": 3863000.0,
        "Tax Provision": 1852000.0,
        "Pretax Income": 5715000.0,
        "Net Non Operating Interest Income Expense": -17228000.0,
        "Total Other Finance Cost": 17228000.0,
        "Operating Income": 22943000.0,
        "Operating Expense": 124756000.0,
        "Other Operating Expenses": 66893000.0,
        "Depreciation Amortization Depletion Income Statement": 38304000.0,
        "Depreciation And Amortization In Income Statement": 38304000.0,
        "Amortization": 16545000.0,
        "Amortization Of Intangibles Income Statement": 16545000.0,
        "Depreciation Income Statement": 21759000.0,
        "Research And Development": 19559000.0,
        "Gross Profit": 147699000.0,
        "Cost Of Revenue": 41817000.0,
        "Total Revenue": 189516000.0,
        "Operating Revenue": 189516000.0
    }
}