{
    "2023-06-30": {
        "Tax Effect Of Unusual Items": 63270.0,
        "Tax Rate For Calcs": 0.19,
        "Normalized EBITDA": 62272000.0,
        "Total Unusual Items": 333000.0,
        "Total Unusual Items Excluding Goodwill": 333000.0,
        "Net Income From Continuing Operation Net Minority Interest": 28155000.0,
        "Reconciled Depreciation": 20703000.0,
        "Reconciled Cost Of Revenue": 82078000.0,
        "EBITDA": 62605000.0,
        "EBIT": 40276000.0,
        "Net Interest Income": -3537000.0,
        "Interest Expense": 5640000.0,
        "Interest Income": 2103000.0,
        "Normalized Income": 27885270.0,
        "Net Income From Continuing And Discontinued Operation": 28155000.0,
        "Total Expenses": 132303000.0,
        "Total Operating Income As Reported": 34773000.0,
        "Diluted Average Shares": 65510091.0,
        "Basic Average Shares": 65046328.0,
        "Diluted EPS": 0.43,
        "Basic EPS": 0.43,
        "Diluted NI Availto Com Stockholders": 28155000.0,
        "Net Income Common Stockholders": 28155000.0,
        "Net Income": 28155000.0,
        "Minority Interests": 105000.0,
        "Net Income Including Noncontrolling Interests": 28050000.0,
        "Net Income Continuous Operations": 28050000.0,
        "Tax Provision": 6586000.0,
        "Pretax Income": 34636000.0,
        "Other Income Expense": 3400000.0,
        "Other Non Operating Income Expenses": 1591000.0,
        "Special Income Charges": NaN,
        "Gain On Sale Of Business": NaN,
        "Earnings From Equity Interest": 1476000.0,
        "Gain On Sale Of Security": 333000.0,
        "Net Non Operating Interest Income Expense": -3537000.0,
        "Interest Expense Non Operating": 5640000.0,
        "Interest Income Non Operating": 2103000.0,
        "Operating Income": 34773000.0,
        "Operating Expense": 51851000.0,
        "Depreciation Amortization Depletion Income Statement": 22329000.0,
        "Depreciation And Amortization In Income Statement": 22329000.0,
        "Selling General And Administration": 29522000.0,
        "Gross Profit": 86624000.0,
        "Cost Of Revenue": 80452000.0,
        "Total Revenue": 167076000.0,
        "Operating Revenue": 167076000.0
    },
    "2023-03-31": {
        "Tax Effect Of Unusual Items": -418304.0,
        "Tax Rate For Calcs": 0.086,
        "Normalized EBITDA": 64446000.0,
        "Total Unusual Items": -4864000.0,
        "Total Unusual Items Excluding Goodwill": -4864000.0,
        "Net Income From Continuing Operation Net Minority Interest": 30052000.0,
        "Reconciled Depreciation": 21058000.0,
        "Reconciled Cost Of Revenue": 74791000.0,
        "EBITDA": 59582000.0,
        "EBIT": 38524000.0,
        "Net Interest Income": -4510000.0,
        "Interest Expense": 5643000.0,
        "Interest Income": 1133000.0,
        "Normalized Income": 34497696.0,
        "Net Income From Continuing And Discontinued Operation": 30052000.0,
        "Total Expenses": 119724000.0,
        "Total Operating Income As Reported": 40090000.0,
        "Diluted Average Shares": 65608618.0,
        "Basic Average Shares": 64968298.0,
        "Diluted EPS": 0.46,
        "Basic EPS": 0.46,
        "Diluted NI Availto Com Stockholders": 30052000.0,
        "Net Income Common Stockholders": 30052000.0,
        "Net Income": 30052000.0,
        "Minority Interests": -11000.0,
        "Net Income Including Noncontrolling Interests": 30063000.0,
        "Net Income Continuous Operations": 30063000.0,
        "Tax Provision": 2818000.0,
        "Pretax Income": 32881000.0,
        "Other Income Expense": -2699000.0,
        "Other Non Operating Income Expenses": 1010000.0,
        "Special Income Charges": NaN,
        "Gain On Sale Of Business": NaN,
        "Earnings From Equity Interest": 1155000.0,
        "Gain On Sale Of Security": -4864000.0,
        "Net Non Operating Interest Income Expense": -4510000.0,
        "Interest Expense Non Operating": 5643000.0,
        "Interest Income Non Operating": 1133000.0,
        "Operating Income": 40090000.0,
        "Operating Expense": 43307000.0,
        "Depreciation Amortization Depletion Income Statement": 19432000.0,
        "Depreciation And Amortization In Income Statement": 19432000.0,
        "Selling General And Administration": 23875000.0,
        "Gross Profit": 83397000.0,
        "Cost Of Revenue": 76417000.0,
        "Total Revenue": 159814000.0,
        "Operating Revenue": 159814000.0
    },
    "2022-12-31": {
        "Tax Effect Of Unusual Items": NaN,
        "Tax Rate For Calcs": NaN,
        "Normalized EBITDA": NaN,
        "Total Unusual Items": NaN,
        "Total Unusual Items Excluding Goodwill": NaN,
        "Net Income From Continuing Operation Net Minority Interest": NaN,
        "Reconciled Depreciation": NaN,
        "Reconciled Cost Of Revenue": NaN,
        "EBITDA": NaN,
        "EBIT": NaN,
        "Net Interest Income": NaN,
        "Interest Expense": NaN,
        "Interest Income": NaN,
        "Normalized Income": NaN,
        "Net Income From Continuing And Discontinued Operation": NaN,
        "Total Expenses": NaN,
        "Total Operating Income As Reported": NaN,
        "Diluted Average Shares": NaN,
        "Basic Average Shares": NaN,
        "Diluted EPS": NaN,
        "Basic EPS": NaN,
        "Diluted NI Availto Com Stockholders": NaN,
        "Net Income Common Stockholders": NaN,
        "Net Income": NaN,
        "Minority Interests": NaN,
        "Net Income Including Noncontrolling Interests": NaN,
        "Net Income Continuous Operations": NaN,
        "Tax Provision": NaN,
        "Pretax Income": NaN,
        "Other Income Expense": NaN,
        "Other Non Operating Income Expenses": NaN,
        "Special Income Charges": 0.0,
        "Gain On Sale Of Business": 0.0,
        "Earnings From Equity Interest": NaN,
        "Gain On Sale Of Security": NaN,
        "Net Non Operating Interest Income Expense": NaN,
        "Interest Expense Non Operating": NaN,
        "Interest Income Non Operating": NaN,
        "Operating Income": NaN,
        "Operating Expense": NaN,
        "Depreciation Amortization Depletion Income Statement": NaN,
        "Depreciation And Amortization In Income Statement": NaN,
        "Selling General And Administration": NaN,
        "Gross Profit": NaN,
        "Cost Of Revenue": NaN,
        "Total Revenue": NaN,
        "Operating Revenue": NaN
    },
    "2022-09-30": {
        "Tax Effect Of Unusual Items": NaN,
        "Tax Rate For Calcs": NaN,
        "Normalized EBITDA": NaN,
        "Total Unusual Items": NaN,
        "Total Unusual Items Excluding Goodwill": NaN,
        "Net Income From Continuing Operation Net Minority Interest": NaN,
        "Reconciled Depreciation": NaN,
        "Reconciled Cost Of Revenue": NaN,
        "EBITDA": NaN,
        "EBIT": NaN,
        "Net Interest Income": NaN,
        "Interest Expense": NaN,
        "Interest Income": NaN,
        "Normalized Income": NaN,
        "Net Income From Continuing And Discontinued Operation": NaN,
        "Total Expenses": NaN,
        "Total Operating Income As Reported": NaN,
        "Diluted Average Shares": NaN,
        "Basic Average Shares": NaN,
        "Diluted EPS": NaN,
        "Basic EPS": NaN,
        "Diluted NI Availto Com Stockholders": NaN,
        "Net Income Common Stockholders": NaN,
        "Net Income": NaN,
        "Minority Interests": NaN,
        "Net Income Including Noncontrolling Interests": NaN,
        "Net Income Continuous Operations": NaN,
        "Tax Provision": NaN,
        "Pretax Income": NaN,
        "Other Income Expense": NaN,
        "Other Non Operating Income Expenses": NaN,
        "Special Income Charges": 135642000.0,
        "Gain On Sale Of Business": 135642000.0,
        "Earnings From Equity Interest": NaN,
        "Gain On Sale Of Security": NaN,
        "Net Non Operating Interest Income Expense": NaN,
        "Interest Expense Non Operating": NaN,
        "Interest Income Non Operating": NaN,
        "Operating Income": NaN,
        "Operating Expense": NaN,
        "Depreciation Amortization Depletion Income Statement": NaN,
        "Depreciation And Amortization In Income Statement": NaN,
        "Selling General And Administration": NaN,
        "Gross Profit": NaN,
        "Cost Of Revenue": NaN,
        "Total Revenue": NaN,
        "Operating Revenue": NaN
    },
    "2022-06-30": {
        "Tax Effect Of Unusual Items": 0.0,
        "Tax Rate For Calcs": 0.186,
        "Normalized EBITDA": 66736000.0,
        "Total Unusual Items": NaN,
        "Total Unusual Items Excluding Goodwill": NaN,
        "Net Income From Continuing Operation Net Minority Interest": 33589000.0,
        "Reconciled Depreciation": 19560000.0,
        "Reconciled Cost Of Revenue": 74313000.0,
        "EBITDA": 66736000.0,
        "EBIT": 47176000.0,
        "Net Interest Income": -5127000.0,
        "Interest Expense": 5932000.0,
        "Interest Income": 805000.0,
        "Normalized Income": 33589000.0,
        "Net Income From Continuing And Discontinued Operation": 33589000.0,
        "Total Expenses": 113924000.0,
        "Total Operating Income As Reported": 46647000.0,
        "Diluted Average Shares": 72149949.0,
        "Basic Average Shares": 71476850.0,
        "Diluted EPS": 0.47,
        "Basic EPS": 0.47,
        "Diluted NI Availto Com Stockholders": 33589000.0,
        "Net Income Common Stockholders": 33589000.0,
        "Net Income": 33589000.0,
        "Minority Interests": 33000.0,
        "Net Income Including Noncontrolling Interests": 33556000.0,
        "Net Income Continuous Operations": 33556000.0,
        "Tax Provision": 7688000.0,
        "Pretax Income": 41244000.0,
        "Other Income Expense": -276000.0,
        "Other Non Operating Income Expenses": -1138000.0,
        "Special Income Charges": NaN,
        "Gain On Sale Of Business": NaN,
        "Earnings From Equity Interest": 862000.0,
        "Gain On Sale Of Security": NaN,
        "Net Non Operating Interest Income Expense": -5127000.0,
        "Interest Expense Non Operating": 5932000.0,
        "Interest Income Non Operating": 805000.0,
        "Operating Income": 46647000.0,
        "Operating Expense": 39611000.0,
        "Depreciation Amortization Depletion Income Statement": 19560000.0,
        "Depreciation And Amortization In Income Statement": 19560000.0,
        "Selling General And Administration": 20051000.0,
        "Gross Profit": 86258000.0,
        "Cost Of Revenue": 74313000.0,
        "Total Revenue": 160571000.0,
        "Operating Revenue": 160571000.0
    },
    "2022-03-31": {
        "Diluted EPS": 0.53,
        "Total Revenue": 150,
        "Gross Profit": 86,
        "Operating Income": 46,
        "EBIT": 67,
        "Net Income": 39
    },
    "2021-12-31": {
        "Diluted EPS": 0.56,
        "Total Revenue": 155,
        "Gross Profit": 87,
        "Operating Income": 50,
        "EBIT": 71,
        "Net Income": 41
    },
    "2021-09-30": {
        "Diluted EPS": 0.48,
        "Total Revenue": 146,
        "Gross Profit": 83,
        "Operating Income": 47,
        "EBIT": 68,
        "Net Income": 35
    },
    "2021-06-30": {
        "Diluted EPS": 0.68,
        "Total Revenue": 149,
        "Gross Profit": 90,
        "Operating Income": 54,
        "EBIT": 75,
        "Net Income": 49
    },
    "2021-03-31": {
        "Diluted EPS": 0.49,
        "Total Revenue": 140,
        "Gross Profit": 80,
        "Operating Income": 45,
        "EBIT": 66,
        "Net Income": 36
    },
    "2020-12-31": {
        "Diluted EPS": 0.45,
        "Total Revenue": 134,
        "Gross Profit": 76,
        "Operating Income": 39,
        "EBIT": 59,
        "Net Income": 32
    },
    "2020-09-30": {
        "Diluted EPS": 0.47,
        "Total Revenue": 137,
        "Gross Profit": 79,
        "Operating Income": 44,
        "EBIT": 64,
        "Net Income": 34
    },
    "2020-06-30": {
        "Diluted EPS": 0.21,
        "Total Revenue": 118,
        "Gross Profit": 61,
        "Operating Income": 26,
        "EBIT": 46,
        "Net Income": 15
    },
    "2020-03-31": {
        "Diluted EPS": 0.3,
        "Total Revenue": 122,
        "Gross Profit": 68,
        "Operating Income": 33,
        "EBIT": 52,
        "Net Income": 22
    },
    "2019-12-31": {
        "Diluted EPS": 0.34,
        "Total Revenue": 127,
        "Gross Profit": 68,
        "Operating Income": 35,
        "EBIT": 56,
        "Net Income": 25
    },
    "2019-09-30": {
        "Diluted EPS": 0.34,
        "Total Revenue": 119,
        "Gross Profit": 67,
        "Operating Income": 35,
        "EBIT": 53,
        "Net Income": 25
    },
    "2019-06-30": {
        "Diluted EPS": 0.37,
        "Total Revenue": 123,
        "Gross Profit": 70,
        "Operating Income": 38,
        "EBIT": 57,
        "Net Income": 27
    },
    "2019-03-31": {
        "Diluted EPS": 0.36,
        "Total Revenue": 119,
        "Gross Profit": 69,
        "Operating Income": 37,
        "EBIT": 56,
        "Net Income": 27
    },
    "2018-12-31": {
        "Diluted EPS": 0.27,
        "Total Revenue": 118,
        "Gross Profit": 67,
        "Operating Income": 29,
        "EBIT": 45,
        "Net Income": 20
    },
    "2018-09-30": {
        "Diluted EPS": 0.31,
        "Total Revenue": 112,
        "Gross Profit": 63,
        "Operating Income": 32,
        "EBIT": 49,
        "Net Income": 23
    },
    "2018-06-30": {
        "Diluted EPS": 0.27,
        "Total Revenue": 113,
        "Gross Profit": 64,
        "Operating Income": 31,
        "EBIT": 47,
        "Net Income": 20
    },
    "2018-03-31": {
        "Diluted EPS": 0.31,
        "Total Revenue": 110,
        "Gross Profit": 63,
        "Operating Income": 34,
        "EBIT": 51,
        "Net Income": 23
    },
    "2017-12-31": {
        "Diluted EPS": 0.1,
        "Total Revenue": 100,
        "Gross Profit": 49,
        "Operating Income": 17,
        "EBIT": 34,
        "Net Income": 6
    },
    "2017-09-30": {
        "Diluted EPS": 0.08,
        "Total Revenue": 103,
        "Gross Profit": 40,
        "Operating Income": 9,
        "EBIT": 27,
        "Net Income": 6
    },
    "2017-06-30": {
        "Diluted EPS": 0.27,
        "Total Revenue": 104,
        "Gross Profit": 60,
        "Operating Income": 30,
        "EBIT": 47,
        "Net Income": 20
    },
    "2017-03-31": {
        "Diluted EPS": 0.31,
        "Total Revenue": 101,
        "Gross Profit": 57,
        "Operating Income": 31,
        "EBIT": 48,
        "Net Income": 23
    },
    "2016-12-31": {
        "Diluted EPS": 0.22,
        "Total Revenue": 102,
        "Gross Profit": 53,
        "Operating Income": 25,
        "EBIT": 42,
        "Net Income": 16
    },
    "2016-09-30": {
        "Diluted EPS": 0.26,
        "Total Revenue": 94,
        "Gross Profit": 53,
        "Operating Income": 27,
        "EBIT": 43,
        "Net Income": 20
    },
    "2016-06-30": {
        "Diluted EPS": 0.27,
        "Total Revenue": 98,
        "Gross Profit": 56,
        "Operating Income": 28,
        "EBIT": 44,
        "Net Income": 20
    },
    "2016-03-31": {
        "Diluted EPS": 0.26,
        "Total Revenue": 95,
        "Gross Profit": 52,
        "Operating Income": 27,
        "EBIT": 42,
        "Net Income": 19
    },
    "2015-12-31": {
        "Diluted EPS": 0.29,
        "Total Revenue": 96,
        "Gross Profit": 53,
        "Operating Income": 27,
        "EBIT": 43,
        "Net Income": 22
    },
    "2015-09-30": {
        "Diluted EPS": 0.33,
        "Total Revenue": 93,
        "Gross Profit": 49,
        "Operating Income": 21,
        "EBIT": 39,
        "Net Income": 25
    },
    "2015-06-30": {
        "Diluted EPS": 0.25,
        "Total Revenue": 93,
        "Gross Profit": 52,
        "Operating Income": 27,
        "EBIT": 44,
        "Net Income": 20
    },
    "2015-03-31": {
        "Diluted EPS": 0.24,
        "Total Revenue": 91,
        "Gross Profit": 52,
        "Operating Income": 27,
        "EBIT": 45,
        "Net Income": 19
    },
    "2014-12-31": {
        "Diluted EPS": 0.15,
        "Total Revenue": 94,
        "Gross Profit": 52,
        "Operating Income": 20,
        "EBIT": 38,
        "Net Income": 11
    },
    "2014-09-30": {
        "Diluted EPS": 0.24,
        "Total Revenue": 89,
        "Gross Profit": 50,
        "Operating Income": 26,
        "EBIT": 44,
        "Net Income": 19
    },
    "2014-06-30": {
        "Diluted EPS": 0.22,
        "Total Revenue": 91,
        "Gross Profit": 52,
        "Operating Income": 25,
        "EBIT": 43,
        "Net Income": 18
    },
    "2014-03-31": {
        "Diluted EPS": 0.23,
        "Total Revenue": 87,
        "Gross Profit": 50,
        "Operating Income": 25,
        "EBIT": 42,
        "Net Income": 18
    },
    "2013-12-31": {
        "Diluted EPS": 0.23,
        "Total Revenue": 94,
        "Gross Profit": 53,
        "Operating Income": 27,
        "EBIT": 45,
        "Net Income": 18
    },
    "2013-09-30": {
        "Diluted EPS": 0.18,
        "Total Revenue": 87,
        "Gross Profit": 49,
        "Operating Income": 22,
        "EBIT": 40,
        "Net Income": 15
    },
    "2013-06-30": {
        "Diluted EPS": -0.82,
        "Total Revenue": 89,
        "Gross Profit": 47,
        "Operating Income": 17,
        "EBIT": 36,
        "Net Income": -65
    },
    "2013-03-31": {
        "Diluted EPS": 0.07,
        "Total Revenue": 87,
        "Gross Profit": 47,
        "Operating Income": 20,
        "EBIT": 39,
        "Net Income": 5
    },
    "2012-12-31": {
        "Diluted EPS": 0.96,
        "Total Revenue": 91,
        "Gross Profit": 50,
        "Operating Income": 25,
        "EBIT": 44,
        "Net Income": 74
    },
    "2012-09-30": {
        "Diluted EPS": 0.03,
        "Total Revenue": 84,
        "Gross Profit": 43,
        "Operating Income": 18,
        "EBIT": 37,
        "Net Income": 2
    },
    "2012-06-30": {
        "Diluted EPS": -0.03,
        "Total Revenue": 84,
        "Gross Profit": 45,
        "Operating Income": 18,
        "EBIT": 37,
        "Net Income": -2
    },
    "2012-03-31": {
        "Diluted EPS": 0.05,
        "Total Revenue": 82,
        "Gross Profit": 45,
        "Operating Income": 18,
        "EBIT": 36,
        "Net Income": 4
    },
    "2011-12-31": {
        "Diluted EPS": 0.0,
        "Total Revenue": NaN,
        "Gross Profit": NaN,
        "Operating Income": NaN,
        "EBIT": NaN,
        "Net Income": NaN
    },
    "2023-09-30": {
        "Tax Effect Of Unusual Items": NaN,
        "Tax Rate For Calcs": NaN,
        "Normalized EBITDA": NaN,
        "Total Unusual Items": NaN,
        "Total Unusual Items Excluding Goodwill": NaN,
        "Net Income From Continuing Operation Net Minority Interest": NaN,
        "Reconciled Depreciation": NaN,
        "Reconciled Cost Of Revenue": NaN,
        "EBITDA": NaN,
        "EBIT": NaN,
        "Net Interest Income": NaN,
        "Interest Expense": NaN,
        "Interest Income": NaN,
        "Normalized Income": NaN,
        "Net Income From Continuing And Discontinued Operation": NaN,
        "Total Expenses": NaN,
        "Total Operating Income As Reported": NaN,
        "Diluted Average Shares": NaN,
        "Basic Average Shares": NaN,
        "Diluted EPS": NaN,
        "Basic EPS": NaN,
        "Diluted NI Availto Com Stockholders": NaN,
        "Net Income Common Stockholders": NaN,
        "Net Income": NaN,
        "Minority Interests": NaN,
        "Net Income Including Noncontrolling Interests": NaN,
        "Net Income Continuous Operations": NaN,
        "Tax Provision": NaN,
        "Pretax Income": NaN,
        "Other Income Expense": NaN,
        "Other Non Operating Income Expenses": NaN,
        "Special Income Charges": 0.0,
        "Gain On Sale Of Business": 0.0,
        "Earnings From Equity Interest": NaN,
        "Gain On Sale Of Security": NaN,
        "Net Non Operating Interest Income Expense": NaN,
        "Interest Expense Non Operating": NaN,
        "Interest Income Non Operating": NaN,
        "Operating Income": NaN,
        "Operating Expense": NaN,
        "Depreciation Amortization Depletion Income Statement": NaN,
        "Depreciation And Amortization In Income Statement": NaN,
        "Selling General And Administration": NaN,
        "Gross Profit": NaN,
        "Cost Of Revenue": NaN,
        "Total Revenue": NaN,
        "Operating Revenue": NaN
    },
    "2023-12-31": {
        "Tax Effect Of Unusual Items": NaN,
        "Tax Rate For Calcs": NaN,
        "Normalized EBITDA": NaN,
        "Total Unusual Items": NaN,
        "Total Unusual Items Excluding Goodwill": NaN,
        "Net Income From Continuing Operation Net Minority Interest": NaN,
        "Reconciled Depreciation": NaN,
        "Reconciled Cost Of Revenue": NaN,
        "EBITDA": NaN,
        "EBIT": NaN,
        "Net Interest Income": NaN,
        "Interest Expense": NaN,
        "Interest Income": NaN,
        "Normalized Income": NaN,
        "Net Income From Continuing And Discontinued Operation": NaN,
        "Total Expenses": NaN,
        "Total Operating Income As Reported": NaN,
        "Diluted Average Shares": NaN,
        "Basic Average Shares": NaN,
        "Diluted EPS": NaN,
        "Basic EPS": NaN,
        "Diluted NI Availto Com Stockholders": NaN,
        "Net Income Common Stockholders": NaN,
        "Net Income": NaN,
        "Minority Interests": NaN,
        "Net Income Including Noncontrolling Interests": NaN,
        "Net Income Continuous Operations": NaN,
        "Tax Provision": NaN,
        "Pretax Income": NaN,
        "Other Income Expense": NaN,
        "Other Non Operating Income Expenses": NaN,
        "Special Income Charges": 0.0,
        "Gain On Sale Of Business": 0.0,
        "Earnings From Equity Interest": NaN,
        "Gain On Sale Of Security": NaN,
        "Net Non Operating Interest Income Expense": NaN,
        "Interest Expense Non Operating": NaN,
        "Interest Income Non Operating": NaN,
        "Operating Income": NaN,
        "Operating Expense": NaN,
        "Depreciation Amortization Depletion Income Statement": NaN,
        "Depreciation And Amortization In Income Statement": NaN,
        "Selling General And Administration": NaN,
        "Gross Profit": NaN,
        "Cost Of Revenue": NaN,
        "Total Revenue": NaN,
        "Operating Revenue": NaN
    },
    "2024-03-31": {
        "Tax Effect Of Unusual Items": -78011.39157,
        "Tax Rate For Calcs": 0.017507,
        "Normalized EBITDA": 77325000.0,
        "Total Unusual Items": -4456000.0,
        "Total Unusual Items Excluding Goodwill": -4456000.0,
        "Net Income From Continuing Operation Net Minority Interest": 15979000.0,
        "Reconciled Depreciation": 36251000.0,
        "Reconciled Cost Of Revenue": 100638000.0,
        "EBITDA": 72869000.0,
        "EBIT": 36618000.0,
        "Net Interest Income": -16579000.0,
        "Interest Expense": 19939000.0,
        "Interest Income": 3360000.0,
        "Normalized Income": 20356988.60843,
        "Net Income From Continuing And Discontinued Operation": 15979000.0,
        "Total Expenses": 172515000.0,
        "Total Operating Income As Reported": 32803000.0,
        "Diluted Average Shares": 66336679.0,
        "Basic Average Shares": 65179965.0,
        "Diluted EPS": 0.24,
        "Basic EPS": 0.25,
        "Diluted NI Availto Com Stockholders": 15979000.0,
        "Net Income Common Stockholders": 15979000.0,
        "Net Income": 15979000.0,
        "Minority Interests": -408000.0,
        "Net Income Including Noncontrolling Interests": 16387000.0,
        "Net Income Continuous Operations": 16387000.0,
        "Tax Provision": 292000.0,
        "Pretax Income": 16679000.0,
        "Other Income Expense": 455000.0,
        "Other Non Operating Income Expenses": 3840000.0,
        "Special Income Charges": NaN,
        "Gain On Sale Of Business": NaN,
        "Earnings From Equity Interest": 1071000.0,
        "Gain On Sale Of Security": -4456000.0,
        "Net Non Operating Interest Income Expense": -16579000.0,
        "Interest Expense Non Operating": 19939000.0,
        "Interest Income Non Operating": 3360000.0,
        "Operating Income": 32803000.0,
        "Operating Expense": 70067000.0,
        "Depreciation Amortization Depletion Income Statement": 34441000.0,
        "Depreciation And Amortization In Income Statement": 34441000.0,
        "Selling General And Administration": 35626000.0,
        "Gross Profit": 102870000.0,
        "Cost Of Revenue": 102448000.0,
        "Total Revenue": 205318000.0,
        "Operating Revenue": 205318000.0
    },
    "2024-06-30": {
        "Tax Effect Of Unusual Items": 79332.0,
        "Tax Rate For Calcs": 0.033,
        "Normalized EBITDA": 84634000.0,
        "Total Unusual Items": 2404000.0,
        "Total Unusual Items Excluding Goodwill": 2404000.0,
        "Net Income From Continuing Operation Net Minority Interest": 31901000.0,
        "Reconciled Depreciation": 34705000.0,
        "Reconciled Cost Of Revenue": 95726000.0,
        "EBITDA": 87038000.0,
        "EBIT": 52333000.0,
        "Net Interest Income": -15491000.0,
        "Interest Expense": 18709000.0,
        "Interest Income": 3218000.0,
        "Normalized Income": 29576332.0,
        "Net Income From Continuing And Discontinued Operation": 31901000.0,
        "Total Expenses": 168618000.0,
        "Total Operating Income As Reported": 43360000.0,
        "Diluted Average Shares": 65150744.0,
        "Basic Average Shares": 64420756.0,
        "Diluted EPS": 0.49,
        "Basic EPS": 0.5,
        "Diluted NI Availto Com Stockholders": 31901000.0,
        "Net Income Common Stockholders": 31901000.0,
        "Net Income": 31901000.0,
        "Minority Interests": -622000.0,
        "Net Income Including Noncontrolling Interests": 32523000.0,
        "Net Income Continuous Operations": 32523000.0,
        "Tax Provision": 1101000.0,
        "Pretax Income": 33624000.0,
        "Other Income Expense": 5755000.0,
        "Other Non Operating Income Expenses": 2255000.0,
        "Special Income Charges": NaN,
        "Gain On Sale Of Business": NaN,
        "Earnings From Equity Interest": 1096000.0,
        "Gain On Sale Of Security": 2404000.0,
        "Net Non Operating Interest Income Expense": -15491000.0,
        "Interest Expense Non Operating": 18709000.0,
        "Interest Income Non Operating": 3218000.0,
        "Operating Income": 43360000.0,
        "Operating Expense": 71137000.0,
        "Depreciation Amortization Depletion Income Statement": 32950000.0,
        "Depreciation And Amortization In Income Statement": 32950000.0,
        "Selling General And Administration": 38187000.0,
        "Gross Profit": 114497000.0,
        "Cost Of Revenue": 97481000.0,
        "Total Revenue": 211978000.0,
        "Operating Revenue": 211978000.0
    },
    "2024-09-30": {
        "Tax Effect Of Unusual Items": -70056.0,
        "Tax Rate For Calcs": 0.063,
        "Normalized EBITDA": 80385000.0,
        "Total Unusual Items": -1112000.0,
        "Total Unusual Items Excluding Goodwill": -1112000.0,
        "Net Income From Continuing Operation Net Minority Interest": 24678000.0,
        "Reconciled Depreciation": 30095000.0,
        "Reconciled Cost Of Revenue": 106062000.0,
        "EBITDA": 79273000.0,
        "EBIT": 45613000.0,
        "Net Interest Income": -15008000.0,
        "Interest Expense": 18704000.0,
        "Interest Income": 3696000.0,
        "Normalized Income": 25719944.0,
        "Net Income From Continuing And Discontinued Operation": 24678000.0,
        "Total Expenses": 170254000.0,
        "Total Operating Income As Reported": 41541000.0,
        "Diluted Average Shares": 64719129.0,
        "Basic Average Shares": 63944132.0,
        "Diluted EPS": 0.38,
        "Basic EPS": 0.39,
        "Diluted NI Availto Com Stockholders": 24678000.0,
        "Net Income Common Stockholders": 24678000.0,
        "Net Income": 24678000.0,
        "Minority Interests": -524000.0,
        "Net Income Including Noncontrolling Interests": 25202000.0,
        "Net Income Continuous Operations": 25202000.0,
        "Tax Provision": 1707000.0,
        "Pretax Income": 26909000.0,
        "Other Income Expense": 376000.0,
        "Other Non Operating Income Expenses": 389000.0,
        "Special Income Charges": NaN,
        "Gain On Sale Of Business": NaN,
        "Earnings From Equity Interest": 1099000.0,
        "Gain On Sale Of Security": -1112000.0,
        "Net Non Operating Interest Income Expense": -15008000.0,
        "Interest Expense Non Operating": 18704000.0,
        "Interest Income Non Operating": 3696000.0,
        "Operating Income": 41541000.0,
        "Operating Expense": 67757000.0,
        "Depreciation Amortization Depletion Income Statement": 33660000.0,
        "Depreciation And Amortization In Income Statement": 33660000.0,
        "Selling General And Administration": 34097000.0,
        "Gross Profit": 109298000.0,
        "Cost Of Revenue": 102497000.0,
        "Total Revenue": 211795000.0,
        "Operating Revenue": 211795000.0
    },
    "2024-12-31": {
        "Tax Effect Of Unusual Items": -83778.893761,
        "Tax Rate For Calcs": 0.041189,
        "Normalized EBITDA": 88624000.0,
        "Total Unusual Items": -2034000.0,
        "Total Unusual Items Excluding Goodwill": -2034000.0,
        "Net Income From Continuing Operation Net Minority Interest": 40062000.0,
        "Reconciled Depreciation": 26795000.0,
        "Reconciled Cost Of Revenue": 103990000.0,
        "EBITDA": 86590000.0,
        "EBIT": 59795000.0,
        "Net Interest Income": -14323000.0,
        "Interest Expense": 17381000.0,
        "Interest Income": 3058000.0,
        "Normalized Income": 42012221.106239,
        "Net Income From Continuing And Discontinued Operation": 40062000.0,
        "Total Expenses": 168433000.0,
        "Total Operating Income As Reported": 47962000.0,
        "Diluted Average Shares": 64650434.0,
        "Basic Average Shares": 63613215.0,
        "Diluted EPS": 0.62,
        "Basic EPS": 0.63,
        "Diluted NI Availto Com Stockholders": 40062000.0,
        "Net Income Common Stockholders": 40062000.0,
        "Net Income": 40062000.0,
        "Minority Interests": -605000.0,
        "Net Income Including Noncontrolling Interests": 40667000.0,
        "Net Income Continuous Operations": 40667000.0,
        "Tax Provision": 1747000.0,
        "Pretax Income": 42414000.0,
        "Other Income Expense": 8775000.0,
        "Other Non Operating Income Expenses": 9777000.0,
        "Special Income Charges": NaN,
        "Gain On Sale Of Business": NaN,
        "Earnings From Equity Interest": 1032000.0,
        "Gain On Sale Of Security": -2034000.0,
        "Net Non Operating Interest Income Expense": -14323000.0,
        "Interest Expense Non Operating": 17381000.0,
        "Interest Income Non Operating": 3058000.0,
        "Operating Income": 47962000.0,
        "Operating Expense": 64443000.0,
        "Depreciation Amortization Depletion Income Statement": 26795000.0,
        "Depreciation And Amortization In Income Statement": 26795000.0,
        "Selling General And Administration": 37648000.0,
        "Gross Profit": 112405000.0,
        "Cost Of Revenue": 103990000.0,
        "Total Revenue": 216395000.0,
        "Operating Revenue": 216395000.0
    },
    "2025-03-31": {
        "Tax Effect Of Unusual Items": -92463.0,
        "Tax Rate For Calcs": 0.111,
        "Normalized EBITDA": 85257000.0,
        "Total Unusual Items": -833000.0,
        "Total Unusual Items Excluding Goodwill": -833000.0,
        "Net Income From Continuing Operation Net Minority Interest": 32703000.0,
        "Reconciled Depreciation": 30209000.0,
        "Reconciled Cost Of Revenue": 112873000.0,
        "EBITDA": 84424000.0,
        "EBIT": 54215000.0,
        "Net Interest Income": -13737000.0,
        "Interest Expense": 16988000.0,
        "Interest Income": 3251000.0,
        "Normalized Income": 33443537.0,
        "Net Income From Continuing And Discontinued Operation": 32703000.0,
        "Total Expenses": 179292000.0,
        "Total Operating Income As Reported": 49500000.0,
        "Diluted Average Shares": 64836582.0,
        "Basic Average Shares": 63737480.0,
        "Diluted EPS": 0.5,
        "Basic EPS": 0.51,
        "Diluted NI Availto Com Stockholders": 32703000.0,
        "Net Income Common Stockholders": 32703000.0,
        "Net Income": 32703000.0,
        "Minority Interests": -388000.0,
        "Net Income Including Noncontrolling Interests": 33091000.0,
        "Net Income Continuous Operations": 33091000.0,
        "Tax Provision": 4136000.0,
        "Pretax Income": 37227000.0,
        "Other Income Expense": 1464000.0,
        "Other Non Operating Income Expenses": 220000.0,
        "Special Income Charges": NaN,
        "Gain On Sale Of Business": NaN,
        "Earnings From Equity Interest": 2077000.0,
        "Gain On Sale Of Security": -833000.0,
        "Net Non Operating Interest Income Expense": -13737000.0,
        "Interest Expense Non Operating": 16988000.0,
        "Interest Income Non Operating": 3251000.0,
        "Operating Income": 49500000.0,
        "Operating Expense": 64683000.0,
        "Depreciation Amortization Depletion Income Statement": 28473000.0,
        "Depreciation And Amortization In Income Statement": 28473000.0,
        "Selling General And Administration": 36210000.0,
        "Gross Profit": 114183000.0,
        "Cost Of Revenue": 114609000.0,
        "Total Revenue": 228792000.0,
        "Operating Revenue": 228792000.0
    },
    "2025-06-30": {
        "Tax Effect Of Unusual Items": 121802.721844,
        "Tax Rate For Calcs": 0.090358,
        "Normalized EBITDA": 90509000.0,
        "Total Unusual Items": 1348000.0,
        "Total Unusual Items Excluding Goodwill": 1348000.0,
        "Net Income From Continuing Operation Net Minority Interest": 40465000.0,
        "Reconciled Depreciation": 30095000.0,
        "Reconciled Cost Of Revenue": 108274000.0,
        "EBITDA": 91857000.0,
        "EBIT": 61762000.0,
        "Net Interest Income": -13640000.0,
        "Interest Expense": 16719000.0,
        "Interest Income": 3079000.0,
        "Normalized Income": 39238802.721844,
        "Net Income From Continuing And Discontinued Operation": 40465000.0,
        "Total Expenses": 173473000.0,
        "Total Operating Income As Reported": 56134000.0,
        "Diluted Average Shares": 64870358.0,
        "Basic Average Shares": 64030322.0,
        "Diluted EPS": 0.62,
        "Basic EPS": 0.63,
        "Diluted NI Availto Com Stockholders": 40465000.0,
        "Net Income Common Stockholders": 40465000.0,
        "Net Income": 40465000.0,
        "Minority Interests": -508000.0,
        "Net Income Including Noncontrolling Interests": 40973000.0,
        "Net Income Continuous Operations": 40973000.0,
        "Tax Provision": 4070000.0,
        "Pretax Income": 45043000.0,
        "Other Income Expense": 2549000.0,
        "Other Non Operating Income Expenses": 334000.0,
        "Special Income Charges": NaN,
        "Gain On Sale Of Business": NaN,
        "Earnings From Equity Interest": 867000.0,
        "Gain On Sale Of Security": 1348000.0,
        "Net Non Operating Interest Income Expense": -13640000.0,
        "Interest Expense Non Operating": 16719000.0,
        "Interest Income Non Operating": 3079000.0,
        "Operating Income": 56134000.0,
        "Operating Expense": 63413000.0,
        "Depreciation Amortization Depletion Income Statement": 28309000.0,
        "Depreciation And Amortization In Income Statement": 28309000.0,
        "Selling General And Administration": 35104000.0,
        "Gross Profit": 119547000.0,
        "Cost Of Revenue": 110060000.0,
        "Total Revenue": 229607000.0,
        "Operating Revenue": 229607000.0
    }
}