{
    "2023-03-31": {
        "Tax Effect Of Unusual Items": NaN,
        "Tax Rate For Calcs": NaN,
        "Normalized EBITDA": NaN,
        "Total Unusual Items": 0.0,
        "Total Unusual Items Excluding Goodwill": 0.0,
        "Net Income From Continuing Operation Net Minority Interest": NaN,
        "Reconciled Depreciation": NaN,
        "Reconciled Cost Of Revenue": NaN,
        "EBITDA": NaN,
        "EBIT": NaN,
        "Net Interest Income": NaN,
        "Interest Expense": NaN,
        "Normalized Income": NaN,
        "Net Income From Continuing And Discontinued Operation": NaN,
        "Total Expenses": NaN,
        "Total Operating Income As Reported": NaN,
        "Diluted Average Shares": NaN,
        "Basic Average Shares": NaN,
        "Diluted EPS": NaN,
        "Basic EPS": NaN,
        "Diluted NI Availto Com Stockholders": NaN,
        "Net Income Common Stockholders": NaN,
        "Net Income": NaN,
        "Minority Interests": NaN,
        "Net Income Including Noncontrolling Interests": NaN,
        "Net Income Continuous Operations": NaN,
        "Tax Provision": NaN,
        "Pretax Income": NaN,
        "Other Income Expense": NaN,
        "Other Non Operating Income Expenses": NaN,
        "Special Income Charges": 0.0,
        "Gain On Sale Of Business": 0.0,
        "Net Non Operating Interest Income Expense": NaN,
        "Interest Expense Non Operating": NaN,
        "Operating Income": NaN,
        "Operating Expense": NaN,
        "Depreciation Amortization Depletion Income Statement": NaN,
        "Depreciation And Amortization In Income Statement": NaN,
        "Selling General And Administration": NaN,
        "Selling And Marketing Expense": NaN,
        "General And Administrative Expense": NaN,
        "Other Gand A": NaN,
        "Gross Profit": NaN,
        "Cost Of Revenue": NaN,
        "Total Revenue": NaN,
        "Operating Revenue": NaN
    },
    "2022-12-31": {
        "Tax Effect Of Unusual Items": NaN,
        "Tax Rate For Calcs": NaN,
        "Normalized EBITDA": NaN,
        "Total Unusual Items": NaN,
        "Total Unusual Items Excluding Goodwill": NaN,
        "Net Income From Continuing Operation Net Minority Interest": NaN,
        "Reconciled Depreciation": NaN,
        "Reconciled Cost Of Revenue": NaN,
        "EBITDA": NaN,
        "EBIT": NaN,
        "Net Interest Income": NaN,
        "Interest Expense": NaN,
        "Normalized Income": NaN,
        "Net Income From Continuing And Discontinued Operation": NaN,
        "Total Expenses": NaN,
        "Total Operating Income As Reported": NaN,
        "Diluted Average Shares": NaN,
        "Basic Average Shares": NaN,
        "Diluted EPS": NaN,
        "Basic EPS": NaN,
        "Diluted NI Availto Com Stockholders": NaN,
        "Net Income Common Stockholders": NaN,
        "Otherunder Preferred Stock Dividend": 0.0,
        "Net Income": NaN,
        "Minority Interests": NaN,
        "Net Income Including Noncontrolling Interests": NaN,
        "Net Income Continuous Operations": NaN,
        "Tax Provision": NaN,
        "Pretax Income": NaN,
        "Other Income Expense": NaN,
        "Other Non Operating Income Expenses": NaN,
        "Special Income Charges": NaN,
        "Gain On Sale Of Business": NaN,
        "Net Non Operating Interest Income Expense": NaN,
        "Interest Expense Non Operating": NaN,
        "Operating Income": NaN,
        "Operating Expense": NaN,
        "Depreciation Amortization Depletion Income Statement": NaN,
        "Depreciation And Amortization In Income Statement": NaN,
        "Selling General And Administration": NaN,
        "Selling And Marketing Expense": NaN,
        "General And Administrative Expense": NaN,
        "Other Gand A": NaN,
        "Gross Profit": NaN,
        "Cost Of Revenue": NaN,
        "Total Revenue": NaN,
        "Operating Revenue": NaN
    },
    "2022-09-30": {
        "Tax Effect Of Unusual Items": NaN,
        "Tax Rate For Calcs": NaN,
        "Normalized EBITDA": NaN,
        "Total Unusual Items": NaN,
        "Total Unusual Items Excluding Goodwill": NaN,
        "Net Income From Continuing Operation Net Minority Interest": NaN,
        "Reconciled Depreciation": NaN,
        "Reconciled Cost Of Revenue": NaN,
        "EBITDA": NaN,
        "EBIT": NaN,
        "Net Interest Income": NaN,
        "Interest Expense": NaN,
        "Normalized Income": NaN,
        "Net Income From Continuing And Discontinued Operation": NaN,
        "Total Expenses": NaN,
        "Total Operating Income As Reported": NaN,
        "Diluted Average Shares": NaN,
        "Basic Average Shares": NaN,
        "Diluted EPS": NaN,
        "Basic EPS": NaN,
        "Diluted NI Availto Com Stockholders": NaN,
        "Average Dilution Earnings": 1773000.0,
        "Net Income Common Stockholders": NaN,
        "Otherunder Preferred Stock Dividend": 0.0,
        "Net Income": NaN,
        "Minority Interests": NaN,
        "Net Income Including Noncontrolling Interests": NaN,
        "Net Income Continuous Operations": NaN,
        "Tax Provision": NaN,
        "Pretax Income": NaN,
        "Other Income Expense": NaN,
        "Other Non Operating Income Expenses": NaN,
        "Special Income Charges": NaN,
        "Gain On Sale Of Business": NaN,
        "Net Non Operating Interest Income Expense": NaN,
        "Interest Expense Non Operating": NaN,
        "Operating Income": NaN,
        "Operating Expense": NaN,
        "Depreciation Amortization Depletion Income Statement": NaN,
        "Depreciation And Amortization In Income Statement": NaN,
        "Selling General And Administration": NaN,
        "Selling And Marketing Expense": NaN,
        "General And Administrative Expense": NaN,
        "Other Gand A": NaN,
        "Gross Profit": NaN,
        "Cost Of Revenue": NaN,
        "Total Revenue": NaN,
        "Operating Revenue": NaN
    },
    "2022-06-30": {
        "Tax Effect Of Unusual Items": 0.0,
        "Tax Rate For Calcs": 0.009268,
        "Normalized EBITDA": 15185000.0,
        "Total Unusual Items": NaN,
        "Total Unusual Items Excluding Goodwill": NaN,
        "Net Income From Continuing Operation Net Minority Interest": 1256000.0,
        "Reconciled Depreciation": 5055000.0,
        "Reconciled Cost Of Revenue": 14864000.0,
        "EBITDA": 15185000.0,
        "EBIT": 10130000.0,
        "Net Interest Income": -8080000.0,
        "Interest Expense": 8080000.0,
        "Normalized Income": 1256000.0,
        "Net Income From Continuing And Discontinued Operation": 1256000.0,
        "Total Expenses": 43195000.0,
        "Total Operating Income As Reported": 10163000.0,
        "Diluted Average Shares": 38155439.0,
        "Basic Average Shares": 37911637.0,
        "Diluted EPS": 0.03,
        "Basic EPS": 0.03,
        "Diluted NI Availto Com Stockholders": 1178000.0,
        "Average Dilution Earnings": -78000.0,
        "Net Income Common Stockholders": 1256000.0,
        "Otherunder Preferred Stock Dividend": 0.0,
        "Net Income": 1256000.0,
        "Minority Interests": -775000.0,
        "Net Income Including Noncontrolling Interests": 2031000.0,
        "Net Income Continuous Operations": 2031000.0,
        "Tax Provision": 19000.0,
        "Pretax Income": 2050000.0,
        "Other Income Expense": -33000.0,
        "Other Non Operating Income Expenses": -33000.0,
        "Special Income Charges": NaN,
        "Gain On Sale Of Ppe": NaN,
        "Net Non Operating Interest Income Expense": -8080000.0,
        "Interest Expense Non Operating": 8080000.0,
        "Operating Income": 10163000.0,
        "Operating Expense": 28331000.0,
        "Depreciation Amortization Depletion Income Statement": 5055000.0,
        "Depreciation And Amortization In Income Statement": 5055000.0,
        "Selling General And Administration": 23276000.0,
        "Selling And Marketing Expense": 8049000.0,
        "General And Administrative Expense": 15227000.0,
        "Other Gand A": 15227000.0,
        "Gross Profit": 38494000.0,
        "Cost Of Revenue": 14864000.0,
        "Total Revenue": 53358000.0,
        "Operating Revenue": 50446000.0
    },
    "2022-03-31": {
        "Diluted EPS": 0.05,
        "Total Revenue": 45,
        "Gross Profit": 33,
        "Operating Income": 6,
        "EBIT": 12,
        "Net Income": 2
    },
    "2021-12-31": {
        "Diluted EPS": 0.07,
        "Total Revenue": 45,
        "Gross Profit": 33,
        "Operating Income": 6,
        "EBIT": 12,
        "Net Income": 2
    },
    "2021-09-30": {
        "Diluted EPS": -0.18,
        "Total Revenue": 49,
        "Gross Profit": 36,
        "Operating Income": 0,
        "EBIT": 5,
        "Net Income": -6
    },
    "2021-06-30": {
        "Diluted EPS": 0.0,
        "Total Revenue": 48,
        "Gross Profit": 36,
        "Operating Income": 12,
        "EBIT": 18,
        "Net Income": NaN
    },
    "2021-03-31": {
        "Diluted EPS": 0.0,
        "Total Revenue": 37,
        "Gross Profit": 27,
        "Operating Income": 6,
        "EBIT": 11,
        "Net Income": 0
    },
    "2020-12-31": {
        "Diluted EPS": 0.0,
        "Total Revenue": NaN,
        "Gross Profit": NaN,
        "Operating Income": NaN,
        "EBIT": NaN,
        "Net Income": NaN
    },
    "2020-09-30": {
        "Diluted EPS": 0.0,
        "Total Revenue": 30,
        "Gross Profit": 15,
        "Operating Income": -2,
        "EBIT": 3,
        "Net Income": 0
    },
    "2020-06-30": {
        "Diluted EPS": -0.34,
        "Total Revenue": 11,
        "Gross Profit": 7,
        "Operating Income": -7,
        "EBIT": -7,
        "Net Income": -12
    },
    "2019-12-31": {
        "Diluted EPS": 0.0,
        "Total Revenue": NaN,
        "Gross Profit": NaN,
        "Operating Income": NaN,
        "EBIT": NaN,
        "Net Income": NaN
    },
    "2023-06-30": {
        "Tax Effect Of Unusual Items": NaN,
        "Tax Rate For Calcs": NaN,
        "Normalized EBITDA": NaN,
        "Total Unusual Items": 0.0,
        "Total Unusual Items Excluding Goodwill": 0.0,
        "Net Income From Continuing Operation Net Minority Interest": NaN,
        "Reconciled Depreciation": NaN,
        "Reconciled Cost Of Revenue": NaN,
        "EBITDA": NaN,
        "EBIT": NaN,
        "Net Interest Income": NaN,
        "Interest Expense": NaN,
        "Normalized Income": NaN,
        "Net Income From Continuing And Discontinued Operation": NaN,
        "Total Expenses": NaN,
        "Total Operating Income As Reported": NaN,
        "Diluted Average Shares": NaN,
        "Basic Average Shares": NaN,
        "Diluted EPS": NaN,
        "Basic EPS": NaN,
        "Diluted NI Availto Com Stockholders": NaN,
        "Net Income Common Stockholders": NaN,
        "Net Income": NaN,
        "Minority Interests": NaN,
        "Net Income Including Noncontrolling Interests": NaN,
        "Net Income Continuous Operations": NaN,
        "Tax Provision": NaN,
        "Pretax Income": NaN,
        "Other Income Expense": NaN,
        "Other Non Operating Income Expenses": NaN,
        "Special Income Charges": 0.0,
        "Gain On Sale Of Ppe": NaN,
        "Gain On Sale Of Business": 0.0,
        "Net Non Operating Interest Income Expense": NaN,
        "Interest Expense Non Operating": NaN,
        "Operating Income": NaN,
        "Operating Expense": NaN,
        "Depreciation Amortization Depletion Income Statement": NaN,
        "Depreciation And Amortization In Income Statement": NaN,
        "Selling General And Administration": NaN,
        "Selling And Marketing Expense": NaN,
        "General And Administrative Expense": NaN,
        "Other Gand A": NaN,
        "Gross Profit": NaN,
        "Cost Of Revenue": NaN,
        "Total Revenue": NaN,
        "Operating Revenue": NaN
    },
    "2023-09-30": {
        "Tax Effect Of Unusual Items": NaN,
        "Tax Rate For Calcs": NaN,
        "Normalized EBITDA": NaN,
        "Total Unusual Items": NaN,
        "Total Unusual Items Excluding Goodwill": NaN,
        "Net Income From Continuing Operation Net Minority Interest": NaN,
        "Reconciled Depreciation": NaN,
        "Reconciled Cost Of Revenue": NaN,
        "EBITDA": NaN,
        "EBIT": NaN,
        "Net Interest Income": NaN,
        "Interest Expense": NaN,
        "Normalized Income": NaN,
        "Net Income From Continuing And Discontinued Operation": NaN,
        "Total Expenses": NaN,
        "Total Operating Income As Reported": NaN,
        "Diluted Average Shares": NaN,
        "Basic Average Shares": NaN,
        "Diluted EPS": NaN,
        "Basic EPS": NaN,
        "Diluted NI Availto Com Stockholders": NaN,
        "Net Income Common Stockholders": NaN,
        "Net Income": NaN,
        "Minority Interests": NaN,
        "Net Income Including Noncontrolling Interests": NaN,
        "Net Income Continuous Operations": NaN,
        "Tax Provision": NaN,
        "Pretax Income": NaN,
        "Other Income Expense": NaN,
        "Other Non Operating Income Expenses": NaN,
        "Special Income Charges": NaN,
        "Gain On Sale Of Ppe": 0.0,
        "Gain On Sale Of Business": NaN,
        "Net Non Operating Interest Income Expense": NaN,
        "Interest Expense Non Operating": NaN,
        "Operating Income": NaN,
        "Operating Expense": NaN,
        "Depreciation Amortization Depletion Income Statement": NaN,
        "Depreciation And Amortization In Income Statement": NaN,
        "Selling General And Administration": NaN,
        "Selling And Marketing Expense": NaN,
        "General And Administrative Expense": NaN,
        "Other Gand A": NaN,
        "Gross Profit": NaN,
        "Cost Of Revenue": NaN,
        "Total Revenue": NaN,
        "Operating Revenue": NaN
    },
    "2023-12-31": {
        "Tax Effect Of Unusual Items": 0.0,
        "Tax Rate For Calcs": 0.378378,
        "Normalized EBITDA": 17422000.0,
        "Total Unusual Items": NaN,
        "Total Unusual Items Excluding Goodwill": NaN,
        "Net Income From Continuing Operation Net Minority Interest": 2486000.0,
        "Reconciled Depreciation": 5022000.0,
        "Reconciled Cost Of Revenue": 15559000.0,
        "EBITDA": 17422000.0,
        "EBIT": 12400000.0,
        "Net Interest Income": -6591000.0,
        "Interest Expense": 6591000.0,
        "Normalized Income": 2486000.0,
        "Net Income From Continuing And Discontinued Operation": 2486000.0,
        "Total Expenses": 43574000.0,
        "Total Operating Income As Reported": 12744000.0,
        "Diluted Average Shares": 48476981.0,
        "Basic Average Shares": 48476981.0,
        "Diluted EPS": 0.049586,
        "Basic EPS": 0.049586,
        "Diluted NI Availto Com Stockholders": 2486000.0,
        "Net Income Common Stockholders": 2486000.0,
        "Net Income": 2486000.0,
        "Minority Interests": -1125000.0,
        "Net Income Including Noncontrolling Interests": 3611000.0,
        "Net Income Continuous Operations": 3611000.0,
        "Tax Provision": 2198000.0,
        "Pretax Income": 5809000.0,
        "Other Income Expense": -351000.0,
        "Other Non Operating Income Expenses": -344000.0,
        "Special Income Charges": NaN,
        "Gain On Sale Of Ppe": NaN,
        "Gain On Sale Of Business": NaN,
        "Net Non Operating Interest Income Expense": -6591000.0,
        "Interest Expense Non Operating": 6591000.0,
        "Operating Income": 12751000.0,
        "Operating Expense": 28015000.0,
        "Depreciation Amortization Depletion Income Statement": 5022000.0,
        "Depreciation And Amortization In Income Statement": 5022000.0,
        "Selling General And Administration": 22993000.0,
        "Selling And Marketing Expense": 9277000.0,
        "General And Administrative Expense": 13716000.0,
        "Other Gand A": 13716000.0,
        "Gross Profit": 40766000.0,
        "Cost Of Revenue": 15559000.0,
        "Total Revenue": 56325000.0,
        "Operating Revenue": 52947000.0
    },
    "2024-03-31": {
        "Tax Effect Of Unusual Items": 20175.092478,
        "Tax Rate For Calcs": 0.249075,
        "Normalized EBITDA": 16216000.0,
        "Total Unusual Items": 81000.0,
        "Total Unusual Items Excluding Goodwill": 81000.0,
        "Net Income From Continuing Operation Net Minority Interest": 2765000.0,
        "Reconciled Depreciation": 5095000.0,
        "Reconciled Cost Of Revenue": 13524000.0,
        "EBITDA": 16297000.0,
        "EBIT": 11202000.0,
        "Net Interest Income": -6336000.0,
        "Interest Expense": 6336000.0,
        "Normalized Income": 2704175.092478,
        "Net Income From Continuing And Discontinued Operation": 2765000.0,
        "Total Expenses": 40773000.0,
        "Total Operating Income As Reported": 11182000.0,
        "Diluted Average Shares": 48633413.0,
        "Basic Average Shares": 48555134.0,
        "Diluted EPS": 0.06,
        "Basic EPS": 0.06,
        "Diluted NI Availto Com Stockholders": 2765000.0,
        "Net Income Common Stockholders": 2765000.0,
        "Net Income": 2765000.0,
        "Minority Interests": -889000.0,
        "Net Income Including Noncontrolling Interests": 3654000.0,
        "Net Income Continuous Operations": 3654000.0,
        "Tax Provision": 1212000.0,
        "Pretax Income": 4866000.0,
        "Other Income Expense": 101000.0,
        "Other Non Operating Income Expenses": 20000.0,
        "Special Income Charges": 81000.0,
        "Gain On Sale Of Ppe": NaN,
        "Gain On Sale Of Business": 81000.0,
        "Net Non Operating Interest Income Expense": -6336000.0,
        "Interest Expense Non Operating": 6336000.0,
        "Operating Income": 11101000.0,
        "Operating Expense": 27249000.0,
        "Depreciation Amortization Depletion Income Statement": 5095000.0,
        "Depreciation And Amortization In Income Statement": 5095000.0,
        "Selling General And Administration": 22154000.0,
        "Selling And Marketing Expense": 8688000.0,
        "General And Administrative Expense": 13466000.0,
        "Other Gand A": 13466000.0,
        "Gross Profit": 38350000.0,
        "Cost Of Revenue": 13524000.0,
        "Total Revenue": 51874000.0,
        "Operating Revenue": 49030000.0
    },
    "2024-06-30": {
        "Tax Effect Of Unusual Items": NaN,
        "Tax Rate For Calcs": NaN,
        "Normalized EBITDA": NaN,
        "Total Unusual Items": NaN,
        "Total Unusual Items Excluding Goodwill": NaN,
        "Net Income From Continuing Operation Net Minority Interest": NaN,
        "Reconciled Depreciation": NaN,
        "Reconciled Cost Of Revenue": NaN,
        "EBITDA": NaN,
        "EBIT": NaN,
        "Net Interest Income": NaN,
        "Interest Expense": NaN,
        "Normalized Income": NaN,
        "Net Income From Continuing And Discontinued Operation": NaN,
        "Total Expenses": NaN,
        "Total Operating Income As Reported": NaN,
        "Diluted Average Shares": NaN,
        "Basic Average Shares": NaN,
        "Diluted EPS": NaN,
        "Basic EPS": NaN,
        "Diluted NI Availto Com Stockholders": NaN,
        "Net Income Common Stockholders": NaN,
        "Net Income": NaN,
        "Minority Interests": NaN,
        "Net Income Including Noncontrolling Interests": NaN,
        "Net Income Continuous Operations": NaN,
        "Tax Provision": NaN,
        "Pretax Income": NaN,
        "Other Income Expense": NaN,
        "Other Non Operating Income Expenses": NaN,
        "Special Income Charges": NaN,
        "Gain On Sale Of Ppe": NaN,
        "Gain On Sale Of Business": 0.0,
        "Net Non Operating Interest Income Expense": NaN,
        "Interest Expense Non Operating": NaN,
        "Operating Income": NaN,
        "Operating Expense": NaN,
        "Depreciation Amortization Depletion Income Statement": NaN,
        "Depreciation And Amortization In Income Statement": NaN,
        "Selling General And Administration": NaN,
        "Selling And Marketing Expense": NaN,
        "General And Administrative Expense": NaN,
        "Other Gand A": NaN,
        "Gross Profit": NaN,
        "Cost Of Revenue": NaN,
        "Total Revenue": NaN,
        "Operating Revenue": NaN
    },
    "2024-09-30": {
        "Tax Effect Of Unusual Items": 574.0,
        "Tax Rate For Calcs": 0.287,
        "Normalized EBITDA": 14259000.0,
        "Total Unusual Items": 2000.0,
        "Total Unusual Items Excluding Goodwill": 2000.0,
        "Net Income From Continuing Operation Net Minority Interest": 1480000.0,
        "Reconciled Depreciation": 5072000.0,
        "Reconciled Cost Of Revenue": 15004000.0,
        "EBITDA": 14261000.0,
        "EBIT": 9188000.0,
        "Net Interest Income": -6340000.0,
        "Interest Expense": 6340000.0,
        "Normalized Income": 1478574.0,
        "Net Income From Continuing And Discontinued Operation": 1480000.0,
        "Total Expenses": 45959000.0,
        "Total Operating Income As Reported": 9473000.0,
        "Diluted Average Shares": 46400419.0,
        "Basic Average Shares": 46388266.0,
        "Diluted EPS": 0.03,
        "Basic EPS": 0.03,
        "Diluted NI Availto Com Stockholders": 1480000.0,
        "Net Income Common Stockholders": 1480000.0,
        "Net Income": 1480000.0,
        "Minority Interests": -550000.0,
        "Net Income Including Noncontrolling Interests": 2030000.0,
        "Net Income Continuous Operations": 2030000.0,
        "Tax Provision": 818000.0,
        "Pretax Income": 2848000.0,
        "Other Income Expense": -283000.0,
        "Other Non Operating Income Expenses": -285000.0,
        "Special Income Charges": 2000.0,
        "Gain On Sale Of Ppe": 2000.0,
        "Gain On Sale Of Business": 0.0,
        "Net Non Operating Interest Income Expense": -6340000.0,
        "Interest Expense Non Operating": 6340000.0,
        "Operating Income": 9471000.0,
        "Operating Expense": 30956000.0,
        "Depreciation Amortization Depletion Income Statement": 5073000.0,
        "Depreciation And Amortization In Income Statement": 5073000.0,
        "Selling General And Administration": 25883000.0,
        "Selling And Marketing Expense": 8409000.0,
        "General And Administrative Expense": 17474000.0,
        "Other Gand A": 17474000.0,
        "Gross Profit": 40427000.0,
        "Cost Of Revenue": 15003000.0,
        "Total Revenue": 55430000.0,
        "Operating Revenue": 52700000.0
    },
    "2024-12-31": {
        "Tax Effect Of Unusual Items": 0.0,
        "Tax Rate For Calcs": 0.21,
        "Normalized EBITDA": 12994000.0,
        "Total Unusual Items": 0.0,
        "Total Unusual Items Excluding Goodwill": 0.0,
        "Net Income From Continuing Operation Net Minority Interest": 1968000.0,
        "Reconciled Depreciation": 5033000.0,
        "Reconciled Cost Of Revenue": 12762000.0,
        "EBITDA": 12994000.0,
        "EBIT": 7961000.0,
        "Net Interest Income": -6449000.0,
        "Interest Expense": 6449000.0,
        "Normalized Income": 1968000.0,
        "Net Income From Continuing And Discontinued Operation": 1968000.0,
        "Total Expenses": 36916000.0,
        "Total Operating Income As Reported": 12825000.0,
        "Diluted Average Shares": 43323183.0,
        "Basic Average Shares": 43323183.0,
        "Diluted EPS": 0.043969,
        "Basic EPS": 0.043969,
        "Diluted NI Availto Com Stockholders": 1968000.0,
        "Net Income Common Stockholders": 1968000.0,
        "Net Income": 1968000.0,
        "Minority Interests": -1105000.0,
        "Net Income Including Noncontrolling Interests": 3073000.0,
        "Net Income Continuous Operations": 3073000.0,
        "Tax Provision": -1561000.0,
        "Pretax Income": 1512000.0,
        "Other Income Expense": -4864000.0,
        "Other Non Operating Income Expenses": -4864000.0,
        "Special Income Charges": 0.0,
        "Gain On Sale Of Ppe": 0.0,
        "Gain On Sale Of Business": 0.0,
        "Net Non Operating Interest Income Expense": -6449000.0,
        "Interest Expense Non Operating": 6449000.0,
        "Operating Income": 12825000.0,
        "Operating Expense": 24154000.0,
        "Depreciation Amortization Depletion Income Statement": 5033000.0,
        "Depreciation And Amortization In Income Statement": 5033000.0,
        "Selling General And Administration": 19121000.0,
        "Selling And Marketing Expense": 4276000.0,
        "General And Administrative Expense": 14845000.0,
        "Other Gand A": 14845000.0,
        "Gross Profit": 36979000.0,
        "Cost Of Revenue": 12762000.0,
        "Total Revenue": 49741000.0,
        "Operating Revenue": 46458000.0
    },
    "2025-03-31": {
        "Tax Effect Of Unusual Items": 0.0,
        "Tax Rate For Calcs": 0.35,
        "Normalized EBITDA": 15565000.0,
        "Total Unusual Items": 0.0,
        "Total Unusual Items Excluding Goodwill": 0.0,
        "Net Income From Continuing Operation Net Minority Interest": 1735000.0,
        "Reconciled Depreciation": 4981000.0,
        "Reconciled Cost Of Revenue": 13276000.0,
        "EBITDA": 15565000.0,
        "EBIT": 10584000.0,
        "Net Interest Income": -6633000.0,
        "Interest Expense": 6633000.0,
        "Normalized Income": 1735000.0,
        "Net Income From Continuing And Discontinued Operation": 1735000.0,
        "Total Expenses": 40845000.0,
        "Total Operating Income As Reported": 10582000.0,
        "Diluted Average Shares": 43421246.0,
        "Basic Average Shares": 43300933.0,
        "Diluted EPS": 0.04,
        "Basic EPS": 0.04,
        "Diluted NI Availto Com Stockholders": 1735000.0,
        "Net Income Common Stockholders": 1735000.0,
        "Net Income": 1735000.0,
        "Minority Interests": -835000.0,
        "Net Income Including Noncontrolling Interests": 2570000.0,
        "Net Income Continuous Operations": 2570000.0,
        "Tax Provision": 1381000.0,
        "Pretax Income": 3951000.0,
        "Other Income Expense": 2000.0,
        "Other Non Operating Income Expenses": 2000.0,
        "Special Income Charges": 0.0,
        "Gain On Sale Of Ppe": NaN,
        "Gain On Sale Of Business": 0.0,
        "Net Non Operating Interest Income Expense": -6633000.0,
        "Interest Expense Non Operating": 6633000.0,
        "Operating Income": 10582000.0,
        "Operating Expense": 27569000.0,
        "Depreciation Amortization Depletion Income Statement": 4981000.0,
        "Depreciation And Amortization In Income Statement": 4981000.0,
        "Selling General And Administration": 22588000.0,
        "Selling And Marketing Expense": 7248000.0,
        "General And Administrative Expense": 15340000.0,
        "Other Gand A": 15340000.0,
        "Gross Profit": 38151000.0,
        "Cost Of Revenue": 13276000.0,
        "Total Revenue": 51427000.0,
        "Operating Revenue": 48502000.0
    },
    "2025-06-30": {
        "Tax Effect Of Unusual Items": 0.0,
        "Tax Rate For Calcs": 0.276399,
        "Normalized EBITDA": 19050000.0,
        "Total Unusual Items": 0.0,
        "Total Unusual Items Excluding Goodwill": 0.0,
        "Net Income From Continuing Operation Net Minority Interest": 3752000.0,
        "Reconciled Depreciation": 5003000.0,
        "Reconciled Cost Of Revenue": 14175000.0,
        "EBITDA": 19050000.0,
        "EBIT": 14047000.0,
        "Net Interest Income": -6594000.0,
        "Interest Expense": 6594000.0,
        "Normalized Income": 3752000.0,
        "Net Income From Continuing And Discontinued Operation": 3752000.0,
        "Total Expenses": 41842000.0,
        "Total Operating Income As Reported": 14069000.0,
        "Diluted Average Shares": 43344651.0,
        "Basic Average Shares": 43344441.0,
        "Diluted EPS": 0.09,
        "Basic EPS": 0.09,
        "Diluted NI Availto Com Stockholders": 3752000.0,
        "Net Income Common Stockholders": 3752000.0,
        "Net Income": 3752000.0,
        "Minority Interests": -1641000.0,
        "Net Income Including Noncontrolling Interests": 5393000.0,
        "Net Income Continuous Operations": 5393000.0,
        "Tax Provision": 2060000.0,
        "Pretax Income": 7453000.0,
        "Other Income Expense": -22000.0,
        "Other Non Operating Income Expenses": -22000.0,
        "Special Income Charges": 0.0,
        "Gain On Sale Of Ppe": NaN,
        "Gain On Sale Of Business": 0.0,
        "Net Non Operating Interest Income Expense": -6594000.0,
        "Interest Expense Non Operating": 6594000.0,
        "Operating Income": 14069000.0,
        "Operating Expense": 27667000.0,
        "Depreciation Amortization Depletion Income Statement": 5003000.0,
        "Depreciation And Amortization In Income Statement": 5003000.0,
        "Selling General And Administration": 22664000.0,
        "Selling And Marketing Expense": 8157000.0,
        "General And Administrative Expense": 14507000.0,
        "Other Gand A": 14507000.0,
        "Gross Profit": 41736000.0,
        "Cost Of Revenue": 14175000.0,
        "Total Revenue": 55911000.0,
        "Operating Revenue": 52901000.0
    },
    "2025-09-30": {
        "Tax Effect Of Unusual Items": -34250.0,
        "Tax Rate For Calcs": 0.274,
        "Normalized EBITDA": 19075000.0,
        "Total Unusual Items": -125000.0,
        "Total Unusual Items Excluding Goodwill": -125000.0,
        "Net Income From Continuing Operation Net Minority Interest": 3782000.0,
        "Reconciled Depreciation": 5041000.0,
        "Reconciled Cost Of Revenue": 14476000.0,
        "EBITDA": 18950000.0,
        "EBIT": 13909000.0,
        "Net Interest Income": -6520000.0,
        "Interest Expense": 6520000.0,
        "Normalized Income": 3872750.0,
        "Net Income From Continuing And Discontinued Operation": 3782000.0,
        "Total Expenses": 40163000.0,
        "Total Operating Income As Reported": 13897000.0,
        "Diluted Average Shares": 43498314.0,
        "Basic Average Shares": 43375077.0,
        "Diluted EPS": 0.09,
        "Basic EPS": 0.09,
        "Diluted NI Availto Com Stockholders": 3782000.0,
        "Net Income Common Stockholders": 3782000.0,
        "Net Income": 3782000.0,
        "Minority Interests": -1585000.0,
        "Net Income Including Noncontrolling Interests": 5367000.0,
        "Net Income Continuous Operations": 5367000.0,
        "Tax Provision": 2022000.0,
        "Pretax Income": 7389000.0,
        "Other Income Expense": -113000.0,
        "Other Non Operating Income Expenses": 12000.0,
        "Special Income Charges": -125000.0,
        "Gain On Sale Of Ppe": -125000.0,
        "Gain On Sale Of Business": NaN,
        "Net Non Operating Interest Income Expense": -6520000.0,
        "Interest Expense Non Operating": 6520000.0,
        "Operating Income": 14022000.0,
        "Operating Expense": 25687000.0,
        "Depreciation Amortization Depletion Income Statement": 5041000.0,
        "Depreciation And Amortization In Income Statement": 5041000.0,
        "Selling General And Administration": 20646000.0,
        "Selling And Marketing Expense": 7610000.0,
        "General And Administrative Expense": 13036000.0,
        "Other Gand A": 13036000.0,
        "Gross Profit": 39709000.0,
        "Cost Of Revenue": 14476000.0,
        "Total Revenue": 54185000.0,
        "Operating Revenue": 51375000.0
    }
}