{
    "2023-03-31": {
        "Tax Effect Of Unusual Items": NaN,
        "Tax Rate For Calcs": NaN,
        "Normalized EBITDA": NaN,
        "Net Income From Continuing Operation Net Minority Interest": NaN,
        "Reconciled Depreciation": NaN,
        "EBITDA": NaN,
        "EBIT": NaN,
        "Net Interest Income": NaN,
        "Interest Income": NaN,
        "Normalized Income": NaN,
        "Net Income From Continuing And Discontinued Operation": NaN,
        "Total Expenses": NaN,
        "Total Operating Income As Reported": NaN,
        "Diluted Average Shares": 63265800.0,
        "Basic Average Shares": 63265800.0,
        "Diluted EPS": -0.36,
        "Basic EPS": -0.36,
        "Diluted NI Availto Com Stockholders": NaN,
        "Net Income Common Stockholders": NaN,
        "Net Income": NaN,
        "Net Income Including Noncontrolling Interests": NaN,
        "Net Income Continuous Operations": NaN,
        "Pretax Income": NaN,
        "Net Non Operating Interest Income Expense": NaN,
        "Interest Income Non Operating": NaN,
        "Operating Income": NaN,
        "Operating Expense": NaN,
        "Research And Development": NaN,
        "Selling General And Administration": NaN,
        "General And Administrative Expense": NaN,
        "Other Gand A": NaN,
        "Total Revenue": NaN,
        "Operating Revenue": NaN
    },
    "2022-12-31": {
        "Tax Effect Of Unusual Items": 0.0,
        "Tax Rate For Calcs": 0.0,
        "Normalized EBITDA": -21987000.0,
        "Net Income From Continuing Operation Net Minority Interest": -19415000.0,
        "Reconciled Depreciation": 92000.0,
        "EBITDA": -21987000.0,
        "EBIT": -22079000.0,
        "Net Interest Income": 2664000.0,
        "Interest Income": 2664000.0,
        "Normalized Income": -19415000.0,
        "Net Income From Continuing And Discontinued Operation": -19415000.0,
        "Total Expenses": 22079000.0,
        "Total Operating Income As Reported": -22079000.0,
        "Diluted Average Shares": NaN,
        "Basic Average Shares": NaN,
        "Diluted EPS": NaN,
        "Basic EPS": NaN,
        "Diluted NI Availto Com Stockholders": -19415000.0,
        "Net Income Common Stockholders": -19415000.0,
        "Net Income": -19415000.0,
        "Net Income Including Noncontrolling Interests": -19415000.0,
        "Net Income Continuous Operations": -19415000.0,
        "Pretax Income": -19415000.0,
        "Net Non Operating Interest Income Expense": 2664000.0,
        "Interest Income Non Operating": 2664000.0,
        "Operating Income": -22079000.0,
        "Operating Expense": 22079000.0,
        "Research And Development": 16612000.0,
        "Selling General And Administration": 5467000.0,
        "General And Administrative Expense": 5467000.0,
        "Other Gand A": 5467000.0,
        "Total Revenue": 0.0,
        "Operating Revenue": 0.0
    },
    "2022-09-30": {
        "Tax Effect Of Unusual Items": NaN,
        "Tax Rate For Calcs": NaN,
        "Normalized EBITDA": NaN,
        "Net Income From Continuing Operation Net Minority Interest": NaN,
        "Reconciled Depreciation": NaN,
        "EBITDA": NaN,
        "EBIT": NaN,
        "Net Interest Income": NaN,
        "Interest Income": NaN,
        "Normalized Income": NaN,
        "Net Income From Continuing And Discontinued Operation": NaN,
        "Total Expenses": NaN,
        "Total Operating Income As Reported": NaN,
        "Diluted Average Shares": 51844904.0,
        "Basic Average Shares": 51844904.0,
        "Diluted EPS": -0.34,
        "Basic EPS": -0.34,
        "Diluted NI Availto Com Stockholders": NaN,
        "Net Income Common Stockholders": NaN,
        "Net Income": NaN,
        "Net Income Including Noncontrolling Interests": NaN,
        "Net Income Continuous Operations": NaN,
        "Pretax Income": NaN,
        "Net Non Operating Interest Income Expense": NaN,
        "Interest Income Non Operating": NaN,
        "Operating Income": NaN,
        "Operating Expense": NaN,
        "Research And Development": NaN,
        "Selling General And Administration": NaN,
        "General And Administrative Expense": NaN,
        "Other Gand A": NaN,
        "Total Revenue": NaN,
        "Operating Revenue": NaN
    },
    "2022-06-30": {
        "Tax Effect Of Unusual Items": 0.0,
        "Tax Rate For Calcs": 0.0,
        "Normalized EBITDA": -16337000.0,
        "Net Income From Continuing Operation Net Minority Interest": -16067000.0,
        "Reconciled Depreciation": 154000.0,
        "EBITDA": -16337000.0,
        "EBIT": -16491000.0,
        "Net Interest Income": 424000.0,
        "Interest Income": 424000.0,
        "Normalized Income": -16067000.0,
        "Net Income From Continuing And Discontinued Operation": -16067000.0,
        "Total Expenses": 16491000.0,
        "Total Operating Income As Reported": -16491000.0,
        "Diluted Average Shares": 49622752.0,
        "Basic Average Shares": 49622752.0,
        "Diluted EPS": -0.32,
        "Basic EPS": -0.32,
        "Diluted NI Availto Com Stockholders": -16067000.0,
        "Net Income Common Stockholders": -16067000.0,
        "Net Income": -16067000.0,
        "Net Income Including Noncontrolling Interests": -16067000.0,
        "Net Income Continuous Operations": -16067000.0,
        "Pretax Income": -16067000.0,
        "Net Non Operating Interest Income Expense": 424000.0,
        "Interest Income Non Operating": 424000.0,
        "Operating Income": -16491000.0,
        "Operating Expense": 16491000.0,
        "Research And Development": 12402000.0,
        "Selling General And Administration": 4089000.0,
        "General And Administrative Expense": 4089000.0,
        "Other Gand A": 4089000.0,
        "Total Revenue": 0.0,
        "Operating Revenue": 0.0
    },
    "2022-03-31": {
        "Diluted EPS": -0.3,
        "Total Revenue": NaN,
        "Gross Profit": NaN,
        "Operating Income": -15,
        "EBIT": -14,
        "Net Income": -15
    },
    "2021-12-31": {
        "Diluted EPS": 3.7,
        "Total Revenue": NaN,
        "Gross Profit": NaN,
        "Operating Income": -13,
        "EBIT": -13,
        "Net Income": -13
    },
    "2021-09-30": {
        "Diluted EPS": -0.26,
        "Total Revenue": NaN,
        "Gross Profit": NaN,
        "Operating Income": -13,
        "EBIT": -13,
        "Net Income": -13
    },
    "2021-06-30": {
        "Diluted EPS": -0.21,
        "Total Revenue": NaN,
        "Gross Profit": NaN,
        "Operating Income": -10,
        "EBIT": -10,
        "Net Income": -10
    },
    "2021-03-31": {
        "Diluted EPS": -4.37,
        "Total Revenue": NaN,
        "Gross Profit": NaN,
        "Operating Income": -7,
        "EBIT": -7,
        "Net Income": -7
    },
    "2020-12-31": {
        "Diluted EPS": -4.49,
        "Total Revenue": NaN,
        "Gross Profit": NaN,
        "Operating Income": -6,
        "EBIT": -6,
        "Net Income": -6
    },
    "2020-09-30": {
        "Diluted EPS": -3.68,
        "Total Revenue": NaN,
        "Gross Profit": NaN,
        "Operating Income": -4,
        "EBIT": -4,
        "Net Income": -4
    },
    "2020-06-30": {
        "Diluted EPS": -7.43,
        "Total Revenue": NaN,
        "Gross Profit": NaN,
        "Operating Income": -4,
        "EBIT": -4,
        "Net Income": -4
    },
    "2020-03-31": {
        "Diluted EPS": -7.57,
        "Total Revenue": NaN,
        "Gross Profit": NaN,
        "Operating Income": -3,
        "EBIT": -3,
        "Net Income": -3
    },
    "2023-06-30": {
        "Tax Effect Of Unusual Items": NaN,
        "Tax Rate For Calcs": NaN,
        "Normalized EBITDA": NaN,
        "Net Income From Continuing Operation Net Minority Interest": NaN,
        "Reconciled Depreciation": NaN,
        "EBITDA": NaN,
        "EBIT": NaN,
        "Net Interest Income": NaN,
        "Interest Income": NaN,
        "Normalized Income": NaN,
        "Net Income From Continuing And Discontinued Operation": NaN,
        "Total Expenses": NaN,
        "Total Operating Income As Reported": NaN,
        "Diluted Average Shares": 63380430.0,
        "Basic Average Shares": 63380430.0,
        "Diluted EPS": -0.34,
        "Basic EPS": -0.34,
        "Diluted NI Availto Com Stockholders": NaN,
        "Net Income Common Stockholders": NaN,
        "Net Income": NaN,
        "Net Income Including Noncontrolling Interests": NaN,
        "Net Income Continuous Operations": NaN,
        "Pretax Income": NaN,
        "Net Non Operating Interest Income Expense": NaN,
        "Interest Income Non Operating": NaN,
        "Operating Income": NaN,
        "Operating Expense": NaN,
        "Research And Development": NaN,
        "Selling General And Administration": NaN,
        "General And Administrative Expense": NaN,
        "Other Gand A": NaN,
        "Total Revenue": NaN,
        "Operating Revenue": NaN
    },
    "2023-09-30": {
        "Tax Effect Of Unusual Items": NaN,
        "Tax Rate For Calcs": NaN,
        "Normalized EBITDA": NaN,
        "Net Income From Continuing Operation Net Minority Interest": NaN,
        "Reconciled Depreciation": NaN,
        "EBITDA": NaN,
        "EBIT": NaN,
        "Net Interest Income": NaN,
        "Interest Income": NaN,
        "Normalized Income": NaN,
        "Net Income From Continuing And Discontinued Operation": NaN,
        "Total Expenses": NaN,
        "Total Operating Income As Reported": NaN,
        "Diluted Average Shares": 63459560.0,
        "Basic Average Shares": 63459560.0,
        "Diluted EPS": -0.41,
        "Basic EPS": -0.41,
        "Diluted NI Availto Com Stockholders": NaN,
        "Net Income Common Stockholders": NaN,
        "Net Income": NaN,
        "Net Income Including Noncontrolling Interests": NaN,
        "Net Income Continuous Operations": NaN,
        "Pretax Income": NaN,
        "Net Non Operating Interest Income Expense": NaN,
        "Interest Income Non Operating": NaN,
        "Operating Income": NaN,
        "Operating Expense": NaN,
        "Research And Development": NaN,
        "Selling General And Administration": NaN,
        "General And Administrative Expense": NaN,
        "Other Gand A": NaN,
        "Total Revenue": NaN,
        "Operating Revenue": NaN
    },
    "2023-12-31": {
        "Tax Effect Of Unusual Items": 0.0,
        "Tax Rate For Calcs": 0.0,
        "Normalized EBITDA": -33329000.0,
        "Net Income From Continuing Operation Net Minority Interest": -30143000.0,
        "Reconciled Depreciation": 533000.0,
        "EBITDA": -33329000.0,
        "EBIT": -33862000.0,
        "Net Interest Income": 3719000.0,
        "Interest Income": 3719000.0,
        "Normalized Income": -30143000.0,
        "Net Income From Continuing And Discontinued Operation": -30143000.0,
        "Total Expenses": 33862000.0,
        "Total Operating Income As Reported": -33862000.0,
        "Diluted Average Shares": NaN,
        "Basic Average Shares": NaN,
        "Diluted EPS": NaN,
        "Basic EPS": NaN,
        "Diluted NI Availto Com Stockholders": -30143000.0,
        "Net Income Common Stockholders": -30143000.0,
        "Net Income": -30143000.0,
        "Net Income Including Noncontrolling Interests": -30143000.0,
        "Net Income Continuous Operations": -30143000.0,
        "Pretax Income": -30143000.0,
        "Net Non Operating Interest Income Expense": 3719000.0,
        "Interest Income Non Operating": 3719000.0,
        "Operating Income": -33862000.0,
        "Operating Expense": 33862000.0,
        "Research And Development": 27684000.0,
        "Selling General And Administration": 6178000.0,
        "General And Administrative Expense": 6178000.0,
        "Other Gand A": 6178000.0,
        "Total Revenue": 0.0,
        "Operating Revenue": 0.0
    },
    "2024-03-31": {
        "Tax Effect Of Unusual Items": NaN,
        "Tax Rate For Calcs": NaN,
        "Normalized EBITDA": NaN,
        "Net Income From Continuing Operation Net Minority Interest": NaN,
        "Reconciled Depreciation": NaN,
        "EBITDA": NaN,
        "EBIT": NaN,
        "Net Interest Income": NaN,
        "Interest Income": NaN,
        "Normalized Income": NaN,
        "Net Income From Continuing And Discontinued Operation": NaN,
        "Total Expenses": NaN,
        "Total Operating Income As Reported": NaN,
        "Diluted Average Shares": 87567307.0,
        "Basic Average Shares": 87567307.0,
        "Diluted EPS": -0.33,
        "Basic EPS": -0.33,
        "Diluted NI Availto Com Stockholders": NaN,
        "Net Income Common Stockholders": NaN,
        "Net Income": NaN,
        "Net Income Including Noncontrolling Interests": NaN,
        "Net Income Continuous Operations": NaN,
        "Pretax Income": NaN,
        "Net Non Operating Interest Income Expense": NaN,
        "Interest Income Non Operating": NaN,
        "Operating Income": NaN,
        "Operating Expense": NaN,
        "Research And Development": NaN,
        "Selling General And Administration": NaN,
        "General And Administrative Expense": NaN,
        "Other Gand A": NaN,
        "Total Revenue": NaN,
        "Operating Revenue": NaN
    },
    "2024-06-30": {
        "Tax Effect Of Unusual Items": NaN,
        "Tax Rate For Calcs": NaN,
        "Normalized EBITDA": NaN,
        "Net Income From Continuing Operation Net Minority Interest": NaN,
        "Reconciled Depreciation": NaN,
        "EBITDA": NaN,
        "EBIT": NaN,
        "Net Interest Income": NaN,
        "Interest Income": NaN,
        "Normalized Income": NaN,
        "Net Income From Continuing And Discontinued Operation": NaN,
        "Total Expenses": NaN,
        "Total Operating Income As Reported": NaN,
        "Diluted Average Shares": 93515356.0,
        "Basic Average Shares": 93515356.0,
        "Diluted EPS": -0.34,
        "Basic EPS": -0.34,
        "Diluted NI Availto Com Stockholders": NaN,
        "Net Income Common Stockholders": NaN,
        "Net Income": NaN,
        "Net Income Including Noncontrolling Interests": NaN,
        "Net Income Continuous Operations": NaN,
        "Pretax Income": NaN,
        "Net Non Operating Interest Income Expense": NaN,
        "Interest Income Non Operating": NaN,
        "Operating Income": NaN,
        "Operating Expense": NaN,
        "Research And Development": NaN,
        "Selling General And Administration": NaN,
        "General And Administrative Expense": NaN,
        "Other Gand A": NaN,
        "Total Revenue": NaN,
        "Operating Revenue": NaN
    },
    "2024-09-30": {
        "Tax Effect Of Unusual Items": 0.0,
        "Tax Rate For Calcs": 0.0,
        "Normalized EBITDA": -39830000.0,
        "Net Income From Continuing Operation Net Minority Interest": -34129000.0,
        "Reconciled Depreciation": 602000.0,
        "EBITDA": -39830000.0,
        "EBIT": -40432000.0,
        "Net Interest Income": 6303000.0,
        "Interest Income": 6303000.0,
        "Normalized Income": -34129000.0,
        "Net Income From Continuing And Discontinued Operation": -34129000.0,
        "Total Expenses": 40432000.0,
        "Total Operating Income As Reported": -40432000.0,
        "Diluted Average Shares": 93813346.0,
        "Basic Average Shares": 93813346.0,
        "Diluted EPS": -0.36,
        "Basic EPS": -0.36,
        "Diluted NI Availto Com Stockholders": -34129000.0,
        "Net Income Common Stockholders": -34129000.0,
        "Net Income": -34129000.0,
        "Net Income Including Noncontrolling Interests": -34129000.0,
        "Net Income Continuous Operations": -34129000.0,
        "Pretax Income": -34129000.0,
        "Net Non Operating Interest Income Expense": 6303000.0,
        "Interest Income Non Operating": 6303000.0,
        "Operating Income": -40432000.0,
        "Operating Expense": 40432000.0,
        "Research And Development": 32222000.0,
        "Selling General And Administration": 8210000.0,
        "General And Administrative Expense": 8210000.0,
        "Other Gand A": 8210000.0,
        "Total Revenue": 0.0,
        "Operating Revenue": 0.0
    },
    "2024-12-31": {
        "Tax Effect Of Unusual Items": 0.0,
        "Tax Rate For Calcs": 0.0,
        "Normalized EBITDA": -44911000.0,
        "Net Income From Continuing Operation Net Minority Interest": -39662000.0,
        "Reconciled Depreciation": 629000.0,
        "EBITDA": -44911000.0,
        "EBIT": -45540000.0,
        "Net Interest Income": 5878000.0,
        "Interest Income": 5878000.0,
        "Normalized Income": -39662000.0,
        "Net Income From Continuing And Discontinued Operation": -39662000.0,
        "Total Expenses": 45540000.0,
        "Total Operating Income As Reported": -45540000.0,
        "Diluted Average Shares": NaN,
        "Basic Average Shares": NaN,
        "Diluted EPS": NaN,
        "Basic EPS": NaN,
        "Diluted NI Availto Com Stockholders": -39662000.0,
        "Net Income Common Stockholders": -39662000.0,
        "Net Income": -39662000.0,
        "Net Income Including Noncontrolling Interests": -39662000.0,
        "Net Income Continuous Operations": -39662000.0,
        "Pretax Income": -39662000.0,
        "Net Non Operating Interest Income Expense": 5878000.0,
        "Interest Income Non Operating": 5878000.0,
        "Operating Income": -45540000.0,
        "Operating Expense": 45540000.0,
        "Research And Development": 36370000.0,
        "Selling General And Administration": 9170000.0,
        "General And Administrative Expense": 9170000.0,
        "Other Gand A": 9170000.0,
        "Total Revenue": 0.0,
        "Operating Revenue": 0.0
    },
    "2025-03-31": {
        "Tax Effect Of Unusual Items": 0.0,
        "Tax Rate For Calcs": 0.0,
        "Normalized EBITDA": -45405000.0,
        "Net Income From Continuing Operation Net Minority Interest": -40798000.0,
        "Reconciled Depreciation": 554000.0,
        "EBITDA": -45405000.0,
        "EBIT": -45959000.0,
        "Net Interest Income": 5161000.0,
        "Interest Income": 5161000.0,
        "Normalized Income": -40798000.0,
        "Net Income From Continuing And Discontinued Operation": -40798000.0,
        "Total Expenses": 45959000.0,
        "Total Operating Income As Reported": -45959000.0,
        "Diluted Average Shares": 95130053.0,
        "Basic Average Shares": 95130053.0,
        "Diluted EPS": -0.43,
        "Basic EPS": -0.43,
        "Diluted NI Availto Com Stockholders": -40798000.0,
        "Net Income Common Stockholders": -40798000.0,
        "Net Income": -40798000.0,
        "Net Income Including Noncontrolling Interests": -40798000.0,
        "Net Income Continuous Operations": -40798000.0,
        "Pretax Income": -40798000.0,
        "Net Non Operating Interest Income Expense": 5161000.0,
        "Interest Income Non Operating": 5161000.0,
        "Operating Income": -45959000.0,
        "Operating Expense": 45959000.0,
        "Research And Development": 36757000.0,
        "Selling General And Administration": 9202000.0,
        "General And Administrative Expense": 9202000.0,
        "Other Gand A": 9202000.0,
        "Total Revenue": 0.0,
        "Operating Revenue": 0.0
    },
    "2025-06-30": {
        "Tax Effect Of Unusual Items": 0.0,
        "Tax Rate For Calcs": 0.0,
        "Normalized EBITDA": -42043000.0,
        "Net Income From Continuing Operation Net Minority Interest": -36115000.0,
        "Reconciled Depreciation": 567000.0,
        "EBITDA": -42043000.0,
        "EBIT": -42610000.0,
        "Net Interest Income": 6495000.0,
        "Interest Income": 6495000.0,
        "Normalized Income": -36115000.0,
        "Net Income From Continuing And Discontinued Operation": -36115000.0,
        "Total Expenses": 42610000.0,
        "Total Operating Income As Reported": -42610000.0,
        "Diluted Average Shares": 104940493.0,
        "Basic Average Shares": 104940493.0,
        "Diluted EPS": -0.34,
        "Basic EPS": -0.34,
        "Diluted NI Availto Com Stockholders": -36115000.0,
        "Net Income Common Stockholders": -36115000.0,
        "Net Income": -36115000.0,
        "Net Income Including Noncontrolling Interests": -36115000.0,
        "Net Income Continuous Operations": -36115000.0,
        "Pretax Income": -36115000.0,
        "Net Non Operating Interest Income Expense": 6495000.0,
        "Interest Income Non Operating": 6495000.0,
        "Operating Income": -42610000.0,
        "Operating Expense": 42610000.0,
        "Research And Development": 33558000.0,
        "Selling General And Administration": 9052000.0,
        "General And Administrative Expense": 9052000.0,
        "Other Gand A": 9052000.0,
        "Total Revenue": 0.0,
        "Operating Revenue": 0.0
    },
    "2025-09-30": {
        "Tax Effect Of Unusual Items": 0.0,
        "Tax Rate For Calcs": 0.0,
        "Normalized EBITDA": -46288000.0,
        "Net Income From Continuing Operation Net Minority Interest": -40666000.0,
        "Reconciled Depreciation": 570000.0,
        "EBITDA": -46288000.0,
        "EBIT": -46858000.0,
        "Net Interest Income": 6192000.0,
        "Interest Income": 6192000.0,
        "Normalized Income": -40666000.0,
        "Net Income From Continuing And Discontinued Operation": -40666000.0,
        "Total Expenses": 46858000.0,
        "Total Operating Income As Reported": -46858000.0,
        "Diluted Average Shares": 105492779.0,
        "Basic Average Shares": 105492779.0,
        "Diluted EPS": -0.39,
        "Basic EPS": -0.39,
        "Diluted NI Availto Com Stockholders": -40666000.0,
        "Net Income Common Stockholders": -40666000.0,
        "Net Income": -40666000.0,
        "Net Income Including Noncontrolling Interests": -40666000.0,
        "Net Income Continuous Operations": -40666000.0,
        "Pretax Income": -40666000.0,
        "Net Non Operating Interest Income Expense": 6192000.0,
        "Interest Income Non Operating": 6192000.0,
        "Operating Income": -46858000.0,
        "Operating Expense": 46858000.0,
        "Research And Development": 37480000.0,
        "Selling General And Administration": 9378000.0,
        "General And Administrative Expense": 9378000.0,
        "Other Gand A": 9378000.0,
        "Total Revenue": 0.0,
        "Operating Revenue": 0.0
    }
}