{
    "2023-03-31": {
        "Tax Effect Of Unusual Items": 0.0,
        "Tax Rate For Calcs": 0.21,
        "Normalized EBITDA": -1291000.0,
        "Net Income From Continuing Operation Net Minority Interest": -5945000.0,
        "Reconciled Depreciation": 1413000.0,
        "Reconciled Cost Of Revenue": 15775000.0,
        "EBITDA": -1291000.0,
        "EBIT": -2704000.0,
        "Net Interest Income": -1416000.0,
        "Interest Expense": 1416000.0,
        "Normalized Income": -5945000.0,
        "Net Income From Continuing And Discontinued Operation": -5945000.0,
        "Total Expenses": 42805000.0,
        "Total Operating Income As Reported": -2704000.0,
        "Diluted Average Shares": 81768429.0,
        "Basic Average Shares": 81768429.0,
        "Diluted EPS": -0.07,
        "Basic EPS": -0.07,
        "Diluted NI Availto Com Stockholders": -5945000.0,
        "Net Income Common Stockholders": -5945000.0,
        "Net Income": -5945000.0,
        "Net Income Including Noncontrolling Interests": -5945000.0,
        "Net Income Continuous Operations": -5945000.0,
        "Tax Provision": 1825000.0,
        "Pretax Income": -4120000.0,
        "Net Non Operating Interest Income Expense": -1416000.0,
        "Interest Expense Non Operating": 1416000.0,
        "Operating Income": -2704000.0,
        "Operating Expense": 27030000.0,
        "Research And Development": 5418000.0,
        "Selling General And Administration": 21612000.0,
        "Selling And Marketing Expense": 9183000.0,
        "General And Administrative Expense": 12429000.0,
        "Other Gand A": 12429000.0,
        "Gross Profit": 24326000.0,
        "Cost Of Revenue": 15775000.0,
        "Total Revenue": 40101000.0,
        "Operating Revenue": 40101000.0
    },
    "2022-12-31": {
        "Tax Effect Of Unusual Items": 0.0,
        "Tax Rate For Calcs": 0.21,
        "Normalized EBITDA": 616000.0,
        "Net Income From Continuing Operation Net Minority Interest": -3397000.0,
        "Reconciled Depreciation": 1316000.0,
        "Reconciled Cost Of Revenue": 16105000.0,
        "EBITDA": 616000.0,
        "EBIT": -700000.0,
        "Net Interest Income": -185000.0,
        "Interest Expense": 185000.0,
        "Normalized Income": -3397000.0,
        "Net Income From Continuing And Discontinued Operation": -3397000.0,
        "Total Expenses": 44169000.0,
        "Total Operating Income As Reported": -700000.0,
        "Diluted Average Shares": 81567647.0,
        "Basic Average Shares": 81567647.0,
        "Diluted EPS": -0.04,
        "Basic EPS": -0.04,
        "Diluted NI Availto Com Stockholders": -3397000.0,
        "Net Income Common Stockholders": -3397000.0,
        "Net Income": -3397000.0,
        "Net Income Including Noncontrolling Interests": -3397000.0,
        "Net Income Continuous Operations": -3397000.0,
        "Tax Provision": 2512000.0,
        "Pretax Income": -885000.0,
        "Net Non Operating Interest Income Expense": -185000.0,
        "Interest Expense Non Operating": 185000.0,
        "Operating Income": -700000.0,
        "Operating Expense": 28064000.0,
        "Research And Development": 2991000.0,
        "Selling General And Administration": 25073000.0,
        "Selling And Marketing Expense": 11918000.0,
        "General And Administrative Expense": 13155000.0,
        "Other Gand A": 13155000.0,
        "Gross Profit": 27364000.0,
        "Cost Of Revenue": 16105000.0,
        "Total Revenue": 43469000.0,
        "Operating Revenue": 43469000.0
    },
    "2022-09-30": {
        "Tax Effect Of Unusual Items": NaN,
        "Tax Rate For Calcs": NaN,
        "Normalized EBITDA": NaN,
        "Net Income From Continuing Operation Net Minority Interest": NaN,
        "Reconciled Depreciation": NaN,
        "Reconciled Cost Of Revenue": NaN,
        "EBITDA": NaN,
        "EBIT": NaN,
        "Net Interest Income": NaN,
        "Interest Expense": NaN,
        "Normalized Income": NaN,
        "Net Income From Continuing And Discontinued Operation": NaN,
        "Total Expenses": NaN,
        "Total Operating Income As Reported": NaN,
        "Diluted Average Shares": NaN,
        "Basic Average Shares": NaN,
        "Diluted EPS": NaN,
        "Basic EPS": NaN,
        "Diluted NI Availto Com Stockholders": NaN,
        "Net Income Common Stockholders": NaN,
        "Net Income": NaN,
        "Minority Interests": 0.0,
        "Net Income Including Noncontrolling Interests": NaN,
        "Net Income Continuous Operations": NaN,
        "Tax Provision": NaN,
        "Pretax Income": NaN,
        "Net Non Operating Interest Income Expense": NaN,
        "Interest Expense Non Operating": NaN,
        "Operating Income": NaN,
        "Operating Expense": NaN,
        "Research And Development": NaN,
        "Selling General And Administration": NaN,
        "Selling And Marketing Expense": NaN,
        "General And Administrative Expense": NaN,
        "Other Gand A": NaN,
        "Gross Profit": NaN,
        "Cost Of Revenue": NaN,
        "Total Revenue": NaN,
        "Operating Revenue": NaN
    },
    "2022-06-30": {
        "Tax Effect Of Unusual Items": 0.0,
        "Tax Rate For Calcs": 0.4,
        "Normalized EBITDA": -2406000.0,
        "Net Income From Continuing Operation Net Minority Interest": -7994000.0,
        "Reconciled Depreciation": 1568000.0,
        "Reconciled Cost Of Revenue": 15876000.0,
        "EBITDA": -2406000.0,
        "EBIT": -3974000.0,
        "Net Interest Income": -1955000.0,
        "Interest Expense": 1955000.0,
        "Normalized Income": -7994000.0,
        "Net Income From Continuing And Discontinued Operation": -7994000.0,
        "Total Expenses": 47136000.0,
        "Total Operating Income As Reported": -3974000.0,
        "Diluted Average Shares": 80473097.0,
        "Basic Average Shares": 80473097.0,
        "Diluted EPS": -0.1,
        "Basic EPS": -0.1,
        "Diluted NI Availto Com Stockholders": -7994000.0,
        "Net Income Common Stockholders": -7994000.0,
        "Otherunder Preferred Stock Dividend": NaN,
        "Net Income": -7994000.0,
        "Minority Interests": 0.0,
        "Net Income Including Noncontrolling Interests": -7994000.0,
        "Net Income Continuous Operations": -7994000.0,
        "Tax Provision": 2065000.0,
        "Pretax Income": -5929000.0,
        "Net Non Operating Interest Income Expense": -1955000.0,
        "Interest Expense Non Operating": 1955000.0,
        "Operating Income": -3974000.0,
        "Operating Expense": 31260000.0,
        "Research And Development": 3584000.0,
        "Selling General And Administration": 27676000.0,
        "Selling And Marketing Expense": 12244000.0,
        "General And Administrative Expense": 15432000.0,
        "Other Gand A": 15432000.0,
        "Gross Profit": 27286000.0,
        "Cost Of Revenue": 15876000.0,
        "Total Revenue": 43162000.0,
        "Operating Revenue": 43162000.0
    },
    "2022-03-31": {
        "Diluted EPS": -0.09,
        "Total Revenue": 40,
        "Gross Profit": 26,
        "Operating Income": -5,
        "EBIT": -3,
        "Net Income": -7
    },
    "2021-12-31": {
        "Diluted EPS": -0.29,
        "Total Revenue": 40,
        "Gross Profit": 20,
        "Operating Income": -20,
        "EBIT": -19,
        "Net Income": -12
    },
    "2021-09-30": {
        "Diluted EPS": -0.18,
        "Total Revenue": 37,
        "Gross Profit": 19,
        "Operating Income": -9,
        "EBIT": -7,
        "Net Income": -6
    },
    "2021-06-30": {
        "Diluted EPS": 0.05,
        "Total Revenue": 35,
        "Gross Profit": 27,
        "Operating Income": 7,
        "EBIT": 9,
        "Net Income": 2
    },
    "2021-03-31": {
        "Diluted EPS": 0.06,
        "Total Revenue": 30,
        "Gross Profit": 22,
        "Operating Income": 12,
        "EBIT": 13,
        "Net Income": 2
    },
    "2020-12-31": {
        "Diluted EPS": 0.0,
        "Total Revenue": NaN,
        "Gross Profit": NaN,
        "Operating Income": NaN,
        "EBIT": NaN,
        "Net Income": NaN
    },
    "2020-09-30": {
        "Diluted EPS": -0.25,
        "Total Revenue": 22,
        "Gross Profit": 13,
        "Operating Income": -5,
        "EBIT": -5,
        "Net Income": -7
    },
    "2019-12-31": {
        "Diluted EPS": 0.0,
        "Total Revenue": NaN,
        "Gross Profit": NaN,
        "Operating Income": NaN,
        "EBIT": NaN,
        "Net Income": NaN
    },
    "2023-06-30": {
        "Tax Effect Of Unusual Items": NaN,
        "Tax Rate For Calcs": NaN,
        "Normalized EBITDA": NaN,
        "Net Income From Continuing Operation Net Minority Interest": NaN,
        "Reconciled Depreciation": NaN,
        "Reconciled Cost Of Revenue": NaN,
        "EBITDA": NaN,
        "EBIT": NaN,
        "Net Interest Income": -1367000.0,
        "Interest Expense": 1367000.0,
        "Normalized Income": NaN,
        "Net Income From Continuing And Discontinued Operation": NaN,
        "Total Expenses": NaN,
        "Total Operating Income As Reported": NaN,
        "Diluted Average Shares": NaN,
        "Basic Average Shares": NaN,
        "Diluted EPS": NaN,
        "Basic EPS": NaN,
        "Diluted NI Availto Com Stockholders": NaN,
        "Net Income Common Stockholders": NaN,
        "Net Income": NaN,
        "Net Income Including Noncontrolling Interests": NaN,
        "Net Income Continuous Operations": NaN,
        "Tax Provision": NaN,
        "Pretax Income": NaN,
        "Other Income Expense": NaN,
        "Other Non Operating Income Expenses": NaN,
        "Net Non Operating Interest Income Expense": -1367000.0,
        "Interest Expense Non Operating": 1367000.0,
        "Operating Income": NaN,
        "Operating Expense": NaN,
        "Research And Development": NaN,
        "Selling General And Administration": NaN,
        "Selling And Marketing Expense": NaN,
        "General And Administrative Expense": NaN,
        "Other Gand A": NaN,
        "Gross Profit": NaN,
        "Cost Of Revenue": NaN,
        "Total Revenue": NaN,
        "Operating Revenue": NaN
    },
    "2023-09-30": {
        "Tax Effect Of Unusual Items": NaN,
        "Tax Rate For Calcs": NaN,
        "Normalized EBITDA": NaN,
        "Net Income From Continuing Operation Net Minority Interest": NaN,
        "Reconciled Depreciation": NaN,
        "Reconciled Cost Of Revenue": NaN,
        "EBITDA": NaN,
        "EBIT": NaN,
        "Net Interest Income": -2375000.0,
        "Interest Expense": 2375000.0,
        "Interest Income": NaN,
        "Normalized Income": NaN,
        "Net Income From Continuing And Discontinued Operation": NaN,
        "Total Expenses": NaN,
        "Total Operating Income As Reported": NaN,
        "Diluted Average Shares": NaN,
        "Basic Average Shares": NaN,
        "Diluted EPS": NaN,
        "Basic EPS": NaN,
        "Diluted NI Availto Com Stockholders": NaN,
        "Net Income Common Stockholders": NaN,
        "Net Income": NaN,
        "Net Income Including Noncontrolling Interests": NaN,
        "Net Income Continuous Operations": NaN,
        "Tax Provision": NaN,
        "Pretax Income": NaN,
        "Other Income Expense": -2375000.0,
        "Other Non Operating Income Expenses": -2375000.0,
        "Net Non Operating Interest Income Expense": -2375000.0,
        "Interest Expense Non Operating": 2375000.0,
        "Interest Income Non Operating": NaN,
        "Operating Income": NaN,
        "Operating Expense": NaN,
        "Research And Development": NaN,
        "Selling General And Administration": NaN,
        "Selling And Marketing Expense": NaN,
        "General And Administrative Expense": NaN,
        "Other Gand A": NaN,
        "Gross Profit": NaN,
        "Cost Of Revenue": NaN,
        "Total Revenue": NaN,
        "Operating Revenue": NaN
    },
    "2023-12-31": {
        "Tax Effect Of Unusual Items": NaN,
        "Tax Rate For Calcs": NaN,
        "Normalized EBITDA": NaN,
        "Net Income From Continuing Operation Net Minority Interest": NaN,
        "Reconciled Depreciation": NaN,
        "Reconciled Cost Of Revenue": NaN,
        "EBITDA": NaN,
        "EBIT": NaN,
        "Net Interest Income": -169000.0,
        "Interest Expense": 169000.0,
        "Interest Income": NaN,
        "Normalized Income": NaN,
        "Net Income From Continuing And Discontinued Operation": NaN,
        "Total Expenses": NaN,
        "Total Operating Income As Reported": NaN,
        "Diluted Average Shares": NaN,
        "Basic Average Shares": NaN,
        "Diluted EPS": NaN,
        "Basic EPS": NaN,
        "Diluted NI Availto Com Stockholders": NaN,
        "Net Income Common Stockholders": NaN,
        "Net Income": NaN,
        "Net Income Including Noncontrolling Interests": NaN,
        "Net Income Continuous Operations": NaN,
        "Tax Provision": NaN,
        "Pretax Income": NaN,
        "Other Income Expense": NaN,
        "Other Non Operating Income Expenses": NaN,
        "Net Non Operating Interest Income Expense": -169000.0,
        "Interest Expense Non Operating": 169000.0,
        "Interest Income Non Operating": NaN,
        "Operating Income": NaN,
        "Operating Expense": NaN,
        "Research And Development": NaN,
        "Selling General And Administration": NaN,
        "Selling And Marketing Expense": NaN,
        "General And Administrative Expense": NaN,
        "Other Gand A": NaN,
        "Gross Profit": NaN,
        "Cost Of Revenue": NaN,
        "Total Revenue": NaN,
        "Operating Revenue": NaN
    },
    "2024-03-31": {
        "Tax Effect Of Unusual Items": NaN,
        "Tax Rate For Calcs": NaN,
        "Normalized EBITDA": NaN,
        "Net Income From Continuing Operation Net Minority Interest": NaN,
        "Reconciled Depreciation": NaN,
        "Reconciled Cost Of Revenue": NaN,
        "EBITDA": NaN,
        "EBIT": NaN,
        "Net Interest Income": -954000.0,
        "Interest Expense": 954000.0,
        "Interest Income": NaN,
        "Normalized Income": NaN,
        "Net Income From Continuing And Discontinued Operation": NaN,
        "Total Expenses": NaN,
        "Total Operating Income As Reported": NaN,
        "Diluted Average Shares": NaN,
        "Basic Average Shares": NaN,
        "Diluted EPS": NaN,
        "Basic EPS": NaN,
        "Diluted NI Availto Com Stockholders": NaN,
        "Net Income Common Stockholders": NaN,
        "Net Income": NaN,
        "Net Income Including Noncontrolling Interests": NaN,
        "Net Income Continuous Operations": NaN,
        "Tax Provision": NaN,
        "Pretax Income": NaN,
        "Other Income Expense": NaN,
        "Other Non Operating Income Expenses": NaN,
        "Net Non Operating Interest Income Expense": -954000.0,
        "Interest Expense Non Operating": 954000.0,
        "Interest Income Non Operating": NaN,
        "Operating Income": NaN,
        "Operating Expense": NaN,
        "Research And Development": NaN,
        "Selling General And Administration": NaN,
        "Selling And Marketing Expense": NaN,
        "General And Administrative Expense": NaN,
        "Other Gand A": NaN,
        "Gross Profit": NaN,
        "Cost Of Revenue": NaN,
        "Total Revenue": NaN,
        "Operating Revenue": NaN
    },
    "2024-06-30": {
        "Tax Effect Of Unusual Items": NaN,
        "Tax Rate For Calcs": NaN,
        "Normalized EBITDA": NaN,
        "Net Income From Continuing Operation Net Minority Interest": NaN,
        "Reconciled Depreciation": NaN,
        "Reconciled Cost Of Revenue": NaN,
        "EBITDA": NaN,
        "EBIT": NaN,
        "Net Interest Income": -260000.0,
        "Interest Expense": 260000.0,
        "Interest Income": NaN,
        "Normalized Income": NaN,
        "Net Income From Continuing And Discontinued Operation": NaN,
        "Total Expenses": NaN,
        "Total Operating Income As Reported": NaN,
        "Diluted Average Shares": NaN,
        "Basic Average Shares": NaN,
        "Diluted EPS": NaN,
        "Basic EPS": NaN,
        "Diluted NI Availto Com Stockholders": NaN,
        "Net Income Common Stockholders": NaN,
        "Net Income": NaN,
        "Net Income Including Noncontrolling Interests": NaN,
        "Net Income Continuous Operations": NaN,
        "Tax Provision": NaN,
        "Pretax Income": NaN,
        "Other Income Expense": -260000.0,
        "Other Non Operating Income Expenses": -260000.0,
        "Net Non Operating Interest Income Expense": -260000.0,
        "Interest Expense Non Operating": 260000.0,
        "Interest Income Non Operating": NaN,
        "Operating Income": NaN,
        "Operating Expense": NaN,
        "Research And Development": NaN,
        "Selling General And Administration": NaN,
        "Selling And Marketing Expense": NaN,
        "General And Administrative Expense": NaN,
        "Other Gand A": NaN,
        "Gross Profit": NaN,
        "Cost Of Revenue": NaN,
        "Total Revenue": NaN,
        "Operating Revenue": NaN
    },
    "2024-09-30": {
        "Tax Effect Of Unusual Items": 0.0,
        "Tax Rate For Calcs": 0.21,
        "Normalized EBITDA": 2086000.0,
        "Net Income From Continuing Operation Net Minority Interest": -2198000.0,
        "Reconciled Depreciation": 1798000.0,
        "Reconciled Cost Of Revenue": 17145000.0,
        "EBITDA": 2086000.0,
        "EBIT": 288000.0,
        "Net Interest Income": NaN,
        "Interest Expense": NaN,
        "Interest Income": NaN,
        "Normalized Income": -2198000.0,
        "Net Income From Continuing And Discontinued Operation": -2198000.0,
        "Total Expenses": 35121000.0,
        "Total Operating Income As Reported": 288000.0,
        "Diluted Average Shares": 88177739.0,
        "Basic Average Shares": 88177739.0,
        "Diluted EPS": -0.02,
        "Basic EPS": -0.02,
        "Diluted NI Availto Com Stockholders": -2198000.0,
        "Net Income Common Stockholders": -2198000.0,
        "Net Income": -2198000.0,
        "Net Income Including Noncontrolling Interests": -2198000.0,
        "Net Income Continuous Operations": -2198000.0,
        "Tax Provision": 2667000.0,
        "Pretax Income": 469000.0,
        "Other Income Expense": 181000.0,
        "Other Non Operating Income Expenses": 181000.0,
        "Net Non Operating Interest Income Expense": NaN,
        "Interest Expense Non Operating": NaN,
        "Interest Income Non Operating": NaN,
        "Operating Income": 288000.0,
        "Operating Expense": 17976000.0,
        "Research And Development": 5618000.0,
        "Selling General And Administration": 12358000.0,
        "Selling And Marketing Expense": 3274000.0,
        "General And Administrative Expense": 9084000.0,
        "Other Gand A": 9084000.0,
        "Gross Profit": 18264000.0,
        "Cost Of Revenue": 17145000.0,
        "Total Revenue": 35409000.0,
        "Operating Revenue": 35409000.0
    },
    "2024-12-31": {
        "Tax Effect Of Unusual Items": 0.0,
        "Tax Rate For Calcs": 0.21,
        "Normalized EBITDA": 2428000.0,
        "Net Income From Continuing Operation Net Minority Interest": -1312000.0,
        "Reconciled Depreciation": 1963000.0,
        "Reconciled Cost Of Revenue": 18148000.0,
        "EBITDA": 2428000.0,
        "EBIT": 465000.0,
        "Net Interest Income": NaN,
        "Interest Expense": NaN,
        "Interest Income": NaN,
        "Normalized Income": -1312000.0,
        "Net Income From Continuing And Discontinued Operation": -1312000.0,
        "Total Expenses": 36539000.0,
        "Total Operating Income As Reported": 465000.0,
        "Diluted Average Shares": 89577172.0,
        "Basic Average Shares": 89577172.0,
        "Diluted EPS": -0.01,
        "Basic EPS": -0.01,
        "Diluted NI Availto Com Stockholders": -1312000.0,
        "Net Income Common Stockholders": -1312000.0,
        "Net Income": -1312000.0,
        "Net Income Including Noncontrolling Interests": -1312000.0,
        "Net Income Continuous Operations": -1312000.0,
        "Tax Provision": 1238000.0,
        "Pretax Income": -74000.0,
        "Other Income Expense": NaN,
        "Other Non Operating Income Expenses": NaN,
        "Net Non Operating Interest Income Expense": NaN,
        "Interest Expense Non Operating": NaN,
        "Interest Income Non Operating": NaN,
        "Operating Income": 465000.0,
        "Operating Expense": 18391000.0,
        "Research And Development": 6702000.0,
        "Selling General And Administration": 11689000.0,
        "Selling And Marketing Expense": 3067000.0,
        "General And Administrative Expense": 8622000.0,
        "Other Gand A": 8622000.0,
        "Gross Profit": 18856000.0,
        "Cost Of Revenue": 18148000.0,
        "Total Revenue": 37004000.0,
        "Operating Revenue": 37004000.0
    },
    "2025-03-31": {
        "Tax Effect Of Unusual Items": 0.0,
        "Tax Rate For Calcs": 0.21,
        "Normalized EBITDA": 496000.0,
        "Net Income From Continuing Operation Net Minority Interest": -3169000.0,
        "Reconciled Depreciation": 1983000.0,
        "Reconciled Cost Of Revenue": 17832000.0,
        "EBITDA": 496000.0,
        "EBIT": -1487000.0,
        "Net Interest Income": 324000.0,
        "Interest Expense": NaN,
        "Interest Income": 324000.0,
        "Normalized Income": -3169000.0,
        "Net Income From Continuing And Discontinued Operation": -3169000.0,
        "Total Expenses": 37561000.0,
        "Total Operating Income As Reported": -1487000.0,
        "Diluted Average Shares": 91501083.0,
        "Basic Average Shares": 91501083.0,
        "Diluted EPS": -0.03,
        "Basic EPS": -0.03,
        "Diluted NI Availto Com Stockholders": -3169000.0,
        "Net Income Common Stockholders": -3169000.0,
        "Net Income": -3169000.0,
        "Net Income Including Noncontrolling Interests": -3169000.0,
        "Net Income Continuous Operations": -3169000.0,
        "Tax Provision": 2006000.0,
        "Pretax Income": -1163000.0,
        "Other Income Expense": NaN,
        "Other Non Operating Income Expenses": NaN,
        "Net Non Operating Interest Income Expense": 324000.0,
        "Interest Expense Non Operating": NaN,
        "Interest Income Non Operating": 324000.0,
        "Operating Income": -1487000.0,
        "Operating Expense": 19729000.0,
        "Research And Development": 5358000.0,
        "Selling General And Administration": 14371000.0,
        "Selling And Marketing Expense": 3542000.0,
        "General And Administrative Expense": 10829000.0,
        "Other Gand A": 10829000.0,
        "Gross Profit": 18242000.0,
        "Cost Of Revenue": 17832000.0,
        "Total Revenue": 36074000.0,
        "Operating Revenue": 36074000.0
    },
    "2025-06-30": {
        "Tax Effect Of Unusual Items": 0.0,
        "Tax Rate For Calcs": 0.069954,
        "Normalized EBITDA": -8280000.0,
        "Net Income From Continuing Operation Net Minority Interest": -8788000.0,
        "Reconciled Depreciation": 2058000.0,
        "Reconciled Cost Of Revenue": 17187000.0,
        "EBITDA": -8280000.0,
        "EBIT": -10338000.0,
        "Net Interest Income": NaN,
        "Interest Expense": NaN,
        "Interest Income": NaN,
        "Normalized Income": -8788000.0,
        "Net Income From Continuing And Discontinued Operation": -8788000.0,
        "Total Expenses": 46102000.0,
        "Total Operating Income As Reported": -10338000.0,
        "Diluted Average Shares": 92271924.0,
        "Basic Average Shares": 92271924.0,
        "Diluted EPS": -0.1,
        "Basic EPS": -0.1,
        "Diluted NI Availto Com Stockholders": -8788000.0,
        "Net Income Common Stockholders": -8788000.0,
        "Net Income": -8788000.0,
        "Net Income Including Noncontrolling Interests": -8788000.0,
        "Net Income Continuous Operations": -8788000.0,
        "Tax Provision": -661000.0,
        "Pretax Income": -9449000.0,
        "Other Income Expense": 889000.0,
        "Other Non Operating Income Expenses": 889000.0,
        "Net Non Operating Interest Income Expense": NaN,
        "Interest Expense Non Operating": NaN,
        "Interest Income Non Operating": NaN,
        "Operating Income": -10338000.0,
        "Operating Expense": 28915000.0,
        "Research And Development": 5158000.0,
        "Selling General And Administration": 23757000.0,
        "Selling And Marketing Expense": 14346000.0,
        "General And Administrative Expense": 9411000.0,
        "Other Gand A": 9411000.0,
        "Gross Profit": 18577000.0,
        "Cost Of Revenue": 17187000.0,
        "Total Revenue": 35764000.0,
        "Operating Revenue": 35764000.0
    },
    "2025-09-30": {
        "Tax Effect Of Unusual Items": 0.0,
        "Tax Rate For Calcs": 0.21,
        "Normalized EBITDA": -119000.0,
        "Net Income From Continuing Operation Net Minority Interest": -2315000.0,
        "Reconciled Depreciation": 2138000.0,
        "Reconciled Cost Of Revenue": 17667000.0,
        "EBITDA": -119000.0,
        "EBIT": -2257000.0,
        "Net Interest Income": NaN,
        "Interest Expense": NaN,
        "Interest Income": NaN,
        "Normalized Income": -2315000.0,
        "Net Income From Continuing And Discontinued Operation": -2315000.0,
        "Total Expenses": 37322000.0,
        "Total Operating Income As Reported": -2257000.0,
        "Diluted Average Shares": 92559381.0,
        "Basic Average Shares": 92559381.0,
        "Diluted EPS": -0.03,
        "Basic EPS": -0.03,
        "Diluted NI Availto Com Stockholders": -2315000.0,
        "Net Income Common Stockholders": -2315000.0,
        "Net Income": -2315000.0,
        "Net Income Including Noncontrolling Interests": -2315000.0,
        "Net Income Continuous Operations": -2315000.0,
        "Tax Provision": 154000.0,
        "Pretax Income": -2161000.0,
        "Other Income Expense": 96000.0,
        "Other Non Operating Income Expenses": 96000.0,
        "Net Non Operating Interest Income Expense": NaN,
        "Interest Expense Non Operating": NaN,
        "Interest Income Non Operating": NaN,
        "Operating Income": -2257000.0,
        "Operating Expense": 19655000.0,
        "Research And Development": 4905000.0,
        "Selling General And Administration": 14750000.0,
        "Selling And Marketing Expense": 4936000.0,
        "General And Administrative Expense": 9814000.0,
        "Other Gand A": 9814000.0,
        "Gross Profit": 17398000.0,
        "Cost Of Revenue": 17667000.0,
        "Total Revenue": 35065000.0,
        "Operating Revenue": 35065000.0
    }
}