{
    "2023-03-31": {
        "Tax Effect Of Unusual Items": NaN,
        "Tax Rate For Calcs": NaN,
        "Normalized EBITDA": NaN,
        "Total Unusual Items": NaN,
        "Total Unusual Items Excluding Goodwill": NaN,
        "Net Income From Continuing Operation Net Minority Interest": NaN,
        "Reconciled Depreciation": NaN,
        "Reconciled Cost Of Revenue": NaN,
        "EBITDA": NaN,
        "EBIT": NaN,
        "Net Interest Income": NaN,
        "Interest Expense": NaN,
        "Normalized Income": NaN,
        "Net Income From Continuing And Discontinued Operation": NaN,
        "Total Expenses": NaN,
        "Total Operating Income As Reported": NaN,
        "Diluted Average Shares": NaN,
        "Basic Average Shares": NaN,
        "Diluted EPS": NaN,
        "Basic EPS": NaN,
        "Diluted NI Availto Com Stockholders": NaN,
        "Net Income Common Stockholders": NaN,
        "Net Income": NaN,
        "Net Income Including Noncontrolling Interests": NaN,
        "Net Income Continuous Operations": NaN,
        "Tax Provision": NaN,
        "Pretax Income": NaN,
        "Other Income Expense": NaN,
        "Special Income Charges": NaN,
        "Gain On Sale Of Ppe": 62000.0,
        "Impairment Of Capital Assets": NaN,
        "Gain On Sale Of Security": NaN,
        "Net Non Operating Interest Income Expense": NaN,
        "Interest Expense Non Operating": NaN,
        "Operating Income": NaN,
        "Operating Expense": NaN,
        "Other Operating Expenses": NaN,
        "Depreciation Amortization Depletion Income Statement": NaN,
        "Depreciation And Amortization In Income Statement": NaN,
        "Depreciation Income Statement": NaN,
        "Selling General And Administration": NaN,
        "General And Administrative Expense": NaN,
        "Other Gand A": NaN,
        "Salaries And Wages": NaN,
        "Gross Profit": NaN,
        "Cost Of Revenue": NaN,
        "Total Revenue": NaN,
        "Operating Revenue": NaN
    },
    "2022-12-31": {
        "Tax Effect Of Unusual Items": NaN,
        "Tax Rate For Calcs": NaN,
        "Normalized EBITDA": NaN,
        "Total Unusual Items": NaN,
        "Total Unusual Items Excluding Goodwill": NaN,
        "Net Income From Continuing Operation Net Minority Interest": NaN,
        "Reconciled Depreciation": NaN,
        "Reconciled Cost Of Revenue": NaN,
        "EBITDA": NaN,
        "EBIT": NaN,
        "Net Interest Income": NaN,
        "Interest Expense": NaN,
        "Normalized Income": NaN,
        "Net Income From Continuing And Discontinued Operation": NaN,
        "Total Expenses": NaN,
        "Total Operating Income As Reported": NaN,
        "Diluted Average Shares": NaN,
        "Basic Average Shares": NaN,
        "Diluted EPS": NaN,
        "Basic EPS": NaN,
        "Diluted NI Availto Com Stockholders": NaN,
        "Net Income Common Stockholders": NaN,
        "Net Income": NaN,
        "Net Income Including Noncontrolling Interests": NaN,
        "Net Income Continuous Operations": NaN,
        "Tax Provision": NaN,
        "Pretax Income": NaN,
        "Other Income Expense": NaN,
        "Special Income Charges": NaN,
        "Gain On Sale Of Ppe": -277000.0,
        "Impairment Of Capital Assets": 182000.0,
        "Restructuring And Mergern Acquisition": 0.0,
        "Gain On Sale Of Security": NaN,
        "Net Non Operating Interest Income Expense": NaN,
        "Interest Expense Non Operating": NaN,
        "Operating Income": NaN,
        "Operating Expense": NaN,
        "Other Operating Expenses": NaN,
        "Depreciation Amortization Depletion Income Statement": NaN,
        "Depreciation And Amortization In Income Statement": NaN,
        "Depreciation Income Statement": NaN,
        "Selling General And Administration": NaN,
        "General And Administrative Expense": NaN,
        "Other Gand A": NaN,
        "Salaries And Wages": NaN,
        "Gross Profit": NaN,
        "Cost Of Revenue": NaN,
        "Total Revenue": NaN,
        "Operating Revenue": NaN
    },
    "2022-09-30": {
        "Tax Effect Of Unusual Items": NaN,
        "Tax Rate For Calcs": NaN,
        "Normalized EBITDA": NaN,
        "Total Unusual Items": NaN,
        "Total Unusual Items Excluding Goodwill": NaN,
        "Net Income From Continuing Operation Net Minority Interest": NaN,
        "Reconciled Depreciation": NaN,
        "Reconciled Cost Of Revenue": NaN,
        "EBITDA": NaN,
        "EBIT": NaN,
        "Net Interest Income": NaN,
        "Interest Expense": NaN,
        "Normalized Income": NaN,
        "Net Income From Continuing And Discontinued Operation": NaN,
        "Total Expenses": NaN,
        "Total Operating Income As Reported": NaN,
        "Diluted Average Shares": 189241367.0,
        "Basic Average Shares": 189241367.0,
        "Diluted EPS": -0.01,
        "Basic EPS": -0.01,
        "Diluted NI Availto Com Stockholders": NaN,
        "Net Income Common Stockholders": NaN,
        "Net Income": NaN,
        "Net Income Including Noncontrolling Interests": NaN,
        "Net Income Continuous Operations": NaN,
        "Tax Provision": NaN,
        "Pretax Income": NaN,
        "Other Income Expense": NaN,
        "Special Income Charges": NaN,
        "Gain On Sale Of Ppe": NaN,
        "Write Off": 0.0,
        "Impairment Of Capital Assets": 0.0,
        "Restructuring And Mergern Acquisition": 0.0,
        "Gain On Sale Of Security": NaN,
        "Net Non Operating Interest Income Expense": NaN,
        "Interest Expense Non Operating": NaN,
        "Operating Income": NaN,
        "Operating Expense": NaN,
        "Other Operating Expenses": NaN,
        "Depreciation Amortization Depletion Income Statement": NaN,
        "Depreciation And Amortization In Income Statement": NaN,
        "Depreciation Income Statement": NaN,
        "Selling General And Administration": NaN,
        "General And Administrative Expense": NaN,
        "Other Gand A": NaN,
        "Salaries And Wages": NaN,
        "Gross Profit": NaN,
        "Cost Of Revenue": NaN,
        "Total Revenue": NaN,
        "Operating Revenue": NaN
    },
    "2022-06-30": {
        "Tax Effect Of Unusual Items": -3064400.0,
        "Tax Rate For Calcs": 0.4,
        "Normalized EBITDA": 3475000.0,
        "Total Unusual Items": -7661000.0,
        "Total Unusual Items Excluding Goodwill": -7661000.0,
        "Net Income From Continuing Operation Net Minority Interest": -11923000.0,
        "Reconciled Depreciation": 4324000.0,
        "Reconciled Cost Of Revenue": 22135000.0,
        "EBITDA": -4186000.0,
        "EBIT": -8510000.0,
        "Net Interest Income": -336000.0,
        "Interest Expense": 336000.0,
        "Normalized Income": -7326400.0,
        "Net Income From Continuing And Discontinued Operation": -11923000.0,
        "Total Expenses": 31631000.0,
        "Total Operating Income As Reported": -1349000.0,
        "Diluted Average Shares": 184569970.0,
        "Basic Average Shares": 180974609.0,
        "Diluted EPS": -0.07,
        "Basic EPS": -0.07,
        "Diluted NI Availto Com Stockholders": -11923000.0,
        "Net Income Common Stockholders": -11923000.0,
        "Net Income": -11923000.0,
        "Net Income Including Noncontrolling Interests": -11923000.0,
        "Net Income Continuous Operations": -11923000.0,
        "Tax Provision": 3077000.0,
        "Pretax Income": -8846000.0,
        "Other Income Expense": -7661000.0,
        "Special Income Charges": -500000.0,
        "Gain On Sale Of Ppe": 0.0,
        "Write Off": NaN,
        "Impairment Of Capital Assets": 500000.0,
        "Restructuring And Mergern Acquisition": NaN,
        "Gain On Sale Of Security": -7161000.0,
        "Net Non Operating Interest Income Expense": -336000.0,
        "Interest Expense Non Operating": 336000.0,
        "Operating Income": -849000.0,
        "Operating Expense": 5321000.0,
        "Other Operating Expenses": 2644000.0,
        "Depreciation Amortization Depletion Income Statement": 149000.0,
        "Selling General And Administration": 2339000.0,
        "General And Administrative Expense": 2339000.0,
        "Other Gand A": 1187000.0,
        "Salaries And Wages": 1152000.0,
        "Gross Profit": 4472000.0,
        "Cost Of Revenue": 26310000.0,
        "Total Revenue": 30782000.0,
        "Operating Revenue": 31719000.0
    },
    "2022-03-31": {
        "Diluted EPS": 0.07,
        "Total Revenue": 58,
        "Gross Profit": 31,
        "Operating Income": 13,
        "EBIT": 19,
        "Net Income": 12
    },
    "2021-12-31": {
        "Diluted EPS": 0.0,
        "Total Revenue": 49,
        "Gross Profit": 23,
        "Operating Income": 4,
        "EBIT": 9,
        "Net Income": 0
    },
    "2021-09-30": {
        "Diluted EPS": -0.03,
        "Total Revenue": 35,
        "Gross Profit": 16,
        "Operating Income": 3,
        "EBIT": 8,
        "Net Income": -4
    },
    "2021-06-30": {
        "Diluted EPS": 0.04,
        "Total Revenue": 48,
        "Gross Profit": 22,
        "Operating Income": 1,
        "EBIT": 8,
        "Net Income": 7
    },
    "2021-03-31": {
        "Diluted EPS": 0.07,
        "Total Revenue": 34,
        "Gross Profit": 16,
        "Operating Income": -3,
        "EBIT": 5,
        "Net Income": 12
    },
    "2020-12-31": {
        "Diluted EPS": 0.14,
        "Total Revenue": 61,
        "Gross Profit": 34,
        "Operating Income": 12,
        "EBIT": 23,
        "Net Income": 20
    },
    "2020-09-30": {
        "Diluted EPS": 0.0,
        "Total Revenue": 36,
        "Gross Profit": 17,
        "Operating Income": 0,
        "EBIT": 9,
        "Net Income": 0
    },
    "2020-06-30": {
        "Diluted EPS": -0.02,
        "Total Revenue": 20,
        "Gross Profit": 8,
        "Operating Income": -5,
        "EBIT": 0,
        "Net Income": -3
    },
    "2020-03-31": {
        "Diluted EPS": -0.11,
        "Total Revenue": 22,
        "Gross Profit": 5,
        "Operating Income": -9,
        "EBIT": -2,
        "Net Income": -16
    },
    "2019-12-31": {
        "Diluted EPS": -0.13,
        "Total Revenue": 33,
        "Gross Profit": 2,
        "Operating Income": -15,
        "EBIT": -4,
        "Net Income": -18
    },
    "2019-09-30": {
        "Diluted EPS": -0.05,
        "Total Revenue": 28,
        "Gross Profit": 7,
        "Operating Income": -6,
        "EBIT": 1,
        "Net Income": -7
    },
    "2019-06-30": {
        "Diluted EPS": -0.08,
        "Total Revenue": 28,
        "Gross Profit": 3,
        "Operating Income": -11,
        "EBIT": -4,
        "Net Income": -10
    },
    "2019-03-31": {
        "Diluted EPS": -0.1,
        "Total Revenue": 28,
        "Gross Profit": 5,
        "Operating Income": -12,
        "EBIT": -5,
        "Net Income": -13
    },
    "2018-12-31": {
        "Diluted EPS": -0.04,
        "Total Revenue": 34,
        "Gross Profit": 6,
        "Operating Income": -3,
        "EBIT": 4,
        "Net Income": -4
    },
    "2018-09-30": {
        "Diluted EPS": -0.04,
        "Total Revenue": 38,
        "Gross Profit": 10,
        "Operating Income": -10,
        "EBIT": 3,
        "Net Income": -5
    },
    "2018-06-30": {
        "Diluted EPS": -0.04,
        "Total Revenue": 39,
        "Gross Profit": 15,
        "Operating Income": -3,
        "EBIT": 5,
        "Net Income": -6
    },
    "2018-03-31": {
        "Diluted EPS": 0.02,
        "Total Revenue": 40,
        "Gross Profit": 15,
        "Operating Income": -1,
        "EBIT": 9,
        "Net Income": 2
    },
    "2017-12-31": {
        "Diluted EPS": 0.02,
        "Total Revenue": 42,
        "Gross Profit": 13,
        "Operating Income": 4,
        "EBIT": 9,
        "Net Income": 3
    },
    "2017-09-30": {
        "Diluted EPS": 0.01,
        "Total Revenue": 40,
        "Gross Profit": 12,
        "Operating Income": 2,
        "EBIT": 7,
        "Net Income": 1
    },
    "2017-06-30": {
        "Diluted EPS": 0.0,
        "Total Revenue": 33,
        "Gross Profit": 9,
        "Operating Income": -1,
        "EBIT": 3,
        "Net Income": 0
    },
    "2017-03-31": {
        "Diluted EPS": 0.05,
        "Total Revenue": 36,
        "Gross Profit": 12,
        "Operating Income": 3,
        "EBIT": 7,
        "Net Income": 6
    },
    "2016-12-31": {
        "Diluted EPS": -0.04,
        "Total Revenue": 29,
        "Gross Profit": 8,
        "Operating Income": -2,
        "EBIT": 0,
        "Net Income": -5
    },
    "2016-09-30": {
        "Diluted EPS": 0.04,
        "Total Revenue": 42,
        "Gross Profit": 18,
        "Operating Income": 10,
        "EBIT": 13,
        "Net Income": 6
    },
    "2016-06-30": {
        "Diluted EPS": 0.01,
        "Total Revenue": 45,
        "Gross Profit": 18,
        "Operating Income": 8,
        "EBIT": 12,
        "Net Income": 2
    },
    "2016-03-31": {
        "Diluted EPS": 0.02,
        "Total Revenue": 42,
        "Gross Profit": 12,
        "Operating Income": 3,
        "EBIT": 8,
        "Net Income": 2
    },
    "2015-12-31": {
        "Diluted EPS": -1.33,
        "Total Revenue": 43,
        "Gross Profit": 11,
        "Operating Income": -4,
        "EBIT": 7,
        "Net Income": -136
    },
    "2015-09-30": {
        "Diluted EPS": -0.14,
        "Total Revenue": 43,
        "Gross Profit": 12,
        "Operating Income": -1,
        "EBIT": 9,
        "Net Income": -14
    },
    "2015-06-30": {
        "Diluted EPS": -0.01,
        "Total Revenue": 48,
        "Gross Profit": 17,
        "Operating Income": 2,
        "EBIT": 11,
        "Net Income": -1
    },
    "2015-03-31": {
        "Diluted EPS": 0.01,
        "Total Revenue": 51,
        "Gross Profit": 20,
        "Operating Income": 6,
        "EBIT": 17,
        "Net Income": 1
    },
    "2014-12-31": {
        "Diluted EPS": -0.67,
        "Total Revenue": 49,
        "Gross Profit": 14,
        "Operating Income": -4,
        "EBIT": 7,
        "Net Income": -67
    },
    "2014-09-30": {
        "Diluted EPS": -0.11,
        "Total Revenue": 40,
        "Gross Profit": 12,
        "Operating Income": -10,
        "EBIT": 5,
        "Net Income": -11
    },
    "2014-06-30": {
        "Diluted EPS": 0.0,
        "Total Revenue": 55,
        "Gross Profit": 20,
        "Operating Income": -1,
        "EBIT": 13,
        "Net Income": 0
    },
    "2014-03-31": {
        "Diluted EPS": 0.04,
        "Total Revenue": 53,
        "Gross Profit": 26,
        "Operating Income": 7,
        "EBIT": 21,
        "Net Income": 4
    },
    "2013-12-31": {
        "Diluted EPS": -1.16,
        "Total Revenue": 68,
        "Gross Profit": 27,
        "Operating Income": 6,
        "EBIT": 22,
        "Net Income": -116
    },
    "2013-09-30": {
        "Diluted EPS": 0.12,
        "Total Revenue": 68,
        "Gross Profit": 32,
        "Operating Income": 15,
        "EBIT": 28,
        "Net Income": 12
    },
    "2013-06-30": {
        "Diluted EPS": 0.0,
        "Total Revenue": 71,
        "Gross Profit": 27,
        "Operating Income": 4,
        "EBIT": 18,
        "Net Income": 0
    },
    "2013-03-31": {
        "Diluted EPS": 0.13,
        "Total Revenue": 70,
        "Gross Profit": 33,
        "Operating Income": 14,
        "EBIT": 26,
        "Net Income": 14
    },
    "2012-12-31": {
        "Diluted EPS": 0.15,
        "Total Revenue": 67,
        "Gross Profit": 32,
        "Operating Income": 12,
        "EBIT": 23,
        "Net Income": 15
    },
    "2012-09-30": {
        "Diluted EPS": 0.0,
        "Total Revenue": 52,
        "Gross Profit": 27,
        "Operating Income": 15,
        "EBIT": 21,
        "Net Income": 0
    },
    "2012-06-30": {
        "Diluted EPS": 0.06,
        "Total Revenue": 40,
        "Gross Profit": 25,
        "Operating Income": 14,
        "EBIT": 18,
        "Net Income": 8
    },
    "2012-03-31": {
        "Diluted EPS": 0.22,
        "Total Revenue": 49,
        "Gross Profit": 32,
        "Operating Income": 19,
        "EBIT": 28,
        "Net Income": 20
    },
    "2011-12-31": {
        "Diluted EPS": -0.03,
        "Total Revenue": 18,
        "Gross Profit": 12,
        "Operating Income": 0,
        "EBIT": 4,
        "Net Income": -2
    },
    "2011-09-30": {
        "Diluted EPS": 0.04,
        "Total Revenue": 39,
        "Gross Profit": 28,
        "Operating Income": 16,
        "EBIT": 21,
        "Net Income": 3
    },
    "2011-06-30": {
        "Diluted EPS": 0.2,
        "Total Revenue": 36,
        "Gross Profit": 24,
        "Operating Income": 14,
        "EBIT": 18,
        "Net Income": 17
    },
    "2011-03-31": {
        "Diluted EPS": 0.01,
        "Total Revenue": 35,
        "Gross Profit": 25,
        "Operating Income": 18,
        "EBIT": 22,
        "Net Income": 0
    },
    "2010-12-31": {
        "Diluted EPS": 0.08,
        "Total Revenue": 28,
        "Gross Profit": 17,
        "Operating Income": 8,
        "EBIT": 13,
        "Net Income": 6
    },
    "2010-09-30": {
        "Diluted EPS": 0.0,
        "Total Revenue": 20,
        "Gross Profit": 9,
        "Operating Income": 2,
        "EBIT": 6,
        "Net Income": 0
    },
    "2010-06-30": {
        "Diluted EPS": -0.01,
        "Total Revenue": 20,
        "Gross Profit": 9,
        "Operating Income": 2,
        "EBIT": 5,
        "Net Income": 0
    },
    "2010-03-31": {
        "Diluted EPS": 0.03,
        "Total Revenue": 18,
        "Gross Profit": 9,
        "Operating Income": 3,
        "EBIT": 6,
        "Net Income": 2
    },
    "2009-12-31": {
        "Diluted EPS": 0.06,
        "Total Revenue": 24,
        "Gross Profit": 13,
        "Operating Income": 5,
        "EBIT": 9,
        "Net Income": 3
    },
    "2009-09-30": {
        "Diluted EPS": -0.03,
        "Total Revenue": 10,
        "Gross Profit": 3,
        "Operating Income": -1,
        "EBIT": 1,
        "Net Income": -1
    },
    "2009-06-30": {
        "Diluted EPS": -0.04,
        "Total Revenue": 8,
        "Gross Profit": 3,
        "Operating Income": -2,
        "EBIT": 1,
        "Net Income": -2
    },
    "2009-03-31": {
        "Diluted EPS": -0.03,
        "Total Revenue": 8,
        "Gross Profit": 3,
        "Operating Income": -1,
        "EBIT": 1,
        "Net Income": -2
    },
    "2023-06-30": {
        "Tax Effect Of Unusual Items": NaN,
        "Tax Rate For Calcs": NaN,
        "Normalized EBITDA": NaN,
        "Total Unusual Items": NaN,
        "Total Unusual Items Excluding Goodwill": NaN,
        "Net Income From Continuing Operation Net Minority Interest": NaN,
        "Reconciled Depreciation": NaN,
        "Reconciled Cost Of Revenue": NaN,
        "EBITDA": NaN,
        "EBIT": NaN,
        "Net Interest Income": NaN,
        "Interest Expense": NaN,
        "Normalized Income": NaN,
        "Net Income From Continuing And Discontinued Operation": NaN,
        "Total Expenses": NaN,
        "Total Operating Income As Reported": NaN,
        "Diluted Average Shares": 191446597.0,
        "Basic Average Shares": 191446597.0,
        "Diluted EPS": -0.01,
        "Basic EPS": -0.01,
        "Diluted NI Availto Com Stockholders": NaN,
        "Net Income Common Stockholders": NaN,
        "Net Income": NaN,
        "Net Income Including Noncontrolling Interests": NaN,
        "Net Income Continuous Operations": NaN,
        "Tax Provision": NaN,
        "Pretax Income": NaN,
        "Other Income Expense": NaN,
        "Special Income Charges": NaN,
        "Gain On Sale Of Ppe": 5000.0,
        "Impairment Of Capital Assets": NaN,
        "Gain On Sale Of Security": NaN,
        "Net Non Operating Interest Income Expense": NaN,
        "Interest Expense Non Operating": NaN,
        "Operating Income": NaN,
        "Operating Expense": NaN,
        "Other Operating Expenses": NaN,
        "Depreciation Amortization Depletion Income Statement": NaN,
        "Depreciation And Amortization In Income Statement": NaN,
        "Depreciation Income Statement": NaN,
        "Selling General And Administration": NaN,
        "General And Administrative Expense": NaN,
        "Other Gand A": NaN,
        "Salaries And Wages": NaN,
        "Gross Profit": NaN,
        "Cost Of Revenue": NaN,
        "Total Revenue": NaN,
        "Operating Revenue": NaN
    },
    "2023-09-30": {
        "Tax Effect Of Unusual Items": NaN,
        "Tax Rate For Calcs": NaN,
        "Normalized EBITDA": NaN,
        "Total Unusual Items": NaN,
        "Total Unusual Items Excluding Goodwill": NaN,
        "Net Income From Continuing Operation Net Minority Interest": NaN,
        "Reconciled Depreciation": NaN,
        "Reconciled Cost Of Revenue": NaN,
        "EBITDA": NaN,
        "EBIT": NaN,
        "Net Interest Income": NaN,
        "Interest Expense": NaN,
        "Normalized Income": NaN,
        "Net Income From Continuing And Discontinued Operation": NaN,
        "Total Expenses": NaN,
        "Total Operating Income As Reported": NaN,
        "Diluted Average Shares": 194249283.0,
        "Basic Average Shares": 194249283.0,
        "Diluted EPS": -0.01,
        "Basic EPS": -0.01,
        "Diluted NI Availto Com Stockholders": NaN,
        "Net Income Common Stockholders": NaN,
        "Net Income": NaN,
        "Net Income Including Noncontrolling Interests": NaN,
        "Net Income Continuous Operations": NaN,
        "Tax Provision": NaN,
        "Pretax Income": NaN,
        "Other Income Expense": NaN,
        "Special Income Charges": 6992000.0,
        "Gain On Sale Of Ppe": 6992000.0,
        "Impairment Of Capital Assets": 0.0,
        "Gain On Sale Of Security": NaN,
        "Net Non Operating Interest Income Expense": NaN,
        "Interest Expense Non Operating": NaN,
        "Operating Income": NaN,
        "Operating Expense": NaN,
        "Other Operating Expenses": NaN,
        "Depreciation Amortization Depletion Income Statement": NaN,
        "Depreciation And Amortization In Income Statement": 63000.0,
        "Depreciation Income Statement": 63000.0,
        "Selling General And Administration": NaN,
        "General And Administrative Expense": NaN,
        "Other Gand A": NaN,
        "Salaries And Wages": NaN,
        "Gross Profit": NaN,
        "Cost Of Revenue": NaN,
        "Total Revenue": NaN,
        "Operating Revenue": NaN
    },
    "2023-12-31": {
        "Tax Effect Of Unusual Items": 333200.0,
        "Tax Rate For Calcs": 0.4,
        "Normalized EBITDA": 5741000.0,
        "Total Unusual Items": 833000.0,
        "Total Unusual Items Excluding Goodwill": 833000.0,
        "Net Income From Continuing Operation Net Minority Interest": 3049000.0,
        "Reconciled Depreciation": 6130000.0,
        "Reconciled Cost Of Revenue": 39742000.0,
        "EBITDA": 6574000.0,
        "EBIT": 444000.0,
        "Net Interest Income": 268000.0,
        "Interest Expense": -268000.0,
        "Normalized Income": 2549200.0,
        "Net Income From Continuing And Discontinued Operation": 3049000.0,
        "Total Expenses": 50888000.0,
        "Total Operating Income As Reported": 187000.0,
        "Diluted Average Shares": NaN,
        "Basic Average Shares": NaN,
        "Diluted EPS": NaN,
        "Basic EPS": NaN,
        "Diluted NI Availto Com Stockholders": 3049000.0,
        "Net Income Common Stockholders": 3049000.0,
        "Net Income": 3049000.0,
        "Net Income Including Noncontrolling Interests": 3049000.0,
        "Net Income Continuous Operations": 3049000.0,
        "Tax Provision": -2337000.0,
        "Pretax Income": 712000.0,
        "Other Income Expense": 833000.0,
        "Special Income Charges": 13000.0,
        "Gain On Sale Of Ppe": 13000.0,
        "Impairment Of Capital Assets": 0.0,
        "Gain On Sale Of Security": 820000.0,
        "Net Non Operating Interest Income Expense": 268000.0,
        "Interest Expense Non Operating": -268000.0,
        "Operating Income": -389000.0,
        "Operating Expense": 5741000.0,
        "Other Operating Expenses": -3395000.0,
        "Depreciation Amortization Depletion Income Statement": 725000.0,
        "Depreciation And Amortization In Income Statement": NaN,
        "Depreciation Income Statement": NaN,
        "Selling General And Administration": 8411000.0,
        "General And Administrative Expense": 8411000.0,
        "Other Gand A": 1477000.0,
        "Salaries And Wages": 6934000.0,
        "Gross Profit": 5352000.0,
        "Cost Of Revenue": 45147000.0,
        "Total Revenue": 50499000.0,
        "Operating Revenue": 51005000.0
    },
    "2024-03-31": {
        "Tax Effect Of Unusual Items": 181800.0,
        "Tax Rate For Calcs": 0.15,
        "Normalized EBITDA": 12477000.0,
        "Total Unusual Items": 1212000.0,
        "Total Unusual Items Excluding Goodwill": 1212000.0,
        "Net Income From Continuing Operation Net Minority Interest": -1194000.0,
        "Reconciled Depreciation": 9135000.0,
        "Reconciled Cost Of Revenue": 43033000.0,
        "EBITDA": 13689000.0,
        "EBIT": 4554000.0,
        "Net Interest Income": -314000.0,
        "Interest Expense": 314000.0,
        "Normalized Income": -2224200.0,
        "Net Income From Continuing And Discontinued Operation": -1194000.0,
        "Total Expenses": 60383000.0,
        "Total Operating Income As Reported": 3342000.0,
        "Diluted Average Shares": 227503581.0,
        "Basic Average Shares": 227503581.0,
        "Diluted EPS": -0.01,
        "Basic EPS": -0.01,
        "Diluted NI Availto Com Stockholders": -1194000.0,
        "Net Income Common Stockholders": -1194000.0,
        "Net Income": -1194000.0,
        "Net Income Including Noncontrolling Interests": -1194000.0,
        "Net Income Continuous Operations": -1194000.0,
        "Tax Provision": 5434000.0,
        "Pretax Income": 4240000.0,
        "Other Income Expense": 1212000.0,
        "Special Income Charges": NaN,
        "Gain On Sale Of Ppe": NaN,
        "Impairment Of Capital Assets": NaN,
        "Gain On Sale Of Security": 1212000.0,
        "Net Non Operating Interest Income Expense": -314000.0,
        "Interest Expense Non Operating": 314000.0,
        "Operating Income": 3342000.0,
        "Operating Expense": 8314000.0,
        "Other Operating Expenses": 4270000.0,
        "Depreciation Amortization Depletion Income Statement": 99000.0,
        "Depreciation And Amortization In Income Statement": 99000.0,
        "Depreciation Income Statement": 99000.0,
        "Selling General And Administration": 3945000.0,
        "General And Administrative Expense": 3945000.0,
        "Other Gand A": 1358000.0,
        "Salaries And Wages": 2587000.0,
        "Gross Profit": 11656000.0,
        "Cost Of Revenue": 52069000.0,
        "Total Revenue": 63725000.0,
        "Operating Revenue": 64218000.0
    },
    "2024-06-30": {
        "Tax Effect Of Unusual Items": -1902150.0,
        "Tax Rate For Calcs": 0.15,
        "Normalized EBITDA": 10599000.0,
        "Total Unusual Items": -12681000.0,
        "Total Unusual Items Excluding Goodwill": -12681000.0,
        "Net Income From Continuing Operation Net Minority Interest": -14007000.0,
        "Reconciled Depreciation": 8933000.0,
        "Reconciled Cost Of Revenue": 39237000.0,
        "EBITDA": -2082000.0,
        "EBIT": -11015000.0,
        "Net Interest Income": -277000.0,
        "Interest Expense": 277000.0,
        "Normalized Income": -3228150.0,
        "Net Income From Continuing And Discontinued Operation": -14007000.0,
        "Total Expenses": 56594000.0,
        "Total Operating Income As Reported": 1666000.0,
        "Diluted Average Shares": 242899679.0,
        "Basic Average Shares": 242899679.0,
        "Diluted EPS": -0.06,
        "Basic EPS": -0.06,
        "Diluted NI Availto Com Stockholders": -14007000.0,
        "Net Income Common Stockholders": -14007000.0,
        "Net Income": -14007000.0,
        "Net Income Including Noncontrolling Interests": -14007000.0,
        "Net Income Continuous Operations": -14007000.0,
        "Tax Provision": 2715000.0,
        "Pretax Income": -11292000.0,
        "Other Income Expense": -12681000.0,
        "Special Income Charges": 0.0,
        "Gain On Sale Of Ppe": NaN,
        "Impairment Of Capital Assets": 0.0,
        "Gain On Sale Of Security": -12681000.0,
        "Net Non Operating Interest Income Expense": -277000.0,
        "Interest Expense Non Operating": 277000.0,
        "Operating Income": 1666000.0,
        "Operating Expense": 8530000.0,
        "Other Operating Expenses": 4290000.0,
        "Depreciation Amortization Depletion Income Statement": 106000.0,
        "Depreciation And Amortization In Income Statement": 106000.0,
        "Depreciation Income Statement": 106000.0,
        "Selling General And Administration": 4134000.0,
        "General And Administrative Expense": 4134000.0,
        "Other Gand A": 1035000.0,
        "Salaries And Wages": 3099000.0,
        "Gross Profit": 10196000.0,
        "Cost Of Revenue": 48064000.0,
        "Total Revenue": 58260000.0,
        "Operating Revenue": 58708000.0
    },
    "2024-09-30": {
        "Tax Effect Of Unusual Items": -2486100.0,
        "Tax Rate For Calcs": 0.15,
        "Normalized EBITDA": 11146000.0,
        "Total Unusual Items": -16574000.0,
        "Total Unusual Items Excluding Goodwill": -16574000.0,
        "Net Income From Continuing Operation Net Minority Interest": -17300000.0,
        "Reconciled Depreciation": 7352000.0,
        "Reconciled Cost Of Revenue": 33707000.0,
        "EBITDA": -5428000.0,
        "EBIT": -12780000.0,
        "Net Interest Income": -509000.0,
        "Interest Expense": 509000.0,
        "Normalized Income": -3212100.0,
        "Net Income From Continuing And Discontinued Operation": -17300000.0,
        "Total Expenses": 49649000.0,
        "Total Operating Income As Reported": 3794000.0,
        "Diluted Average Shares": 246000878.0,
        "Basic Average Shares": 246000878.0,
        "Diluted EPS": -0.07,
        "Basic EPS": -0.07,
        "Diluted NI Availto Com Stockholders": -17300000.0,
        "Net Income Common Stockholders": -17300000.0,
        "Net Income": -17300000.0,
        "Net Income Including Noncontrolling Interests": -17300000.0,
        "Net Income Continuous Operations": -17300000.0,
        "Tax Provision": 4011000.0,
        "Pretax Income": -13289000.0,
        "Other Income Expense": -16574000.0,
        "Special Income Charges": 0.0,
        "Gain On Sale Of Ppe": 0.0,
        "Impairment Of Capital Assets": 0.0,
        "Gain On Sale Of Security": -16574000.0,
        "Net Non Operating Interest Income Expense": -509000.0,
        "Interest Expense Non Operating": 509000.0,
        "Operating Income": 3794000.0,
        "Operating Expense": 8689000.0,
        "Other Operating Expenses": 4707000.0,
        "Depreciation Amortization Depletion Income Statement": 99000.0,
        "Depreciation And Amortization In Income Statement": 99000.0,
        "Depreciation Income Statement": 99000.0,
        "Selling General And Administration": 3883000.0,
        "General And Administrative Expense": 3883000.0,
        "Other Gand A": 1810000.0,
        "Salaries And Wages": 2073000.0,
        "Gross Profit": 12483000.0,
        "Cost Of Revenue": 40960000.0,
        "Total Revenue": 53443000.0,
        "Operating Revenue": 53939000.0
    },
    "2024-12-31": {
        "Tax Effect Of Unusual Items": -136500.0,
        "Tax Rate For Calcs": 0.15,
        "Normalized EBITDA": 4761000.0,
        "Total Unusual Items": -910000.0,
        "Total Unusual Items Excluding Goodwill": -910000.0,
        "Net Income From Continuing Operation Net Minority Interest": 1025000.0,
        "Reconciled Depreciation": 5706000.0,
        "Reconciled Cost Of Revenue": 28860000.0,
        "EBITDA": 3851000.0,
        "EBIT": -1855000.0,
        "Net Interest Income": 211000.0,
        "Interest Expense": -211000.0,
        "Normalized Income": 1798500.0,
        "Net Income From Continuing And Discontinued Operation": 1025000.0,
        "Total Expenses": 43156000.0,
        "Total Operating Income As Reported": -471000.0,
        "Diluted Average Shares": NaN,
        "Basic Average Shares": NaN,
        "Diluted EPS": NaN,
        "Basic EPS": NaN,
        "Diluted NI Availto Com Stockholders": 1025000.0,
        "Net Income Common Stockholders": 1025000.0,
        "Net Income": 1025000.0,
        "Net Income Including Noncontrolling Interests": 1025000.0,
        "Net Income Continuous Operations": 1025000.0,
        "Tax Provision": -2669000.0,
        "Pretax Income": -1644000.0,
        "Other Income Expense": -910000.0,
        "Special Income Charges": -112000.0,
        "Gain On Sale Of Ppe": 69000.0,
        "Impairment Of Capital Assets": 181000.0,
        "Gain On Sale Of Security": -798000.0,
        "Net Non Operating Interest Income Expense": 211000.0,
        "Interest Expense Non Operating": -211000.0,
        "Operating Income": -945000.0,
        "Operating Expense": 8689000.0,
        "Other Operating Expenses": 6778000.0,
        "Depreciation Amortization Depletion Income Statement": 99000.0,
        "Depreciation And Amortization In Income Statement": 99000.0,
        "Depreciation Income Statement": 99000.0,
        "Selling General And Administration": 1812000.0,
        "General And Administrative Expense": 1812000.0,
        "Other Gand A": 1059000.0,
        "Salaries And Wages": 753000.0,
        "Gross Profit": 7744000.0,
        "Cost Of Revenue": 34467000.0,
        "Total Revenue": 42211000.0,
        "Operating Revenue": 42746000.0
    }
}