{
    "2023-06-30": {
        "Tax Effect Of Unusual Items": NaN,
        "Tax Rate For Calcs": NaN,
        "Normalized EBITDA": NaN,
        "Total Unusual Items": NaN,
        "Total Unusual Items Excluding Goodwill": NaN,
        "Net Income From Continuing Operation Net Minority Interest": NaN,
        "Reconciled Depreciation": NaN,
        "Reconciled Cost Of Revenue": NaN,
        "EBITDA": NaN,
        "EBIT": NaN,
        "Net Interest Income": NaN,
        "Interest Expense": NaN,
        "Interest Income": NaN,
        "Normalized Income": NaN,
        "Net Income From Continuing And Discontinued Operation": NaN,
        "Total Expenses": NaN,
        "Total Operating Income As Reported": NaN,
        "Diluted Average Shares": NaN,
        "Basic Average Shares": NaN,
        "Diluted EPS": NaN,
        "Basic EPS": NaN,
        "Diluted NI Availto Com Stockholders": NaN,
        "Net Income Common Stockholders": NaN,
        "Net Income": NaN,
        "Net Income Including Noncontrolling Interests": NaN,
        "Net Income Continuous Operations": NaN,
        "Earnings From Equity Interest Net Of Tax": NaN,
        "Tax Provision": NaN,
        "Pretax Income": NaN,
        "Other Income Expense": NaN,
        "Other Non Operating Income Expenses": NaN,
        "Special Income Charges": NaN,
        "Restructuring And Mergern Acquisition": NaN,
        "Gain On Sale Of Security": NaN,
        "Net Non Operating Interest Income Expense": NaN,
        "Interest Expense Non Operating": NaN,
        "Interest Income Non Operating": NaN,
        "Operating Income": NaN,
        "Operating Expense": NaN,
        "Depreciation Amortization Depletion Income Statement": NaN,
        "Depreciation And Amortization In Income Statement": NaN,
        "Selling General And Administration": NaN,
        "Selling And Marketing Expense": NaN,
        "General And Administrative Expense": NaN,
        "Other Gand A": NaN,
        "Salaries And Wages": 8170000.0,
        "Gross Profit": NaN,
        "Cost Of Revenue": NaN,
        "Total Revenue": NaN,
        "Operating Revenue": NaN
    },
    "2023-03-31": {
        "Tax Effect Of Unusual Items": NaN,
        "Tax Rate For Calcs": NaN,
        "Normalized EBITDA": NaN,
        "Total Unusual Items": NaN,
        "Total Unusual Items Excluding Goodwill": NaN,
        "Net Income From Continuing Operation Net Minority Interest": NaN,
        "Reconciled Depreciation": NaN,
        "Reconciled Cost Of Revenue": NaN,
        "EBITDA": NaN,
        "EBIT": NaN,
        "Net Interest Income": NaN,
        "Interest Expense": NaN,
        "Interest Income": NaN,
        "Normalized Income": NaN,
        "Net Income From Continuing And Discontinued Operation": NaN,
        "Total Expenses": NaN,
        "Total Operating Income As Reported": NaN,
        "Diluted Average Shares": 169657400.0,
        "Basic Average Shares": 167197820.0,
        "Diluted EPS": 0.3,
        "Basic EPS": 0.31,
        "Diluted NI Availto Com Stockholders": NaN,
        "Net Income Common Stockholders": NaN,
        "Net Income": NaN,
        "Net Income Including Noncontrolling Interests": NaN,
        "Net Income Continuous Operations": NaN,
        "Earnings From Equity Interest Net Of Tax": NaN,
        "Tax Provision": NaN,
        "Pretax Income": NaN,
        "Other Income Expense": NaN,
        "Other Non Operating Income Expenses": NaN,
        "Special Income Charges": 0.0,
        "Restructuring And Mergern Acquisition": 0.0,
        "Gain On Sale Of Security": NaN,
        "Net Non Operating Interest Income Expense": NaN,
        "Interest Expense Non Operating": NaN,
        "Interest Income Non Operating": NaN,
        "Operating Income": NaN,
        "Operating Expense": NaN,
        "Depreciation Amortization Depletion Income Statement": NaN,
        "Depreciation And Amortization In Income Statement": NaN,
        "Selling General And Administration": NaN,
        "Selling And Marketing Expense": NaN,
        "General And Administrative Expense": NaN,
        "Other Gand A": NaN,
        "Salaries And Wages": NaN,
        "Gross Profit": NaN,
        "Cost Of Revenue": NaN,
        "Total Revenue": NaN,
        "Operating Revenue": NaN
    },
    "2022-12-31": {
        "Tax Effect Of Unusual Items": NaN,
        "Tax Rate For Calcs": NaN,
        "Normalized EBITDA": NaN,
        "Total Unusual Items": NaN,
        "Total Unusual Items Excluding Goodwill": NaN,
        "Net Income From Continuing Operation Net Minority Interest": NaN,
        "Reconciled Depreciation": NaN,
        "Reconciled Cost Of Revenue": NaN,
        "EBITDA": NaN,
        "EBIT": NaN,
        "Net Interest Income": NaN,
        "Interest Expense": NaN,
        "Interest Income": NaN,
        "Normalized Income": NaN,
        "Net Income From Continuing And Discontinued Operation": NaN,
        "Total Expenses": NaN,
        "Total Operating Income As Reported": NaN,
        "Diluted Average Shares": 169177485.0,
        "Basic Average Shares": 166206040.0,
        "Diluted EPS": 0.188,
        "Basic EPS": 0.192,
        "Diluted NI Availto Com Stockholders": NaN,
        "Net Income Common Stockholders": NaN,
        "Net Income": NaN,
        "Net Income Including Noncontrolling Interests": NaN,
        "Net Income Continuous Operations": NaN,
        "Earnings From Equity Interest Net Of Tax": NaN,
        "Tax Provision": NaN,
        "Pretax Income": NaN,
        "Other Income Expense": NaN,
        "Other Non Operating Income Expenses": NaN,
        "Special Income Charges": NaN,
        "Restructuring And Mergern Acquisition": NaN,
        "Gain On Sale Of Security": NaN,
        "Net Non Operating Interest Income Expense": NaN,
        "Interest Expense Non Operating": NaN,
        "Interest Income Non Operating": NaN,
        "Operating Income": NaN,
        "Operating Expense": NaN,
        "Depreciation Amortization Depletion Income Statement": NaN,
        "Depreciation And Amortization In Income Statement": NaN,
        "Selling General And Administration": NaN,
        "Selling And Marketing Expense": NaN,
        "General And Administrative Expense": NaN,
        "Other Gand A": NaN,
        "Salaries And Wages": NaN,
        "Gross Profit": NaN,
        "Cost Of Revenue": NaN,
        "Total Revenue": NaN,
        "Operating Revenue": NaN
    },
    "2022-09-30": {
        "Tax Effect Of Unusual Items": NaN,
        "Tax Rate For Calcs": NaN,
        "Normalized EBITDA": NaN,
        "Total Unusual Items": NaN,
        "Total Unusual Items Excluding Goodwill": NaN,
        "Net Income From Continuing Operation Net Minority Interest": NaN,
        "Reconciled Depreciation": NaN,
        "Reconciled Cost Of Revenue": NaN,
        "EBITDA": NaN,
        "EBIT": NaN,
        "Net Interest Income": NaN,
        "Interest Expense": NaN,
        "Interest Income": NaN,
        "Normalized Income": NaN,
        "Net Income From Continuing And Discontinued Operation": NaN,
        "Total Expenses": NaN,
        "Total Operating Income As Reported": NaN,
        "Diluted Average Shares": NaN,
        "Basic Average Shares": NaN,
        "Diluted EPS": NaN,
        "Basic EPS": NaN,
        "Diluted NI Availto Com Stockholders": NaN,
        "Net Income Common Stockholders": NaN,
        "Net Income": NaN,
        "Net Income Including Noncontrolling Interests": NaN,
        "Net Income Continuous Operations": NaN,
        "Earnings From Equity Interest Net Of Tax": NaN,
        "Tax Provision": NaN,
        "Pretax Income": NaN,
        "Other Income Expense": NaN,
        "Other Non Operating Income Expenses": NaN,
        "Special Income Charges": 0.0,
        "Restructuring And Mergern Acquisition": 0.0,
        "Gain On Sale Of Security": NaN,
        "Net Non Operating Interest Income Expense": NaN,
        "Interest Expense Non Operating": NaN,
        "Interest Income Non Operating": NaN,
        "Operating Income": NaN,
        "Operating Expense": NaN,
        "Depreciation Amortization Depletion Income Statement": NaN,
        "Depreciation And Amortization In Income Statement": NaN,
        "Selling General And Administration": NaN,
        "Selling And Marketing Expense": NaN,
        "General And Administrative Expense": NaN,
        "Other Gand A": NaN,
        "Salaries And Wages": NaN,
        "Gross Profit": NaN,
        "Cost Of Revenue": NaN,
        "Total Revenue": NaN,
        "Operating Revenue": NaN
    },
    "2022-06-30": {
        "Tax Effect Of Unusual Items": 489566.0,
        "Tax Rate For Calcs": 0.238,
        "Normalized EBITDA": 66305000.0,
        "Total Unusual Items": 2057000.0,
        "Total Unusual Items Excluding Goodwill": 2057000.0,
        "Net Income From Continuing Operation Net Minority Interest": 35846000.0,
        "Reconciled Depreciation": 20032000.0,
        "Reconciled Cost Of Revenue": 215250000.0,
        "EBITDA": 68362000.0,
        "EBIT": 48330000.0,
        "Net Interest Income": -655000.0,
        "Interest Expense": 1502000.0,
        "Interest Income": 847000.0,
        "Normalized Income": 34278566.0,
        "Net Income From Continuing And Discontinued Operation": 35846000.0,
        "Total Expenses": 299701000.0,
        "Total Operating Income As Reported": 47081000.0,
        "Diluted Average Shares": 169152695.0,
        "Basic Average Shares": 167017055.0,
        "Diluted EPS": 0.212,
        "Basic EPS": 0.214,
        "Diluted NI Availto Com Stockholders": 35846000.0,
        "Net Income Common Stockholders": 35846000.0,
        "Net Income": 35846000.0,
        "Net Income Including Noncontrolling Interests": 35846000.0,
        "Net Income Continuous Operations": 35846000.0,
        "Earnings From Equity Interest Net Of Tax": 143000.0,
        "Tax Provision": 11125000.0,
        "Pretax Income": 46828000.0,
        "Other Income Expense": 402000.0,
        "Other Non Operating Income Expenses": -1655000.0,
        "Gain On Sale Of Security": 2057000.0,
        "Net Non Operating Interest Income Expense": -655000.0,
        "Interest Expense Non Operating": 1502000.0,
        "Interest Income Non Operating": 847000.0,
        "Operating Income": 47081000.0,
        "Operating Expense": 78494000.0,
        "Depreciation Amortization Depletion Income Statement": 14075000.0,
        "Depreciation And Amortization In Income Statement": 14075000.0,
        "Selling General And Administration": 64419000.0,
        "Selling And Marketing Expense": 23985000.0,
        "General And Administrative Expense": 40434000.0,
        "Other Gand A": 40434000.0,
        "Salaries And Wages": NaN,
        "Gross Profit": 125575000.0,
        "Cost Of Revenue": 221207000.0,
        "Total Revenue": 346782000.0,
        "Operating Revenue": 346782000.0
    },
    "2022-03-31": {
        "Diluted EPS": 1.07,
        "Total Revenue": 329,
        "Gross Profit": 122,
        "Operating Income": 44,
        "EBIT": 64,
        "Net Income": 36
    },
    "2021-12-31": {
        "Diluted EPS": 0.84,
        "Total Revenue": 295,
        "Gross Profit": 112,
        "Operating Income": 36,
        "EBIT": 55,
        "Net Income": 28
    },
    "2021-09-30": {
        "Diluted EPS": 0.77,
        "Total Revenue": 290,
        "Gross Profit": 113,
        "Operating Income": 42,
        "EBIT": 62,
        "Net Income": 27
    },
    "2021-06-30": {
        "Diluted EPS": 0.81,
        "Total Revenue": 275,
        "Gross Profit": 104,
        "Operating Income": 36,
        "EBIT": 56,
        "Net Income": 28
    },
    "2021-03-31": {
        "Diluted EPS": 0.93,
        "Total Revenue": 261,
        "Gross Profit": 103,
        "Operating Income": 42,
        "EBIT": 61,
        "Net Income": 32
    },
    "2020-12-31": {
        "Diluted EPS": 0.94,
        "Total Revenue": 249,
        "Gross Profit": 98,
        "Operating Income": 38,
        "EBIT": 59,
        "Net Income": 32
    },
    "2020-09-30": {
        "Diluted EPS": 0.76,
        "Total Revenue": 241,
        "Gross Profit": 89,
        "Operating Income": 34,
        "EBIT": 54,
        "Net Income": 26
    },
    "2020-06-30": {
        "Diluted EPS": 0.24,
        "Total Revenue": 222,
        "Gross Profit": 64,
        "Operating Income": 10,
        "EBIT": 30,
        "Net Income": 8
    },
    "2020-03-31": {
        "Diluted EPS": 0.65,
        "Total Revenue": 246,
        "Gross Profit": 83,
        "Operating Income": 27,
        "EBIT": 47,
        "Net Income": 22
    },
    "2019-12-31": {
        "Diluted EPS": 0.62,
        "Total Revenue": 257,
        "Gross Profit": 89,
        "Operating Income": 23,
        "EBIT": 43,
        "Net Income": 21
    },
    "2019-09-30": {
        "Diluted EPS": 0.55,
        "Total Revenue": 251,
        "Gross Profit": 84,
        "Operating Income": 22,
        "EBIT": 43,
        "Net Income": 19
    },
    "2019-06-30": {
        "Diluted EPS": 0.36,
        "Total Revenue": 244,
        "Gross Profit": 81,
        "Operating Income": 14,
        "EBIT": 34,
        "Net Income": 13
    },
    "2019-03-31": {
        "Diluted EPS": 0.42,
        "Total Revenue": 240,
        "Gross Profit": 82,
        "Operating Income": 17,
        "EBIT": 38,
        "Net Income": 15
    },
    "2018-12-31": {
        "Diluted EPS": 0.12,
        "Total Revenue": 235,
        "Gross Profit": 80,
        "Operating Income": -2,
        "EBIT": 12,
        "Net Income": 4
    },
    "2018-09-30": {
        "Diluted EPS": 0.43,
        "Total Revenue": 231,
        "Gross Profit": 79,
        "Operating Income": 20,
        "EBIT": 34,
        "Net Income": 15
    },
    "2018-06-30": {
        "Diluted EPS": 0.41,
        "Total Revenue": 210,
        "Gross Profit": 70,
        "Operating Income": 17,
        "EBIT": 28,
        "Net Income": 14
    },
    "2018-03-31": {
        "Diluted EPS": 0.66,
        "Total Revenue": 207,
        "Gross Profit": 69,
        "Operating Income": 15,
        "EBIT": 26,
        "Net Income": 23
    },
    "2017-12-31": {
        "Diluted EPS": -0.27,
        "Total Revenue": 198,
        "Gross Profit": 69,
        "Operating Income": 16,
        "EBIT": 27,
        "Net Income": -9
    },
    "2017-09-30": {
        "Diluted EPS": 0.6,
        "Total Revenue": 192,
        "Gross Profit": 69,
        "Operating Income": 21,
        "EBIT": 31,
        "Net Income": 21
    },
    "2017-06-30": {
        "Diluted EPS": 0.58,
        "Total Revenue": 189,
        "Gross Profit": 65,
        "Operating Income": 18,
        "EBIT": 28,
        "Net Income": 20
    },
    "2017-03-31": {
        "Diluted EPS": 0.48,
        "Total Revenue": 183,
        "Gross Profit": 64,
        "Operating Income": 17,
        "EBIT": 27,
        "Net Income": 17
    },
    "2016-12-31": {
        "Diluted EPS": 0.46,
        "Total Revenue": 177,
        "Gross Profit": 62,
        "Operating Income": 14,
        "EBIT": 24,
        "Net Income": 15
    },
    "2016-09-30": {
        "Diluted EPS": 0.46,
        "Total Revenue": 171,
        "Gross Profit": 59,
        "Operating Income": 17,
        "EBIT": 26,
        "Net Income": 16
    },
    "2016-06-30": {
        "Diluted EPS": 0.47,
        "Total Revenue": 170,
        "Gross Profit": 58,
        "Operating Income": 16,
        "EBIT": 25,
        "Net Income": 16
    },
    "2016-03-31": {
        "Diluted EPS": 0.4,
        "Total Revenue": 167,
        "Gross Profit": 59,
        "Operating Income": 16,
        "EBIT": 25,
        "Net Income": 14
    },
    "2015-12-31": {
        "Diluted EPS": 0.44,
        "Total Revenue": 166,
        "Gross Profit": 60,
        "Operating Income": 18,
        "EBIT": 26,
        "Net Income": 15
    },
    "2015-09-30": {
        "Diluted EPS": 0.44,
        "Total Revenue": 164,
        "Gross Profit": 60,
        "Operating Income": 21,
        "EBIT": 29,
        "Net Income": 15
    },
    "2015-06-30": {
        "Diluted EPS": 0.35,
        "Total Revenue": 156,
        "Gross Profit": 55,
        "Operating Income": 15,
        "EBIT": 23,
        "Net Income": 12
    },
    "2015-03-31": {
        "Diluted EPS": 0.28,
        "Total Revenue": 144,
        "Gross Profit": 50,
        "Operating Income": 13,
        "EBIT": 21,
        "Net Income": 10
    },
    "2014-12-31": {
        "Diluted EPS": 0.22,
        "Total Revenue": 135,
        "Gross Profit": 44,
        "Operating Income": 7,
        "EBIT": 15,
        "Net Income": 7
    },
    "2014-09-30": {
        "Diluted EPS": 0.18,
        "Total Revenue": 122,
        "Gross Profit": 37,
        "Operating Income": 5,
        "EBIT": 12,
        "Net Income": 6
    },
    "2014-06-30": {
        "Diluted EPS": 0.23,
        "Total Revenue": 120,
        "Gross Profit": 38,
        "Operating Income": 6,
        "EBIT": 13,
        "Net Income": 8
    },
    "2014-03-31": {
        "Diluted EPS": 0.33,
        "Total Revenue": 122,
        "Gross Profit": 47,
        "Operating Income": 15,
        "EBIT": 22,
        "Net Income": 11
    },
    "2013-12-31": {
        "Diluted EPS": 0.47,
        "Total Revenue": 124,
        "Gross Profit": 52,
        "Operating Income": 23,
        "EBIT": 29,
        "Net Income": 16
    },
    "2013-09-30": {
        "Diluted EPS": 0.39,
        "Total Revenue": 122,
        "Gross Profit": 50,
        "Operating Income": 20,
        "EBIT": 26,
        "Net Income": 13
    },
    "2013-06-30": {
        "Diluted EPS": 0.27,
        "Total Revenue": 116,
        "Gross Profit": 42,
        "Operating Income": 13,
        "EBIT": 19,
        "Net Income": 9
    },
    "2013-03-31": {
        "Diluted EPS": 0.29,
        "Total Revenue": 116,
        "Gross Profit": 43,
        "Operating Income": 12,
        "EBIT": 19,
        "Net Income": 10
    },
    "2012-12-31": {
        "Diluted EPS": 0.37,
        "Total Revenue": 118,
        "Gross Profit": 47,
        "Operating Income": 16,
        "EBIT": 22,
        "Net Income": 12
    },
    "2012-09-30": {
        "Diluted EPS": 0.35,
        "Total Revenue": 113,
        "Gross Profit": 44,
        "Operating Income": 17,
        "EBIT": 23,
        "Net Income": 12
    },
    "2012-06-30": {
        "Diluted EPS": 0.27,
        "Total Revenue": 108,
        "Gross Profit": 42,
        "Operating Income": 14,
        "EBIT": 20,
        "Net Income": 9
    },
    "2012-03-31": {
        "Diluted EPS": 0.27,
        "Total Revenue": 105,
        "Gross Profit": 38,
        "Operating Income": 10,
        "EBIT": 17,
        "Net Income": 9
    },
    "2011-12-31": {
        "Diluted EPS": 0.29,
        "Total Revenue": 103,
        "Gross Profit": 41,
        "Operating Income": 13,
        "EBIT": 19,
        "Net Income": 10
    },
    "2011-09-30": {
        "Diluted EPS": 0.27,
        "Total Revenue": 100,
        "Gross Profit": 38,
        "Operating Income": 12,
        "EBIT": 18,
        "Net Income": 8
    },
    "2011-06-30": {
        "Diluted EPS": 0.27,
        "Total Revenue": 85,
        "Gross Profit": 33,
        "Operating Income": 9,
        "EBIT": 15,
        "Net Income": 8
    },
    "2011-03-31": {
        "Diluted EPS": 0.27,
        "Total Revenue": 73,
        "Gross Profit": 29,
        "Operating Income": 8,
        "EBIT": 12,
        "Net Income": 8
    },
    "2010-12-31": {
        "Diluted EPS": 0.27,
        "Total Revenue": 70,
        "Gross Profit": 28,
        "Operating Income": 8,
        "EBIT": 12,
        "Net Income": 8
    },
    "2010-09-30": {
        "Diluted EPS": 0.26,
        "Total Revenue": 68,
        "Gross Profit": 27,
        "Operating Income": 7,
        "EBIT": 11,
        "Net Income": 8
    },
    "2010-06-30": {
        "Diluted EPS": 0.16,
        "Total Revenue": 61,
        "Gross Profit": 23,
        "Operating Income": 5,
        "EBIT": 9,
        "Net Income": 5
    },
    "2010-03-31": {
        "Diluted EPS": 0.19,
        "Total Revenue": 54,
        "Gross Profit": 23,
        "Operating Income": 6,
        "EBIT": 10,
        "Net Income": 6
    },
    "2009-12-31": {
        "Diluted EPS": 0.25,
        "Total Revenue": 59,
        "Gross Profit": 29,
        "Operating Income": 12,
        "EBIT": 15,
        "Net Income": 8
    },
    "2009-09-30": {
        "Diluted EPS": 0.14,
        "Total Revenue": 48,
        "Gross Profit": 19,
        "Operating Income": 5,
        "EBIT": 8,
        "Net Income": 4
    },
    "2009-06-30": {
        "Diluted EPS": 0.04,
        "Total Revenue": 42,
        "Gross Profit": 17,
        "Operating Income": 3,
        "EBIT": 6,
        "Net Income": 1
    },
    "2009-03-31": {
        "Diluted EPS": 0.1,
        "Total Revenue": 41,
        "Gross Profit": 17,
        "Operating Income": 4,
        "EBIT": 7,
        "Net Income": 3
    },
    "2023-09-30": {
        "Tax Effect Of Unusual Items": NaN,
        "Tax Rate For Calcs": NaN,
        "Normalized EBITDA": NaN,
        "Total Unusual Items": NaN,
        "Total Unusual Items Excluding Goodwill": NaN,
        "Net Income From Continuing Operation Net Minority Interest": NaN,
        "Reconciled Depreciation": NaN,
        "Reconciled Cost Of Revenue": NaN,
        "EBITDA": NaN,
        "EBIT": NaN,
        "Net Interest Income": NaN,
        "Interest Expense": NaN,
        "Interest Income": NaN,
        "Normalized Income": NaN,
        "Net Income From Continuing And Discontinued Operation": NaN,
        "Total Expenses": NaN,
        "Total Operating Income As Reported": NaN,
        "Diluted Average Shares": 167688374.0,
        "Basic Average Shares": 166159619.0,
        "Diluted EPS": 0.26,
        "Basic EPS": 0.26,
        "Diluted NI Availto Com Stockholders": NaN,
        "Net Income Common Stockholders": NaN,
        "Net Income": NaN,
        "Net Income Including Noncontrolling Interests": NaN,
        "Net Income Continuous Operations": NaN,
        "Earnings From Equity Interest Net Of Tax": NaN,
        "Tax Provision": NaN,
        "Pretax Income": NaN,
        "Other Income Expense": NaN,
        "Other Non Operating Income Expenses": NaN,
        "Special Income Charges": NaN,
        "Restructuring And Mergern Acquisition": NaN,
        "Gain On Sale Of Security": NaN,
        "Net Non Operating Interest Income Expense": NaN,
        "Interest Expense Non Operating": NaN,
        "Interest Income Non Operating": NaN,
        "Operating Income": NaN,
        "Operating Expense": NaN,
        "Depreciation Amortization Depletion Income Statement": NaN,
        "Depreciation And Amortization In Income Statement": NaN,
        "Selling General And Administration": NaN,
        "Selling And Marketing Expense": NaN,
        "General And Administrative Expense": NaN,
        "Other Gand A": NaN,
        "Gross Profit": NaN,
        "Cost Of Revenue": NaN,
        "Total Revenue": NaN,
        "Operating Revenue": NaN
    },
    "2023-12-31": {
        "Tax Effect Of Unusual Items": 627426.458519,
        "Tax Rate For Calcs": 0.281231,
        "Normalized EBITDA": 74466000.0,
        "Total Unusual Items": 2231000.0,
        "Total Unusual Items Excluding Goodwill": 2231000.0,
        "Net Income From Continuing Operation Net Minority Interest": 40283000.0,
        "Reconciled Depreciation": 17497000.0,
        "Reconciled Cost Of Revenue": 257012000.0,
        "EBITDA": 76697000.0,
        "EBIT": 59200000.0,
        "Net Interest Income": -603000.0,
        "Interest Expense": 3150000.0,
        "Interest Income": 2547000.0,
        "Normalized Income": 38679426.458519,
        "Net Income From Continuing And Discontinued Operation": 40283000.0,
        "Total Expenses": 359792000.0,
        "Total Operating Income As Reported": 54266000.0,
        "Diluted Average Shares": NaN,
        "Basic Average Shares": NaN,
        "Diluted EPS": NaN,
        "Basic EPS": NaN,
        "Diluted NI Availto Com Stockholders": 40283000.0,
        "Net Income Common Stockholders": 40283000.0,
        "Net Income": 40283000.0,
        "Net Income Including Noncontrolling Interests": 40283000.0,
        "Net Income Continuous Operations": 40283000.0,
        "Earnings From Equity Interest Net Of Tax": -4000.0,
        "Tax Provision": 15763000.0,
        "Pretax Income": 56050000.0,
        "Other Income Expense": 2387000.0,
        "Other Non Operating Income Expenses": 156000.0,
        "Special Income Charges": 600000.0,
        "Restructuring And Mergern Acquisition": -600000.0,
        "Gain On Sale Of Security": 1631000.0,
        "Net Non Operating Interest Income Expense": -603000.0,
        "Interest Expense Non Operating": 3150000.0,
        "Interest Income Non Operating": 2547000.0,
        "Operating Income": 54266000.0,
        "Operating Expense": 97581000.0,
        "Depreciation Amortization Depletion Income Statement": 12298000.0,
        "Depreciation And Amortization In Income Statement": 12298000.0,
        "Selling General And Administration": 85283000.0,
        "Selling And Marketing Expense": 31553000.0,
        "General And Administrative Expense": 53730000.0,
        "Other Gand A": 53730000.0,
        "Gross Profit": 151847000.0,
        "Cost Of Revenue": 262211000.0,
        "Total Revenue": 414058000.0,
        "Operating Revenue": 414058000.0
    },
    "2024-03-31": {
        "Tax Effect Of Unusual Items": 432080.0,
        "Tax Rate For Calcs": 0.22,
        "Normalized EBITDA": 81203000.0,
        "Total Unusual Items": 1964000.0,
        "Total Unusual Items Excluding Goodwill": 1964000.0,
        "Net Income From Continuing Operation Net Minority Interest": 48763000.0,
        "Reconciled Depreciation": 17332000.0,
        "Reconciled Cost Of Revenue": 268438000.0,
        "EBITDA": 83167000.0,
        "EBIT": 65835000.0,
        "Net Interest Income": -1007000.0,
        "Interest Expense": 3291000.0,
        "Interest Income": 2284000.0,
        "Normalized Income": 47231080.0,
        "Net Income From Continuing And Discontinued Operation": 48763000.0,
        "Total Expenses": 374983000.0,
        "Total Operating Income As Reported": 61524000.0,
        "Diluted Average Shares": 166726853.0,
        "Basic Average Shares": 165082387.0,
        "Diluted EPS": 0.29,
        "Basic EPS": 0.3,
        "Diluted NI Availto Com Stockholders": 48763000.0,
        "Net Income Common Stockholders": 48763000.0,
        "Net Income": 48763000.0,
        "Net Income Including Noncontrolling Interests": 48763000.0,
        "Net Income Continuous Operations": 48763000.0,
        "Earnings From Equity Interest Net Of Tax": -28000.0,
        "Tax Provision": 13753000.0,
        "Pretax Income": 62544000.0,
        "Other Income Expense": 2027000.0,
        "Other Non Operating Income Expenses": 63000.0,
        "Special Income Charges": 589000.0,
        "Restructuring And Mergern Acquisition": -589000.0,
        "Gain On Sale Of Security": 1375000.0,
        "Net Non Operating Interest Income Expense": -1007000.0,
        "Interest Expense Non Operating": 3291000.0,
        "Interest Income Non Operating": 2284000.0,
        "Operating Income": 61524000.0,
        "Operating Expense": 101559000.0,
        "Depreciation Amortization Depletion Income Statement": 12346000.0,
        "Depreciation And Amortization In Income Statement": 12346000.0,
        "Selling General And Administration": 89213000.0,
        "Selling And Marketing Expense": 35970000.0,
        "General And Administrative Expense": 53243000.0,
        "Other Gand A": 53243000.0,
        "Gross Profit": 163083000.0,
        "Cost Of Revenue": 273424000.0,
        "Total Revenue": 436507000.0,
        "Operating Revenue": 436507000.0
    },
    "2024-06-30": {
        "Tax Effect Of Unusual Items": NaN,
        "Tax Rate For Calcs": NaN,
        "Normalized EBITDA": NaN,
        "Total Unusual Items": NaN,
        "Total Unusual Items Excluding Goodwill": NaN,
        "Net Income From Continuing Operation Net Minority Interest": NaN,
        "Reconciled Depreciation": NaN,
        "Reconciled Cost Of Revenue": NaN,
        "EBITDA": NaN,
        "EBIT": NaN,
        "Net Interest Income": NaN,
        "Interest Expense": NaN,
        "Interest Income": NaN,
        "Normalized Income": NaN,
        "Net Income From Continuing And Discontinued Operation": NaN,
        "Total Expenses": NaN,
        "Total Operating Income As Reported": NaN,
        "Diluted Average Shares": NaN,
        "Basic Average Shares": NaN,
        "Diluted EPS": NaN,
        "Basic EPS": NaN,
        "Diluted NI Availto Com Stockholders": NaN,
        "Net Income Common Stockholders": NaN,
        "Net Income": NaN,
        "Net Income Including Noncontrolling Interests": NaN,
        "Net Income Continuous Operations": NaN,
        "Earnings From Equity Interest Net Of Tax": NaN,
        "Tax Provision": NaN,
        "Pretax Income": NaN,
        "Other Income Expense": NaN,
        "Other Non Operating Income Expenses": NaN,
        "Special Income Charges": NaN,
        "Restructuring And Mergern Acquisition": NaN,
        "Gain On Sale Of Security": NaN,
        "Net Non Operating Interest Income Expense": NaN,
        "Interest Expense Non Operating": NaN,
        "Interest Income Non Operating": NaN,
        "Operating Income": NaN,
        "Operating Expense": NaN,
        "Depreciation Amortization Depletion Income Statement": NaN,
        "Depreciation And Amortization In Income Statement": NaN,
        "Amortization": 3077000.0,
        "Amortization Of Intangibles Income Statement": 3077000.0,
        "Depreciation Income Statement": 9833000.0,
        "Selling General And Administration": NaN,
        "Selling And Marketing Expense": NaN,
        "General And Administrative Expense": NaN,
        "Other Gand A": NaN,
        "Gross Profit": NaN,
        "Cost Of Revenue": NaN,
        "Total Revenue": NaN,
        "Operating Revenue": NaN
    },
    "2024-09-30": {
        "Tax Effect Of Unusual Items": 461944.0,
        "Tax Rate For Calcs": 0.226,
        "Normalized EBITDA": 101921000.0,
        "Total Unusual Items": 2044000.0,
        "Total Unusual Items Excluding Goodwill": 2044000.0,
        "Net Income From Continuing Operation Net Minority Interest": 53037000.0,
        "Reconciled Depreciation": 29908000.0,
        "Reconciled Cost Of Revenue": 277697000.0,
        "EBITDA": 103965000.0,
        "EBIT": 74057000.0,
        "Net Interest Income": -2979000.0,
        "Interest Expense": 5526000.0,
        "Interest Income": 2547000.0,
        "Normalized Income": 51454944.0,
        "Net Income From Continuing And Discontinued Operation": 53037000.0,
        "Total Expenses": 402668000.0,
        "Total Operating Income As Reported": 69405000.0,
        "Diluted Average Shares": 163187733.0,
        "Basic Average Shares": 161732872.0,
        "Diluted EPS": 0.33,
        "Basic EPS": 0.33,
        "Diluted NI Availto Com Stockholders": 53037000.0,
        "Net Income Common Stockholders": 53037000.0,
        "Net Income": 53037000.0,
        "Net Income Including Noncontrolling Interests": 53037000.0,
        "Net Income Continuous Operations": 53037000.0,
        "Earnings From Equity Interest Net Of Tax": -34000.0,
        "Tax Provision": 15460000.0,
        "Pretax Income": 68531000.0,
        "Other Income Expense": 2105000.0,
        "Other Non Operating Income Expenses": 61000.0,
        "Special Income Charges": 0.0,
        "Restructuring And Mergern Acquisition": 0.0,
        "Gain On Sale Of Security": 2044000.0,
        "Net Non Operating Interest Income Expense": -2979000.0,
        "Interest Expense Non Operating": 5526000.0,
        "Interest Income Non Operating": 2547000.0,
        "Operating Income": 69405000.0,
        "Operating Expense": 108862000.0,
        "Depreciation Amortization Depletion Income Statement": 13799000.0,
        "Depreciation And Amortization In Income Statement": 13799000.0,
        "Amortization": NaN,
        "Amortization Of Intangibles Income Statement": NaN,
        "Depreciation Income Statement": NaN,
        "Selling General And Administration": 95063000.0,
        "Selling And Marketing Expense": 37568000.0,
        "General And Administrative Expense": 57495000.0,
        "Other Gand A": 57495000.0,
        "Gross Profit": 178267000.0,
        "Cost Of Revenue": 293806000.0,
        "Total Revenue": 472073000.0,
        "Operating Revenue": 472073000.0
    },
    "2024-12-31": {
        "Tax Effect Of Unusual Items": 544598.597038,
        "Tax Rate For Calcs": 0.281301,
        "Normalized EBITDA": 95587000.0,
        "Total Unusual Items": 1936000.0,
        "Total Unusual Items Excluding Goodwill": 1936000.0,
        "Net Income From Continuing Operation Net Minority Interest": 50672000.0,
        "Reconciled Depreciation": 21847000.0,
        "Reconciled Cost Of Revenue": 292340000.0,
        "EBITDA": 97523000.0,
        "EBIT": 75676000.0,
        "Net Interest Income": -2396000.0,
        "Interest Expense": 5111000.0,
        "Interest Income": 2715000.0,
        "Normalized Income": 49280598.597038,
        "Net Income From Continuing And Discontinued Operation": 50672000.0,
        "Total Expenses": 410184000.0,
        "Total Operating Income As Reported": 71242000.0,
        "Diluted Average Shares": 163436793.0,
        "Basic Average Shares": 161292473.0,
        "Diluted EPS": 0.31,
        "Basic EPS": 0.31,
        "Diluted NI Availto Com Stockholders": 50672000.0,
        "Net Income Common Stockholders": 50672000.0,
        "Net Income": 50672000.0,
        "Net Income Including Noncontrolling Interests": 50672000.0,
        "Net Income Continuous Operations": 50672000.0,
        "Earnings From Equity Interest Net Of Tax": -43000.0,
        "Tax Provision": 19850000.0,
        "Pretax Income": 70565000.0,
        "Other Income Expense": 1719000.0,
        "Other Non Operating Income Expenses": -217000.0,
        "Special Income Charges": 0.0,
        "Restructuring And Mergern Acquisition": 0.0,
        "Gain On Sale Of Security": 1936000.0,
        "Net Non Operating Interest Income Expense": -2396000.0,
        "Interest Expense Non Operating": 5111000.0,
        "Interest Income Non Operating": 2715000.0,
        "Operating Income": 71242000.0,
        "Operating Expense": 112161000.0,
        "Depreciation Amortization Depletion Income Statement": 16164000.0,
        "Depreciation And Amortization In Income Statement": 16164000.0,
        "Amortization": NaN,
        "Amortization Of Intangibles Income Statement": NaN,
        "Depreciation Income Statement": NaN,
        "Selling General And Administration": 95997000.0,
        "Selling And Marketing Expense": 37520000.0,
        "General And Administrative Expense": 58477000.0,
        "Other Gand A": 58477000.0,
        "Gross Profit": 183403000.0,
        "Cost Of Revenue": 298023000.0,
        "Total Revenue": 481426000.0,
        "Operating Revenue": 481426000.0
    },
    "2025-03-31": {
        "Tax Effect Of Unusual Items": 530660.0,
        "Tax Rate For Calcs": 0.169,
        "Normalized EBITDA": 100773000.0,
        "Total Unusual Items": 3140000.0,
        "Total Unusual Items Excluding Goodwill": 3140000.0,
        "Net Income From Continuing Operation Net Minority Interest": 66561000.0,
        "Reconciled Depreciation": 19603000.0,
        "Reconciled Cost Of Revenue": 301659000.0,
        "EBITDA": 103913000.0,
        "EBIT": 84310000.0,
        "Net Interest Income": -1519000.0,
        "Interest Expense": 4144000.0,
        "Interest Income": 2625000.0,
        "Normalized Income": 63951660.0,
        "Net Income From Continuing And Discontinued Operation": 66561000.0,
        "Total Expenses": 422604000.0,
        "Total Operating Income As Reported": 78415000.0,
        "Diluted Average Shares": 164557333.0,
        "Basic Average Shares": 162490179.0,
        "Diluted EPS": 0.4,
        "Basic EPS": 0.41,
        "Diluted NI Availto Com Stockholders": 66561000.0,
        "Net Income Common Stockholders": 66561000.0,
        "Net Income": 66561000.0,
        "Net Income Including Noncontrolling Interests": 66561000.0,
        "Net Income Continuous Operations": 66561000.0,
        "Earnings From Equity Interest Net Of Tax": -109000.0,
        "Tax Provision": 13496000.0,
        "Pretax Income": 80166000.0,
        "Other Income Expense": 3270000.0,
        "Other Non Operating Income Expenses": 130000.0,
        "Special Income Charges": 0.0,
        "Restructuring And Mergern Acquisition": 0.0,
        "Gain On Sale Of Security": 3140000.0,
        "Net Non Operating Interest Income Expense": -1519000.0,
        "Interest Expense Non Operating": 4144000.0,
        "Interest Income Non Operating": 2625000.0,
        "Operating Income": 78415000.0,
        "Operating Expense": 114899000.0,
        "Depreciation Amortization Depletion Income Statement": 13557000.0,
        "Depreciation And Amortization In Income Statement": 13557000.0,
        "Amortization": NaN,
        "Amortization Of Intangibles Income Statement": NaN,
        "Depreciation Income Statement": NaN,
        "Selling General And Administration": 101342000.0,
        "Selling And Marketing Expense": 41925000.0,
        "General And Administrative Expense": 59417000.0,
        "Other Gand A": 59417000.0,
        "Gross Profit": 193314000.0,
        "Cost Of Revenue": 307705000.0,
        "Total Revenue": 501019000.0,
        "Operating Revenue": 501019000.0
    },
    "2025-06-30": {
        "Tax Effect Of Unusual Items": 978930.0,
        "Tax Rate For Calcs": 0.219,
        "Normalized EBITDA": 98605000.0,
        "Total Unusual Items": 4470000.0,
        "Total Unusual Items Excluding Goodwill": 4470000.0,
        "Net Income From Continuing Operation Net Minority Interest": 66051000.0,
        "Reconciled Depreciation": 8086000.0,
        "Reconciled Cost Of Revenue": 326241000.0,
        "EBITDA": 103075000.0,
        "EBIT": 89020000.0,
        "Net Interest Income": -1600000.0,
        "Interest Expense": 4282000.0,
        "Interest Income": 2682000.0,
        "Normalized Income": 62559930.0,
        "Net Income From Continuing And Discontinued Operation": 66051000.0,
        "Total Expenses": 433322000.0,
        "Total Operating Income As Reported": 81138000.0,
        "Diluted Average Shares": 164193258.0,
        "Basic Average Shares": 162925484.0,
        "Diluted EPS": 0.4,
        "Basic EPS": 0.41,
        "Diluted NI Availto Com Stockholders": 66051000.0,
        "Net Income Common Stockholders": 66051000.0,
        "Net Income": 66051000.0,
        "Net Income Including Noncontrolling Interests": 66051000.0,
        "Net Income Continuous Operations": 66051000.0,
        "Earnings From Equity Interest Net Of Tax": -141000.0,
        "Tax Provision": 18546000.0,
        "Pretax Income": 84738000.0,
        "Other Income Expense": 5200000.0,
        "Other Non Operating Income Expenses": 730000.0,
        "Special Income Charges": 0.0,
        "Restructuring And Mergern Acquisition": 0.0,
        "Gain On Sale Of Security": 4470000.0,
        "Net Non Operating Interest Income Expense": -1600000.0,
        "Interest Expense Non Operating": 4282000.0,
        "Interest Income Non Operating": 2682000.0,
        "Operating Income": 81138000.0,
        "Operating Expense": 113050000.0,
        "Depreciation Amortization Depletion Income Statement": 14055000.0,
        "Depreciation And Amortization In Income Statement": 14055000.0,
        "Amortization": 3277000.0,
        "Amortization Of Intangibles Income Statement": 3277000.0,
        "Depreciation Income Statement": 10778000.0,
        "Selling General And Administration": 98995000.0,
        "Selling And Marketing Expense": 39446000.0,
        "General And Administrative Expense": 59549000.0,
        "Other Gand A": 59549000.0,
        "Gross Profit": 194188000.0,
        "Cost Of Revenue": 320272000.0,
        "Total Revenue": 514460000.0,
        "Operating Revenue": 514460000.0
    },
    "2025-09-30": {
        "Tax Effect Of Unusual Items": 261443.0,
        "Tax Rate For Calcs": 0.221,
        "Normalized EBITDA": 112018000.0,
        "Total Unusual Items": 1183000.0,
        "Total Unusual Items Excluding Goodwill": 1183000.0,
        "Net Income From Continuing Operation Net Minority Interest": 58161000.0,
        "Reconciled Depreciation": 33581000.0,
        "Reconciled Cost Of Revenue": 307196000.0,
        "EBITDA": 113201000.0,
        "EBIT": 79620000.0,
        "Net Interest Income": -2789000.0,
        "Interest Expense": 4923000.0,
        "Interest Income": 2134000.0,
        "Normalized Income": 57239443.0,
        "Net Income From Continuing And Discontinued Operation": 58161000.0,
        "Total Expenses": 453411000.0,
        "Total Operating Income As Reported": 76174000.0,
        "Diluted Average Shares": 161714486.0,
        "Basic Average Shares": 160495712.0,
        "Diluted EPS": 0.36,
        "Basic EPS": 0.36,
        "Diluted NI Availto Com Stockholders": 58161000.0,
        "Net Income Common Stockholders": 58161000.0,
        "Net Income": 58161000.0,
        "Net Income Including Noncontrolling Interests": 58161000.0,
        "Net Income Continuous Operations": 58161000.0,
        "Earnings From Equity Interest Net Of Tax": -80000.0,
        "Tax Provision": 16456000.0,
        "Pretax Income": 74697000.0,
        "Other Income Expense": 1312000.0,
        "Other Non Operating Income Expenses": 129000.0,
        "Special Income Charges": 0.0,
        "Restructuring And Mergern Acquisition": 0.0,
        "Gain On Sale Of Security": 1183000.0,
        "Net Non Operating Interest Income Expense": -2789000.0,
        "Interest Expense Non Operating": 4923000.0,
        "Interest Income Non Operating": 2134000.0,
        "Operating Income": 76174000.0,
        "Operating Expense": 127762000.0,
        "Depreciation Amortization Depletion Income Statement": 15128000.0,
        "Depreciation And Amortization In Income Statement": 15128000.0,
        "Amortization": 3310000.0,
        "Amortization Of Intangibles Income Statement": 3310000.0,
        "Depreciation Income Statement": 11818000.0,
        "Selling General And Administration": 112634000.0,
        "Selling And Marketing Expense": 46383000.0,
        "General And Administrative Expense": 66251000.0,
        "Other Gand A": 66251000.0,
        "Gross Profit": 203936000.0,
        "Cost Of Revenue": 325649000.0,
        "Total Revenue": 529585000.0,
        "Operating Revenue": 529585000.0
    }
}