{
    "2023-03-31": {
        "Tax Effect Of Unusual Items": NaN,
        "Tax Rate For Calcs": NaN,
        "Normalized EBITDA": NaN,
        "Total Unusual Items": NaN,
        "Total Unusual Items Excluding Goodwill": NaN,
        "Net Income From Continuing Operation Net Minority Interest": NaN,
        "Reconciled Depreciation": NaN,
        "Reconciled Cost Of Revenue": NaN,
        "EBITDA": NaN,
        "EBIT": NaN,
        "Normalized Income": NaN,
        "Net Income From Continuing And Discontinued Operation": NaN,
        "Total Expenses": NaN,
        "Total Operating Income As Reported": NaN,
        "Diluted Average Shares": NaN,
        "Basic Average Shares": NaN,
        "Diluted EPS": NaN,
        "Basic EPS": NaN,
        "Diluted NI Availto Com Stockholders": NaN,
        "Net Income Common Stockholders": NaN,
        "Net Income": NaN,
        "Minority Interests": 0.0,
        "Net Income Including Noncontrolling Interests": NaN,
        "Net Income Discontinuous Operations": NaN,
        "Net Income Continuous Operations": NaN,
        "Tax Provision": NaN,
        "Pretax Income": NaN,
        "Other Income Expense": NaN,
        "Other Non Operating Income Expenses": NaN,
        "Special Income Charges": NaN,
        "Other Special Charges": NaN,
        "Earnings From Equity Interest": NaN,
        "Operating Income": NaN,
        "Operating Expense": NaN,
        "Research And Development": NaN,
        "Selling General And Administration": NaN,
        "Selling And Marketing Expense": NaN,
        "General And Administrative Expense": NaN,
        "Other Gand A": NaN,
        "Gross Profit": NaN,
        "Cost Of Revenue": NaN,
        "Total Revenue": NaN,
        "Operating Revenue": NaN
    },
    "2022-12-31": {
        "Tax Effect Of Unusual Items": NaN,
        "Tax Rate For Calcs": NaN,
        "Normalized EBITDA": NaN,
        "Total Unusual Items": NaN,
        "Total Unusual Items Excluding Goodwill": NaN,
        "Net Income From Continuing Operation Net Minority Interest": NaN,
        "Reconciled Depreciation": NaN,
        "Reconciled Cost Of Revenue": NaN,
        "EBITDA": NaN,
        "EBIT": NaN,
        "Normalized Income": NaN,
        "Net Income From Continuing And Discontinued Operation": NaN,
        "Total Expenses": NaN,
        "Total Operating Income As Reported": NaN,
        "Diluted Average Shares": NaN,
        "Basic Average Shares": NaN,
        "Diluted EPS": NaN,
        "Basic EPS": NaN,
        "Diluted NI Availto Com Stockholders": NaN,
        "Net Income Common Stockholders": NaN,
        "Net Income": NaN,
        "Minority Interests": 0.0,
        "Net Income Including Noncontrolling Interests": NaN,
        "Net Income Discontinuous Operations": NaN,
        "Net Income Continuous Operations": NaN,
        "Tax Provision": NaN,
        "Pretax Income": NaN,
        "Other Income Expense": NaN,
        "Other Non Operating Income Expenses": NaN,
        "Special Income Charges": NaN,
        "Other Special Charges": NaN,
        "Earnings From Equity Interest": NaN,
        "Operating Income": NaN,
        "Operating Expense": NaN,
        "Research And Development": NaN,
        "Selling General And Administration": NaN,
        "Selling And Marketing Expense": NaN,
        "General And Administrative Expense": NaN,
        "Other Gand A": NaN,
        "Gross Profit": NaN,
        "Cost Of Revenue": NaN,
        "Total Revenue": NaN,
        "Operating Revenue": NaN
    },
    "2022-09-30": {
        "Tax Effect Of Unusual Items": 0.0,
        "Tax Rate For Calcs": 0.4,
        "Normalized EBITDA": 2793000.0,
        "Net Income From Continuing Operation Net Minority Interest": 4402000.0,
        "Reconciled Depreciation": 2767000.0,
        "Reconciled Cost Of Revenue": 1145853000.0,
        "EBITDA": 2793000.0,
        "EBIT": 26000.0,
        "Normalized Income": 4402000.0,
        "Net Income From Continuing And Discontinued Operation": 4402000.0,
        "Total Expenses": 1238949000.0,
        "Total Operating Income As Reported": 26000.0,
        "Diluted Average Shares": 155915307.0,
        "Basic Average Shares": 151826315.0,
        "Diluted EPS": 0.03,
        "Basic EPS": 0.03,
        "Diluted NI Availto Com Stockholders": 4402000.0,
        "Net Income Common Stockholders": 4402000.0,
        "Net Income": 4402000.0,
        "Minority Interests": 0.0,
        "Net Income Including Noncontrolling Interests": 4402000.0,
        "Net Income Continuous Operations": 4402000.0,
        "Tax Provision": -4627000.0,
        "Pretax Income": -225000.0,
        "Other Income Expense": -251000.0,
        "Other Non Operating Income Expenses": 78000.0,
        "Earnings From Equity Interest": -329000.0,
        "Operating Income": 26000.0,
        "Operating Expense": 93096000.0,
        "Selling General And Administration": 93096000.0,
        "Selling And Marketing Expense": 3636000.0,
        "General And Administrative Expense": 89460000.0,
        "Other Gand A": 89460000.0,
        "Gross Profit": 93122000.0,
        "Cost Of Revenue": 1145853000.0,
        "Total Revenue": 1238975000.0,
        "Operating Revenue": 1238975000.0
    },
    "2022-06-30": {
        "Tax Effect Of Unusual Items": 0.0,
        "Tax Rate For Calcs": 0.1516,
        "Normalized EBITDA": 14078000.0,
        "Net Income From Continuing Operation Net Minority Interest": 9359000.0,
        "Reconciled Depreciation": 2429000.0,
        "Reconciled Cost Of Revenue": 1307810000.0,
        "EBITDA": 14078000.0,
        "EBIT": 11649000.0,
        "Normalized Income": 9359000.0,
        "Net Income From Continuing And Discontinued Operation": 9359000.0,
        "Total Expenses": 1403411000.0,
        "Total Operating Income As Reported": 11649000.0,
        "Diluted Average Shares": 155816038.0,
        "Basic Average Shares": 150783418.0,
        "Diluted EPS": 0.06,
        "Basic EPS": 0.06,
        "Diluted NI Availto Com Stockholders": 9359000.0,
        "Net Income Common Stockholders": 9359000.0,
        "Net Income": 9359000.0,
        "Minority Interests": 0.0,
        "Net Income Including Noncontrolling Interests": 9359000.0,
        "Net Income Continuous Operations": 9359000.0,
        "Tax Provision": 1661000.0,
        "Pretax Income": 11020000.0,
        "Other Income Expense": -629000.0,
        "Other Non Operating Income Expenses": -62000.0,
        "Earnings From Equity Interest": -567000.0,
        "Operating Income": 11649000.0,
        "Operating Expense": 95601000.0,
        "Selling General And Administration": 95601000.0,
        "Selling And Marketing Expense": 4210000.0,
        "General And Administrative Expense": 91391000.0,
        "Other Gand A": 91391000.0,
        "Gross Profit": 107250000.0,
        "Cost Of Revenue": 1307810000.0,
        "Total Revenue": 1415060000.0,
        "Operating Revenue": 1415060000.0
    },
    "2023-06-30": {
        "Tax Effect Of Unusual Items": NaN,
        "Tax Rate For Calcs": NaN,
        "Normalized EBITDA": NaN,
        "Total Unusual Items": NaN,
        "Total Unusual Items Excluding Goodwill": NaN,
        "Net Income From Continuing Operation Net Minority Interest": NaN,
        "Reconciled Depreciation": NaN,
        "Reconciled Cost Of Revenue": NaN,
        "EBITDA": NaN,
        "EBIT": NaN,
        "Normalized Income": NaN,
        "Net Income From Continuing And Discontinued Operation": NaN,
        "Total Expenses": NaN,
        "Total Operating Income As Reported": NaN,
        "Diluted Average Shares": 156693959.0,
        "Basic Average Shares": 153249120.0,
        "Diluted EPS": 0.06,
        "Basic EPS": 0.06,
        "Diluted NI Availto Com Stockholders": NaN,
        "Net Income Common Stockholders": NaN,
        "Net Income": NaN,
        "Minority Interests": 0.0,
        "Net Income Including Noncontrolling Interests": NaN,
        "Net Income Discontinuous Operations": NaN,
        "Net Income Continuous Operations": NaN,
        "Tax Provision": NaN,
        "Pretax Income": NaN,
        "Other Income Expense": NaN,
        "Other Non Operating Income Expenses": NaN,
        "Special Income Charges": NaN,
        "Other Special Charges": NaN,
        "Earnings From Equity Interest": NaN,
        "Operating Income": NaN,
        "Operating Expense": NaN,
        "Research And Development": NaN,
        "Selling General And Administration": NaN,
        "Selling And Marketing Expense": NaN,
        "General And Administrative Expense": NaN,
        "Other Gand A": NaN,
        "Gross Profit": NaN,
        "Cost Of Revenue": NaN,
        "Total Revenue": NaN,
        "Operating Revenue": NaN
    },
    "2022-03-31": {
        "Diluted EPS": 0.06,
        "Total Revenue": NaN,
        "Gross Profit": 83,
        "Operating Income": 4,
        "EBIT": 6,
        "Net Income": 9
    },
    "2021-12-31": {
        "Diluted EPS": 0.09,
        "Total Revenue": NaN,
        "Gross Profit": 83,
        "Operating Income": 2,
        "EBIT": 3,
        "Net Income": 16
    },
    "2021-09-30": {
        "Diluted EPS": 0.15,
        "Total Revenue": NaN,
        "Gross Profit": 80,
        "Operating Income": 11,
        "EBIT": 13,
        "Net Income": 24
    },
    "2021-06-30": {
        "Diluted EPS": 0.24,
        "Total Revenue": NaN,
        "Gross Profit": 80,
        "Operating Income": 17,
        "EBIT": 18,
        "Net Income": 37
    },
    "2021-03-31": {
        "Diluted EPS": 0.03,
        "Total Revenue": 584,
        "Gross Profit": 53,
        "Operating Income": 5,
        "EBIT": 6,
        "Net Income": 5
    },
    "2020-12-31": {
        "Diluted EPS": 0.05,
        "Total Revenue": 609,
        "Gross Profit": 50,
        "Operating Income": 8,
        "EBIT": 9,
        "Net Income": 8
    },
    "2020-09-30": {
        "Diluted EPS": 0.1,
        "Total Revenue": 564,
        "Gross Profit": 47,
        "Operating Income": 15,
        "EBIT": 16,
        "Net Income": 15
    },
    "2020-06-30": {
        "Diluted EPS": 0.06,
        "Total Revenue": 354,
        "Gross Profit": 34,
        "Operating Income": 8,
        "EBIT": 9,
        "Net Income": 8
    },
    "2020-03-31": {
        "Diluted EPS": 0.0,
        "Total Revenue": 271,
        "Gross Profit": 28,
        "Operating Income": 0,
        "EBIT": 1,
        "Net Income": 0
    },
    "2019-12-31": {
        "Diluted EPS": 0.01,
        "Total Revenue": 274,
        "Gross Profit": 24,
        "Operating Income": 1,
        "EBIT": 2,
        "Net Income": 1
    },
    "2019-09-30": {
        "Diluted EPS": -0.02,
        "Total Revenue": 282,
        "Gross Profit": 23,
        "Operating Income": -2,
        "EBIT": -1,
        "Net Income": -2
    },
    "2019-06-30": {
        "Diluted EPS": -0.02,
        "Total Revenue": 267,
        "Gross Profit": 22,
        "Operating Income": -2,
        "EBIT": -2,
        "Net Income": -2
    },
    "2019-03-31": {
        "Diluted EPS": -0.05,
        "Total Revenue": 157,
        "Gross Profit": 14,
        "Operating Income": -6,
        "EBIT": -6,
        "Net Income": -6
    },
    "2018-12-31": {
        "Diluted EPS": -0.04,
        "Total Revenue": 150,
        "Gross Profit": 10,
        "Operating Income": -5,
        "EBIT": -5,
        "Net Income": -5
    },
    "2018-09-30": {
        "Diluted EPS": -0.04,
        "Total Revenue": 157,
        "Gross Profit": 11,
        "Operating Income": -5,
        "EBIT": -4,
        "Net Income": -5
    },
    "2018-06-30": {
        "Diluted EPS": -0.02,
        "Total Revenue": 131,
        "Gross Profit": 12,
        "Operating Income": -2,
        "EBIT": -2,
        "Net Income": -2
    },
    "2018-03-31": {
        "Diluted EPS": -0.1,
        "Total Revenue": 62,
        "Gross Profit": 6,
        "Operating Income": -11,
        "EBIT": -10,
        "Net Income": -11
    },
    "2017-12-31": {
        "Diluted EPS": -0.11,
        "Total Revenue": 48,
        "Gross Profit": 5,
        "Operating Income": -12,
        "EBIT": -12,
        "Net Income": -12
    },
    "2017-09-30": {
        "Diluted EPS": -0.05,
        "Total Revenue": 47,
        "Gross Profit": 4,
        "Operating Income": -5,
        "EBIT": -5,
        "Net Income": -5
    },
    "2017-06-30": {
        "Diluted EPS": -0.02,
        "Total Revenue": 39,
        "Gross Profit": 4,
        "Operating Income": -2,
        "EBIT": -2,
        "Net Income": -2
    },
    "2017-03-31": {
        "Diluted EPS": -0.03,
        "Total Revenue": 22,
        "Gross Profit": 3,
        "Operating Income": -3,
        "EBIT": -3,
        "Net Income": -3
    },
    "2016-12-31": {
        "Diluted EPS": -0.05,
        "Total Revenue": 18,
        "Gross Profit": 2,
        "Operating Income": -5,
        "EBIT": -5,
        "Net Income": -5
    },
    "2016-09-30": {
        "Diluted EPS": -0.02,
        "Total Revenue": 16,
        "Gross Profit": 2,
        "Operating Income": -2,
        "EBIT": -2,
        "Net Income": -2
    },
    "2016-06-30": {
        "Diluted EPS": -0.01,
        "Total Revenue": 13,
        "Gross Profit": 2,
        "Operating Income": -1,
        "EBIT": -1,
        "Net Income": -1
    },
    "2016-03-31": {
        "Diluted EPS": -0.01,
        "Total Revenue": 7,
        "Gross Profit": 1,
        "Operating Income": -1,
        "EBIT": -1,
        "Net Income": -1
    },
    "2015-12-31": {
        "Diluted EPS": 0.02,
        "Total Revenue": 6,
        "Gross Profit": 1,
        "Operating Income": 2,
        "EBIT": 2,
        "Net Income": 2
    },
    "2015-09-30": {
        "Diluted EPS": 0.02,
        "Total Revenue": 7,
        "Gross Profit": 1,
        "Operating Income": 2,
        "EBIT": 2,
        "Net Income": 2
    },
    "2015-06-30": {
        "Diluted EPS": -0.05,
        "Total Revenue": 6,
        "Gross Profit": 1,
        "Operating Income": -5,
        "EBIT": -5,
        "Net Income": -5
    },
    "2015-03-31": {
        "Diluted EPS": 0.0,
        "Total Revenue": 3,
        "Gross Profit": 1,
        "Operating Income": 0,
        "EBIT": 0,
        "Net Income": 0
    },
    "2014-12-31": {
        "Diluted EPS": 0.0,
        "Total Revenue": NaN,
        "Gross Profit": NaN,
        "Operating Income": NaN,
        "EBIT": NaN,
        "Net Income": NaN
    },
    "2014-09-30": {
        "Diluted EPS": 0.0,
        "Total Revenue": 4,
        "Gross Profit": 1,
        "Operating Income": 0,
        "EBIT": 0,
        "Net Income": 0
    },
    "2013-12-31": {
        "Diluted EPS": 0.0,
        "Total Revenue": NaN,
        "Gross Profit": NaN,
        "Operating Income": NaN,
        "EBIT": NaN,
        "Net Income": NaN
    },
    "2023-09-30": {
        "Tax Effect Of Unusual Items": NaN,
        "Tax Rate For Calcs": NaN,
        "Normalized EBITDA": NaN,
        "Total Unusual Items": NaN,
        "Total Unusual Items Excluding Goodwill": NaN,
        "Net Income From Continuing Operation Net Minority Interest": NaN,
        "Reconciled Depreciation": NaN,
        "Reconciled Cost Of Revenue": NaN,
        "EBITDA": NaN,
        "EBIT": NaN,
        "Normalized Income": NaN,
        "Net Income From Continuing And Discontinued Operation": NaN,
        "Total Expenses": NaN,
        "Total Operating Income As Reported": NaN,
        "Diluted Average Shares": NaN,
        "Basic Average Shares": NaN,
        "Diluted EPS": NaN,
        "Basic EPS": NaN,
        "Diluted NI Availto Com Stockholders": NaN,
        "Net Income Common Stockholders": NaN,
        "Net Income": NaN,
        "Minority Interests": 0.0,
        "Net Income Including Noncontrolling Interests": NaN,
        "Net Income Discontinuous Operations": NaN,
        "Net Income Continuous Operations": NaN,
        "Tax Provision": NaN,
        "Pretax Income": NaN,
        "Other Income Expense": NaN,
        "Other Non Operating Income Expenses": NaN,
        "Special Income Charges": NaN,
        "Other Special Charges": NaN,
        "Earnings From Equity Interest": NaN,
        "Operating Income": NaN,
        "Operating Expense": NaN,
        "Research And Development": NaN,
        "Selling General And Administration": NaN,
        "Selling And Marketing Expense": NaN,
        "General And Administrative Expense": NaN,
        "Other Gand A": NaN,
        "Gross Profit": NaN,
        "Cost Of Revenue": NaN,
        "Total Revenue": NaN,
        "Operating Revenue": NaN
    },
    "2023-12-31": {
        "Tax Effect Of Unusual Items": NaN,
        "Tax Rate For Calcs": NaN,
        "Normalized EBITDA": NaN,
        "Total Unusual Items": NaN,
        "Total Unusual Items Excluding Goodwill": NaN,
        "Net Income From Continuing Operation Net Minority Interest": NaN,
        "Reconciled Depreciation": NaN,
        "Reconciled Cost Of Revenue": NaN,
        "EBITDA": NaN,
        "EBIT": NaN,
        "Normalized Income": NaN,
        "Net Income From Continuing And Discontinued Operation": NaN,
        "Total Expenses": NaN,
        "Total Operating Income As Reported": NaN,
        "Diluted Average Shares": NaN,
        "Basic Average Shares": NaN,
        "Diluted EPS": NaN,
        "Basic EPS": NaN,
        "Diluted NI Availto Com Stockholders": NaN,
        "Net Income Common Stockholders": NaN,
        "Net Income": NaN,
        "Minority Interests": 0.0,
        "Net Income Including Noncontrolling Interests": NaN,
        "Net Income Discontinuous Operations": NaN,
        "Net Income Continuous Operations": NaN,
        "Tax Provision": NaN,
        "Pretax Income": NaN,
        "Other Income Expense": NaN,
        "Other Non Operating Income Expenses": NaN,
        "Special Income Charges": NaN,
        "Other Special Charges": NaN,
        "Earnings From Equity Interest": NaN,
        "Operating Income": NaN,
        "Operating Expense": NaN,
        "Research And Development": NaN,
        "Selling General And Administration": NaN,
        "Selling And Marketing Expense": NaN,
        "General And Administrative Expense": NaN,
        "Other Gand A": NaN,
        "Gross Profit": NaN,
        "Cost Of Revenue": NaN,
        "Total Revenue": NaN,
        "Operating Revenue": NaN
    },
    "2024-03-31": {
        "Tax Effect Of Unusual Items": NaN,
        "Tax Rate For Calcs": NaN,
        "Normalized EBITDA": NaN,
        "Total Unusual Items": NaN,
        "Total Unusual Items Excluding Goodwill": NaN,
        "Net Income From Continuing Operation Net Minority Interest": NaN,
        "Reconciled Depreciation": NaN,
        "Reconciled Cost Of Revenue": NaN,
        "EBITDA": NaN,
        "EBIT": NaN,
        "Normalized Income": NaN,
        "Net Income From Continuing And Discontinued Operation": NaN,
        "Total Expenses": NaN,
        "Total Operating Income As Reported": NaN,
        "Diluted Average Shares": NaN,
        "Basic Average Shares": NaN,
        "Diluted EPS": NaN,
        "Basic EPS": NaN,
        "Diluted NI Availto Com Stockholders": NaN,
        "Net Income Common Stockholders": NaN,
        "Net Income": NaN,
        "Minority Interests": NaN,
        "Net Income Including Noncontrolling Interests": NaN,
        "Net Income Discontinuous Operations": NaN,
        "Net Income Continuous Operations": NaN,
        "Tax Provision": NaN,
        "Pretax Income": NaN,
        "Other Income Expense": NaN,
        "Other Non Operating Income Expenses": NaN,
        "Special Income Charges": NaN,
        "Other Special Charges": 16000000.0,
        "Earnings From Equity Interest": NaN,
        "Operating Income": NaN,
        "Operating Expense": NaN,
        "Research And Development": NaN,
        "Selling General And Administration": NaN,
        "Selling And Marketing Expense": NaN,
        "General And Administrative Expense": NaN,
        "Other Gand A": NaN,
        "Gross Profit": NaN,
        "Cost Of Revenue": NaN,
        "Total Revenue": NaN,
        "Operating Revenue": NaN
    },
    "2024-06-30": {
        "Tax Effect Of Unusual Items": 0.0,
        "Tax Rate For Calcs": 0.21,
        "Normalized EBITDA": 21501000.0,
        "Total Unusual Items": 0.0,
        "Total Unusual Items Excluding Goodwill": 0.0,
        "Net Income From Continuing Operation Net Minority Interest": 11766000.0,
        "Reconciled Depreciation": 2964000.0,
        "Reconciled Cost Of Revenue": 1197668000.0,
        "EBITDA": 21501000.0,
        "EBIT": 18537000.0,
        "Normalized Income": 11766000.0,
        "Net Income From Continuing And Discontinued Operation": 12383000.0,
        "Total Expenses": 1276707000.0,
        "Total Operating Income As Reported": 18537000.0,
        "Diluted Average Shares": 155984147.0,
        "Basic Average Shares": 153580879.0,
        "Diluted EPS": 0.08,
        "Basic EPS": 0.08,
        "Diluted NI Availto Com Stockholders": 12383000.0,
        "Net Income Common Stockholders": 12383000.0,
        "Net Income": 12383000.0,
        "Minority Interests": NaN,
        "Net Income Including Noncontrolling Interests": 12383000.0,
        "Net Income Discontinuous Operations": 617000.0,
        "Net Income Continuous Operations": 11766000.0,
        "Tax Provision": 8146000.0,
        "Pretax Income": 19912000.0,
        "Other Income Expense": 1375000.0,
        "Other Non Operating Income Expenses": 1749000.0,
        "Special Income Charges": 0.0,
        "Other Special Charges": NaN,
        "Earnings From Equity Interest": -374000.0,
        "Operating Income": 18537000.0,
        "Operating Expense": 79039000.0,
        "Research And Development": 14848000.0,
        "Selling General And Administration": 64191000.0,
        "Selling And Marketing Expense": 3031000.0,
        "General And Administrative Expense": 61160000.0,
        "Other Gand A": 61160000.0,
        "Gross Profit": 97576000.0,
        "Cost Of Revenue": 1197668000.0,
        "Total Revenue": 1295244000.0,
        "Operating Revenue": 1295244000.0
    },
    "2024-09-30": {
        "Tax Effect Of Unusual Items": -3078000.0,
        "Tax Rate For Calcs": 0.171,
        "Normalized EBITDA": 30045000.0,
        "Total Unusual Items": -18000000.0,
        "Total Unusual Items Excluding Goodwill": -18000000.0,
        "Net Income From Continuing Operation Net Minority Interest": -6481000.0,
        "Reconciled Depreciation": 2379000.0,
        "Reconciled Cost Of Revenue": 1143535000.0,
        "EBITDA": 12045000.0,
        "EBIT": 9666000.0,
        "Normalized Income": 8441000.0,
        "Net Income From Continuing And Discontinued Operation": -8506000.0,
        "Total Expenses": 1221521000.0,
        "Total Operating Income As Reported": -8334000.0,
        "Diluted Average Shares": 153259842.0,
        "Basic Average Shares": 153259842.0,
        "Diluted EPS": -0.06,
        "Basic EPS": -0.06,
        "Diluted NI Availto Com Stockholders": -8506000.0,
        "Net Income Common Stockholders": -8506000.0,
        "Net Income": -8506000.0,
        "Minority Interests": NaN,
        "Net Income Including Noncontrolling Interests": -8506000.0,
        "Net Income Discontinuous Operations": -2025000.0,
        "Net Income Continuous Operations": -6481000.0,
        "Tax Provision": -1333000.0,
        "Pretax Income": -7814000.0,
        "Other Income Expense": -17480000.0,
        "Other Non Operating Income Expenses": 801000.0,
        "Special Income Charges": -18000000.0,
        "Other Special Charges": 18000000.0,
        "Earnings From Equity Interest": -281000.0,
        "Operating Income": 9666000.0,
        "Operating Expense": 77986000.0,
        "Research And Development": 13804000.0,
        "Selling General And Administration": 64182000.0,
        "Selling And Marketing Expense": 2792000.0,
        "General And Administrative Expense": 61390000.0,
        "Other Gand A": 61390000.0,
        "Gross Profit": 87652000.0,
        "Cost Of Revenue": 1143535000.0,
        "Total Revenue": 1231187000.0,
        "Operating Revenue": 1231187000.0
    },
    "2024-12-31": {
        "Tax Effect Of Unusual Items": -1124944.756554,
        "Tax Rate For Calcs": 0.228184,
        "Normalized EBITDA": 1384000.0,
        "Total Unusual Items": -4930000.0,
        "Total Unusual Items Excluding Goodwill": -4930000.0,
        "Net Income From Continuing Operation Net Minority Interest": -8243000.0,
        "Reconciled Depreciation": 2547000.0,
        "Reconciled Cost Of Revenue": 1019328000.0,
        "EBITDA": -3546000.0,
        "EBIT": -6093000.0,
        "Normalized Income": -4437944.756554,
        "Net Income From Continuing And Discontinued Operation": -9505000.0,
        "Total Expenses": 1104280000.0,
        "Total Operating Income As Reported": -11023000.0,
        "Diluted Average Shares": 153259842.0,
        "Basic Average Shares": 153259842.0,
        "Diluted EPS": -0.06,
        "Basic EPS": -0.06,
        "Diluted NI Availto Com Stockholders": -9505000.0,
        "Net Income Common Stockholders": -9505000.0,
        "Net Income": -9505000.0,
        "Minority Interests": NaN,
        "Net Income Including Noncontrolling Interests": -9505000.0,
        "Net Income Discontinuous Operations": -1262000.0,
        "Net Income Continuous Operations": -8243000.0,
        "Tax Provision": -2437000.0,
        "Pretax Income": -10680000.0,
        "Other Income Expense": -4587000.0,
        "Other Non Operating Income Expenses": 707000.0,
        "Special Income Charges": -4930000.0,
        "Other Special Charges": 0.0,
        "Earnings From Equity Interest": -364000.0,
        "Operating Income": -6093000.0,
        "Operating Expense": 84952000.0,
        "Research And Development": 14769000.0,
        "Selling General And Administration": 70183000.0,
        "Selling And Marketing Expense": 2946000.0,
        "General And Administrative Expense": 67237000.0,
        "Other Gand A": 67237000.0,
        "Gross Profit": 78859000.0,
        "Cost Of Revenue": 1019328000.0,
        "Total Revenue": 1098187000.0,
        "Operating Revenue": 1098187000.0
    },
    "2025-03-31": {
        "Tax Effect Of Unusual Items": 0.0,
        "Tax Rate For Calcs": 0.21,
        "Normalized EBITDA": -7815000.0,
        "Total Unusual Items": 0.0,
        "Total Unusual Items Excluding Goodwill": 0.0,
        "Net Income From Continuing Operation Net Minority Interest": -11024000.0,
        "Reconciled Depreciation": 2561000.0,
        "Reconciled Cost Of Revenue": 878771000.0,
        "EBITDA": -7815000.0,
        "EBIT": -10376000.0,
        "Normalized Income": -11024000.0,
        "Net Income From Continuing And Discontinued Operation": -11024000.0,
        "Total Expenses": 965282000.0,
        "Total Operating Income As Reported": -10376000.0,
        "Diluted Average Shares": 154738167.0,
        "Basic Average Shares": 154738167.0,
        "Diluted EPS": -0.07,
        "Basic EPS": -0.07,
        "Diluted NI Availto Com Stockholders": -11024000.0,
        "Net Income Common Stockholders": -11024000.0,
        "Net Income": -11024000.0,
        "Minority Interests": NaN,
        "Net Income Including Noncontrolling Interests": -11024000.0,
        "Net Income Discontinuous Operations": 0.0,
        "Net Income Continuous Operations": -11024000.0,
        "Tax Provision": 1671000.0,
        "Pretax Income": -9353000.0,
        "Other Income Expense": 1023000.0,
        "Other Non Operating Income Expenses": 943000.0,
        "Special Income Charges": 0.0,
        "Other Special Charges": NaN,
        "Earnings From Equity Interest": 80000.0,
        "Operating Income": -10376000.0,
        "Operating Expense": 86511000.0,
        "Research And Development": 16805000.0,
        "Selling General And Administration": 69706000.0,
        "Selling And Marketing Expense": 2835000.0,
        "General And Administrative Expense": 66871000.0,
        "Other Gand A": 66871000.0,
        "Gross Profit": 76135000.0,
        "Cost Of Revenue": 878771000.0,
        "Total Revenue": 954906000.0,
        "Operating Revenue": 954906000.0
    },
    "2025-06-30": {
        "Tax Effect Of Unusual Items": 0.0,
        "Tax Rate For Calcs": 0.21,
        "Normalized EBITDA": -104000.0,
        "Total Unusual Items": 0.0,
        "Total Unusual Items Excluding Goodwill": 0.0,
        "Net Income From Continuing Operation Net Minority Interest": -2291000.0,
        "Reconciled Depreciation": 2272000.0,
        "Reconciled Cost Of Revenue": 1216223000.0,
        "EBITDA": -104000.0,
        "EBIT": -2376000.0,
        "Normalized Income": -2291000.0,
        "Net Income From Continuing And Discontinued Operation": -2291000.0,
        "Total Expenses": 1311253000.0,
        "Total Operating Income As Reported": -2376000.0,
        "Diluted Average Shares": 156091692.0,
        "Basic Average Shares": 156091692.0,
        "Diluted EPS": -0.01,
        "Basic EPS": -0.01,
        "Diluted NI Availto Com Stockholders": -2291000.0,
        "Net Income Common Stockholders": -2291000.0,
        "Net Income": -2291000.0,
        "Minority Interests": NaN,
        "Net Income Including Noncontrolling Interests": -2291000.0,
        "Net Income Discontinuous Operations": 0.0,
        "Net Income Continuous Operations": -2291000.0,
        "Tax Provision": 468000.0,
        "Pretax Income": -1823000.0,
        "Other Income Expense": 553000.0,
        "Other Non Operating Income Expenses": 760000.0,
        "Special Income Charges": 0.0,
        "Other Special Charges": NaN,
        "Earnings From Equity Interest": -207000.0,
        "Operating Income": -2376000.0,
        "Operating Expense": 95030000.0,
        "Research And Development": 18093000.0,
        "Selling General And Administration": 76937000.0,
        "Selling And Marketing Expense": 2861000.0,
        "General And Administrative Expense": 74076000.0,
        "Other Gand A": 74076000.0,
        "Gross Profit": 92654000.0,
        "Cost Of Revenue": 1216223000.0,
        "Total Revenue": 1308877000.0,
        "Operating Revenue": 1308877000.0
    }
}