{
    "2023-06-30": {
        "Tax Effect Of Unusual Items": 0.0,
        "Tax Rate For Calcs": 0.289769,
        "Normalized EBITDA": 32061000.0,
        "Net Income From Continuing Operation Net Minority Interest": 25748000.0,
        "Reconciled Depreciation": 2186000.0,
        "EBITDA": 32061000.0,
        "EBIT": 29875000.0,
        "Net Interest Income": 1593000.0,
        "Interest Income": 1593000.0,
        "Normalized Income": 25748000.0,
        "Net Income From Continuing And Discontinued Operation": 25748000.0,
        "Total Expenses": 110346000.0,
        "Total Operating Income As Reported": 29875000.0,
        "Diluted Average Shares": 51692000.0,
        "Basic Average Shares": 51255000.0,
        "Diluted EPS": 0.5,
        "Basic EPS": 0.5,
        "Diluted NI Availto Com Stockholders": 25748000.0,
        "Net Income Common Stockholders": 25748000.0,
        "Net Income": 25748000.0,
        "Net Income Including Noncontrolling Interests": 25748000.0,
        "Net Income Continuous Operations": 25748000.0,
        "Tax Provision": 10505000.0,
        "Pretax Income": 36253000.0,
        "Other Income Expense": 4785000.0,
        "Other Non Operating Income Expenses": 4785000.0,
        "Net Non Operating Interest Income Expense": 1593000.0,
        "Interest Income Non Operating": 1593000.0,
        "Operating Income": 29875000.0,
        "Operating Expense": 110346000.0,
        "Other Operating Expenses": 20873000.0,
        "Selling General And Administration": 89473000.0,
        "General And Administrative Expense": 89473000.0,
        "Other Gand A": 6637000.0,
        "Salaries And Wages": 82836000.0,
        "Total Revenue": 140221000.0,
        "Operating Revenue": 129653000.0
    },
    "2023-03-31": {
        "Tax Effect Of Unusual Items": 0.0,
        "Tax Rate For Calcs": 0.18,
        "Normalized EBITDA": 31108000.0,
        "Net Income From Continuing Operation Net Minority Interest": 29124000.0,
        "Reconciled Depreciation": 1988000.0,
        "EBITDA": 31108000.0,
        "EBIT": 29120000.0,
        "Net Interest Income": 1770000.0,
        "Interest Income": 1770000.0,
        "Normalized Income": 29124000.0,
        "Net Income From Continuing And Discontinued Operation": 29124000.0,
        "Total Expenses": 111189000.0,
        "Total Operating Income As Reported": 29120000.0,
        "Diluted Average Shares": 51682000.0,
        "Basic Average Shares": 51132000.0,
        "Diluted EPS": 0.56,
        "Basic EPS": 0.57,
        "Diluted NI Availto Com Stockholders": 29124000.0,
        "Net Income Common Stockholders": 29124000.0,
        "Net Income": 29124000.0,
        "Net Income Including Noncontrolling Interests": 29124000.0,
        "Net Income Continuous Operations": 29124000.0,
        "Tax Provision": 6414000.0,
        "Pretax Income": 35538000.0,
        "Other Income Expense": 4648000.0,
        "Other Non Operating Income Expenses": 4648000.0,
        "Net Non Operating Interest Income Expense": 1770000.0,
        "Interest Income Non Operating": 1770000.0,
        "Operating Income": 29120000.0,
        "Operating Expense": 111189000.0,
        "Other Operating Expenses": 21165000.0,
        "Selling General And Administration": 90024000.0,
        "General And Administrative Expense": 90024000.0,
        "Other Gand A": 5843000.0,
        "Salaries And Wages": 84181000.0,
        "Total Revenue": 140309000.0,
        "Operating Revenue": 128705000.0
    },
    "2022-12-31": {
        "Tax Effect Of Unusual Items": 0.0,
        "Tax Rate For Calcs": 0.261968,
        "Normalized EBITDA": 23890000.0,
        "Net Income From Continuing Operation Net Minority Interest": 22524000.0,
        "Reconciled Depreciation": 1855000.0,
        "EBITDA": 23890000.0,
        "EBIT": 22035000.0,
        "Net Interest Income": 1262000.0,
        "Interest Income": 1262000.0,
        "Normalized Income": 22524000.0,
        "Net Income From Continuing And Discontinued Operation": 22524000.0,
        "Total Expenses": 105320000.0,
        "Total Operating Income As Reported": 22035000.0,
        "Diluted Average Shares": 51649000.0,
        "Basic Average Shares": 51105000.0,
        "Diluted EPS": 0.44,
        "Basic EPS": 0.44,
        "Diluted NI Availto Com Stockholders": 22524000.0,
        "Net Income Common Stockholders": 22524000.0,
        "Net Income": 22524000.0,
        "Net Income Including Noncontrolling Interests": 22524000.0,
        "Net Income Continuous Operations": 22524000.0,
        "Tax Provision": 7995000.0,
        "Pretax Income": 30519000.0,
        "Other Income Expense": 7222000.0,
        "Other Non Operating Income Expenses": 20887000.0,
        "Net Non Operating Interest Income Expense": 1262000.0,
        "Interest Income Non Operating": 1262000.0,
        "Operating Income": 22035000.0,
        "Operating Expense": 105320000.0,
        "Other Operating Expenses": 24107000.0,
        "Selling General And Administration": 81213000.0,
        "General And Administrative Expense": 81213000.0,
        "Other Gand A": 6960000.0,
        "Salaries And Wages": 74253000.0,
        "Total Revenue": 127355000.0,
        "Operating Revenue": 112589000.0
    },
    "2022-09-30": {
        "Tax Effect Of Unusual Items": 0.0,
        "Tax Rate For Calcs": 0.27,
        "Normalized EBITDA": 36813000.0,
        "Net Income From Continuing Operation Net Minority Interest": 24442000.0,
        "Reconciled Depreciation": 1723000.0,
        "EBITDA": 36813000.0,
        "EBIT": 36813000.0,
        "Net Interest Income": 638000.0,
        "Interest Income": 638000.0,
        "Normalized Income": 24442000.0,
        "Net Income From Continuing And Discontinued Operation": 24442000.0,
        "Total Expenses": 90366000.0,
        "Total Operating Income As Reported": 36813000.0,
        "Diluted Average Shares": 52008000.0,
        "Basic Average Shares": 51492000.0,
        "Diluted EPS": 0.47,
        "Basic EPS": 0.47,
        "Diluted NI Availto Com Stockholders": 24442000.0,
        "Net Income Common Stockholders": 24442000.0,
        "Net Income": 24442000.0,
        "Net Income Including Noncontrolling Interests": 24442000.0,
        "Net Income Continuous Operations": 24442000.0,
        "Tax Provision": 9034000.0,
        "Pretax Income": 33476000.0,
        "Other Income Expense": -3975000.0,
        "Other Non Operating Income Expenses": -3975000.0,
        "Net Non Operating Interest Income Expense": 638000.0,
        "Interest Income Non Operating": 638000.0,
        "Operating Income": 36813000.0,
        "Operating Expense": 90366000.0,
        "Other Operating Expenses": 20858000.0,
        "Selling General And Administration": 69508000.0,
        "General And Administrative Expense": 69508000.0,
        "Other Gand A": 6729000.0,
        "Salaries And Wages": 62779000.0,
        "Total Revenue": 127179000.0,
        "Operating Revenue": 115143000.0
    },
    "2022-06-30": {
        "Tax Effect Of Unusual Items": 0.0,
        "Tax Rate For Calcs": 0.273,
        "Normalized EBITDA": 45277000.0,
        "Net Income From Continuing Operation Net Minority Interest": 25755000.0,
        "Reconciled Depreciation": 1812000.0,
        "EBITDA": 45277000.0,
        "EBIT": 45277000.0,
        "Net Interest Income": 175000.0,
        "Interest Income": 175000.0,
        "Normalized Income": 25755000.0,
        "Net Income From Continuing And Discontinued Operation": 25755000.0,
        "Total Expenses": 85004000.0,
        "Total Operating Income As Reported": 45277000.0,
        "Diluted Average Shares": 52394000.0,
        "Basic Average Shares": 51890000.0,
        "Diluted EPS": 0.49,
        "Basic EPS": 0.5,
        "Diluted NI Availto Com Stockholders": 25755000.0,
        "Net Income Common Stockholders": 25755000.0,
        "Net Income": 25755000.0,
        "Net Income Including Noncontrolling Interests": 25755000.0,
        "Net Income Continuous Operations": 25755000.0,
        "Tax Provision": 9677000.0,
        "Pretax Income": 35432000.0,
        "Other Income Expense": -10020000.0,
        "Other Non Operating Income Expenses": -10020000.0,
        "Net Non Operating Interest Income Expense": 175000.0,
        "Interest Income Non Operating": 175000.0,
        "Operating Income": 45277000.0,
        "Operating Expense": 85004000.0,
        "Other Operating Expenses": 20818000.0,
        "Selling General And Administration": 64186000.0,
        "General And Administrative Expense": 64186000.0,
        "Other Gand A": 5740000.0,
        "Salaries And Wages": 58446000.0,
        "Total Revenue": 130281000.0,
        "Operating Revenue": 118218000.0
    },
    "2022-03-31": {
        "Diluted EPS": 0.56,
        "Total Revenue": 128,
        "Gross Profit": 118,
        "Operating Income": 37,
        "EBIT": 38,
        "Net Income": 30
    },
    "2021-12-31": {
        "Diluted EPS": 0.38,
        "Total Revenue": 114,
        "Gross Profit": 104,
        "Operating Income": 23,
        "EBIT": 25,
        "Net Income": 20
    },
    "2021-09-30": {
        "Diluted EPS": 0.46,
        "Total Revenue": 116,
        "Gross Profit": 108,
        "Operating Income": 32,
        "EBIT": 34,
        "Net Income": 25
    },
    "2021-06-30": {
        "Diluted EPS": 0.48,
        "Total Revenue": 120,
        "Gross Profit": 112,
        "Operating Income": 29,
        "EBIT": 31,
        "Net Income": 25
    },
    "2021-03-31": {
        "Diluted EPS": 0.58,
        "Total Revenue": 116,
        "Gross Profit": 110,
        "Operating Income": 24,
        "EBIT": 26,
        "Net Income": 31
    },
    "2020-12-31": {
        "Diluted EPS": 0.41,
        "Total Revenue": 103,
        "Gross Profit": 97,
        "Operating Income": 18,
        "EBIT": 19,
        "Net Income": 22
    },
    "2020-09-30": {
        "Diluted EPS": 0.34,
        "Total Revenue": 99,
        "Gross Profit": 93,
        "Operating Income": 20,
        "EBIT": 22,
        "Net Income": 18
    },
    "2020-06-30": {
        "Diluted EPS": 0.31,
        "Total Revenue": 92,
        "Gross Profit": 88,
        "Operating Income": 9,
        "EBIT": 11,
        "Net Income": 16
    },
    "2020-03-31": {
        "Diluted EPS": 0.49,
        "Total Revenue": 106,
        "Gross Profit": 100,
        "Operating Income": 36,
        "EBIT": 38,
        "Net Income": 26
    },
    "2019-12-31": {
        "Diluted EPS": 0.36,
        "Total Revenue": 110,
        "Gross Profit": 102,
        "Operating Income": 21,
        "EBIT": 23,
        "Net Income": 19
    },
    "2019-09-30": {
        "Diluted EPS": 0.36,
        "Total Revenue": 102,
        "Gross Profit": 96,
        "Operating Income": 23,
        "EBIT": 25,
        "Net Income": 20
    },
    "2019-06-30": {
        "Diluted EPS": 0.39,
        "Total Revenue": 107,
        "Gross Profit": 100,
        "Operating Income": 25,
        "EBIT": 26,
        "Net Income": 21
    },
    "2019-03-31": {
        "Diluted EPS": 0.42,
        "Total Revenue": 99,
        "Gross Profit": 93,
        "Operating Income": 16,
        "EBIT": 17,
        "Net Income": 23
    },
    "2018-12-31": {
        "Diluted EPS": 0.29,
        "Total Revenue": 92,
        "Gross Profit": 85,
        "Operating Income": 27,
        "EBIT": 28,
        "Net Income": 16
    },
    "2018-09-30": {
        "Diluted EPS": 0.32,
        "Total Revenue": 95,
        "Gross Profit": 89,
        "Operating Income": 21,
        "EBIT": 22,
        "Net Income": 17
    },
    "2018-06-30": {
        "Diluted EPS": 0.34,
        "Total Revenue": 96,
        "Gross Profit": 90,
        "Operating Income": 22,
        "EBIT": 24,
        "Net Income": 18
    },
    "2018-03-31": {
        "Diluted EPS": 0.38,
        "Total Revenue": 96,
        "Gross Profit": 91,
        "Operating Income": 22,
        "EBIT": 23,
        "Net Income": 20
    },
    "2017-12-31": {
        "Diluted EPS": -0.07,
        "Total Revenue": 88,
        "Gross Profit": 83,
        "Operating Income": 18,
        "EBIT": 19,
        "Net Income": -4
    },
    "2017-09-30": {
        "Diluted EPS": 0.27,
        "Total Revenue": 88,
        "Gross Profit": 82,
        "Operating Income": 19,
        "EBIT": 21,
        "Net Income": 15
    },
    "2017-06-30": {
        "Diluted EPS": 0.26,
        "Total Revenue": 88,
        "Gross Profit": 84,
        "Operating Income": 20,
        "EBIT": 22,
        "Net Income": 14
    },
    "2017-03-31": {
        "Diluted EPS": 0.31,
        "Total Revenue": 84,
        "Gross Profit": 80,
        "Operating Income": 15,
        "EBIT": 16,
        "Net Income": 17
    },
    "2016-12-31": {
        "Diluted EPS": 0.19,
        "Total Revenue": 77,
        "Gross Profit": 73,
        "Operating Income": 15,
        "EBIT": 17,
        "Net Income": 10
    },
    "2016-09-30": {
        "Diluted EPS": 0.21,
        "Total Revenue": 78,
        "Gross Profit": 74,
        "Operating Income": 16,
        "EBIT": 17,
        "Net Income": 11
    },
    "2016-06-30": {
        "Diluted EPS": 0.19,
        "Total Revenue": 77,
        "Gross Profit": 73,
        "Operating Income": 15,
        "EBIT": 16,
        "Net Income": 10
    },
    "2016-03-31": {
        "Diluted EPS": 0.28,
        "Total Revenue": 83,
        "Gross Profit": 79,
        "Operating Income": 16,
        "EBIT": 18,
        "Net Income": 15
    },
    "2015-12-31": {
        "Diluted EPS": 0.18,
        "Total Revenue": 74,
        "Gross Profit": 70,
        "Operating Income": 14,
        "EBIT": 16,
        "Net Income": 10
    },
    "2015-09-30": {
        "Diluted EPS": 0.22,
        "Total Revenue": 79,
        "Gross Profit": 75,
        "Operating Income": 21,
        "EBIT": 22,
        "Net Income": 12
    },
    "2015-06-30": {
        "Diluted EPS": 0.22,
        "Total Revenue": 80,
        "Gross Profit": 75,
        "Operating Income": 19,
        "EBIT": 20,
        "Net Income": 12
    },
    "2015-03-31": {
        "Diluted EPS": 0.19,
        "Total Revenue": 80,
        "Gross Profit": 76,
        "Operating Income": 15,
        "EBIT": 17,
        "Net Income": 10
    },
    "2014-12-31": {
        "Diluted EPS": 0.17,
        "Total Revenue": 74,
        "Gross Profit": 70,
        "Operating Income": 14,
        "EBIT": 16,
        "Net Income": 9
    },
    "2014-09-30": {
        "Diluted EPS": 0.2,
        "Total Revenue": 79,
        "Gross Profit": 74,
        "Operating Income": 19,
        "EBIT": 21,
        "Net Income": 11
    },
    "2014-06-30": {
        "Diluted EPS": 0.21,
        "Total Revenue": 77,
        "Gross Profit": 72,
        "Operating Income": 16,
        "EBIT": 18,
        "Net Income": 11
    },
    "2014-03-31": {
        "Diluted EPS": 0.17,
        "Total Revenue": 76,
        "Gross Profit": 73,
        "Operating Income": 14,
        "EBIT": 16,
        "Net Income": 9
    },
    "2013-12-31": {
        "Diluted EPS": 0.16,
        "Total Revenue": 73,
        "Gross Profit": 69,
        "Operating Income": 12,
        "EBIT": 14,
        "Net Income": 9
    },
    "2013-09-30": {
        "Diluted EPS": 0.2,
        "Total Revenue": 75,
        "Gross Profit": 70,
        "Operating Income": 15,
        "EBIT": 16,
        "Net Income": 11
    },
    "2013-06-30": {
        "Diluted EPS": 0.19,
        "Total Revenue": 76,
        "Gross Profit": 72,
        "Operating Income": 18,
        "EBIT": 19,
        "Net Income": 11
    },
    "2013-03-31": {
        "Diluted EPS": 0.14,
        "Total Revenue": 73,
        "Gross Profit": 69,
        "Operating Income": 11,
        "EBIT": 12,
        "Net Income": 8
    },
    "2012-12-31": {
        "Diluted EPS": 0.15,
        "Total Revenue": 73,
        "Gross Profit": 65,
        "Operating Income": 14,
        "EBIT": 15,
        "Net Income": 8
    },
    "2012-09-30": {
        "Diluted EPS": 0.18,
        "Total Revenue": 73,
        "Gross Profit": 67,
        "Operating Income": 15,
        "EBIT": 16,
        "Net Income": 10
    },
    "2012-06-30": {
        "Diluted EPS": 0.18,
        "Total Revenue": 74,
        "Gross Profit": 68,
        "Operating Income": 17,
        "EBIT": 19,
        "Net Income": 10
    },
    "2012-03-31": {
        "Diluted EPS": 0.14,
        "Total Revenue": 72,
        "Gross Profit": 66,
        "Operating Income": 12,
        "EBIT": 13,
        "Net Income": 8
    },
    "2011-12-31": {
        "Diluted EPS": 0.14,
        "Total Revenue": 68,
        "Gross Profit": 61,
        "Operating Income": 11,
        "EBIT": 12,
        "Net Income": 8
    },
    "2011-09-30": {
        "Diluted EPS": 0.15,
        "Total Revenue": 66,
        "Gross Profit": 61,
        "Operating Income": 17,
        "EBIT": 18,
        "Net Income": 9
    },
    "2011-06-30": {
        "Diluted EPS": 0.14,
        "Total Revenue": 65,
        "Gross Profit": 61,
        "Operating Income": 13,
        "EBIT": 15,
        "Net Income": 8
    },
    "2011-03-31": {
        "Diluted EPS": 0.13,
        "Total Revenue": 73,
        "Gross Profit": 64,
        "Operating Income": 12,
        "EBIT": 13,
        "Net Income": 8
    },
    "2010-12-31": {
        "Diluted EPS": 0.1,
        "Total Revenue": 63,
        "Gross Profit": 55,
        "Operating Income": 9,
        "EBIT": 10,
        "Net Income": 6
    },
    "2010-09-30": {
        "Diluted EPS": 0.13,
        "Total Revenue": 66,
        "Gross Profit": 57,
        "Operating Income": 12,
        "EBIT": 13,
        "Net Income": 8
    },
    "2010-06-30": {
        "Diluted EPS": 0.12,
        "Total Revenue": 60,
        "Gross Profit": 55,
        "Operating Income": 13,
        "EBIT": 14,
        "Net Income": 7
    },
    "2010-03-31": {
        "Diluted EPS": 0.11,
        "Total Revenue": 59,
        "Gross Profit": 55,
        "Operating Income": 10,
        "EBIT": 11,
        "Net Income": 6
    },
    "2009-12-31": {
        "Diluted EPS": 0.08,
        "Total Revenue": 52,
        "Gross Profit": 48,
        "Operating Income": 7,
        "EBIT": 8,
        "Net Income": 5
    },
    "2009-09-30": {
        "Diluted EPS": 0.1,
        "Total Revenue": 55,
        "Gross Profit": 51,
        "Operating Income": 8,
        "EBIT": 10,
        "Net Income": 6
    },
    "2009-06-30": {
        "Diluted EPS": 0.1,
        "Total Revenue": 61,
        "Gross Profit": 52,
        "Operating Income": 9,
        "EBIT": 10,
        "Net Income": 6
    },
    "2009-03-31": {
        "Diluted EPS": 0.1,
        "Total Revenue": 60,
        "Gross Profit": 55,
        "Operating Income": 9,
        "EBIT": 10,
        "Net Income": 6
    },
    "2023-09-30": {
        "Tax Effect Of Unusual Items": 0.0,
        "Tax Rate For Calcs": 0.279,
        "Normalized EBITDA": 36294000.0,
        "Net Income From Continuing Operation Net Minority Interest": 24538000.0,
        "Reconciled Depreciation": 2361000.0,
        "EBITDA": 36294000.0,
        "EBIT": 33933000.0,
        "Net Interest Income": 1858000.0,
        "Interest Income": 1858000.0,
        "Normalized Income": 24538000.0,
        "Net Income From Continuing And Discontinued Operation": 24538000.0,
        "Total Expenses": 99403000.0,
        "Total Operating Income As Reported": 33933000.0,
        "Diluted Average Shares": NaN,
        "Basic Average Shares": NaN,
        "Diluted EPS": NaN,
        "Basic EPS": NaN,
        "Diluted NI Availto Com Stockholders": 24538000.0,
        "Net Income Common Stockholders": 24538000.0,
        "Net Income": 24538000.0,
        "Net Income Including Noncontrolling Interests": 24538000.0,
        "Net Income Continuous Operations": 24538000.0,
        "Tax Provision": 9479000.0,
        "Pretax Income": 34017000.0,
        "Other Income Expense": -1774000.0,
        "Other Non Operating Income Expenses": -1774000.0,
        "Net Non Operating Interest Income Expense": 1858000.0,
        "Interest Income Non Operating": 1858000.0,
        "Operating Income": 33933000.0,
        "Operating Expense": 99403000.0,
        "Other Operating Expenses": 19374000.0,
        "Selling General And Administration": 80029000.0,
        "General And Administrative Expense": 80029000.0,
        "Other Gand A": 6018000.0,
        "Salaries And Wages": 74011000.0,
        "Total Revenue": 133336000.0,
        "Operating Revenue": 124959000.0
    },
    "2023-12-31": {
        "Tax Effect Of Unusual Items": 0.0,
        "Tax Rate For Calcs": 0.304407,
        "Normalized EBITDA": 20775000.0,
        "Net Income From Continuing Operation Net Minority Interest": 20929000.0,
        "Reconciled Depreciation": 2381000.0,
        "EBITDA": 20775000.0,
        "EBIT": 18394000.0,
        "Net Interest Income": 1929000.0,
        "Interest Income": 1929000.0,
        "Normalized Income": 20929000.0,
        "Net Income From Continuing And Discontinued Operation": 20929000.0,
        "Total Expenses": 104506000.0,
        "Total Operating Income As Reported": 18394000.0,
        "Diluted Average Shares": 51446000.0,
        "Basic Average Shares": 51017000.0,
        "Diluted EPS": 0.41,
        "Basic EPS": 0.41,
        "Diluted NI Availto Com Stockholders": 20929000.0,
        "Net Income Common Stockholders": 20929000.0,
        "Net Income": 20929000.0,
        "Net Income Including Noncontrolling Interests": 20929000.0,
        "Net Income Continuous Operations": 20929000.0,
        "Tax Provision": 9159000.0,
        "Pretax Income": 30088000.0,
        "Other Income Expense": 9765000.0,
        "Other Non Operating Income Expenses": -4291000.0,
        "Net Non Operating Interest Income Expense": 1929000.0,
        "Interest Income Non Operating": 1929000.0,
        "Operating Income": 18394000.0,
        "Operating Expense": 104506000.0,
        "Other Operating Expenses": 19706000.0,
        "Selling General And Administration": 84800000.0,
        "General And Administrative Expense": 84800000.0,
        "Other Gand A": 5942000.0,
        "Salaries And Wages": 78858000.0,
        "Total Revenue": 122900000.0,
        "Operating Revenue": 113872000.0
    },
    "2024-03-31": {
        "Tax Effect Of Unusual Items": 0.0,
        "Tax Rate For Calcs": 0.254335,
        "Normalized EBITDA": 33037000.0,
        "Net Income From Continuing Operation Net Minority Interest": 30142000.0,
        "Reconciled Depreciation": 2324000.0,
        "EBITDA": 33037000.0,
        "EBIT": 30713000.0,
        "Net Interest Income": 2626000.0,
        "Interest Income": 2626000.0,
        "Normalized Income": 30142000.0,
        "Net Income From Continuing And Discontinued Operation": 30142000.0,
        "Total Expenses": 114220000.0,
        "Total Operating Income As Reported": 30713000.0,
        "Diluted Average Shares": 51419000.0,
        "Basic Average Shares": 51006000.0,
        "Diluted EPS": 0.59,
        "Basic EPS": 0.59,
        "Diluted NI Availto Com Stockholders": 30142000.0,
        "Net Income Common Stockholders": 30142000.0,
        "Net Income": 30142000.0,
        "Net Income Including Noncontrolling Interests": 30142000.0,
        "Net Income Continuous Operations": 30142000.0,
        "Tax Provision": 10281000.0,
        "Pretax Income": 40423000.0,
        "Other Income Expense": 7084000.0,
        "Other Non Operating Income Expenses": 7084000.0,
        "Net Non Operating Interest Income Expense": 2626000.0,
        "Interest Income Non Operating": 2626000.0,
        "Operating Income": 30713000.0,
        "Operating Expense": 114220000.0,
        "Other Operating Expenses": 18257000.0,
        "Selling General And Administration": 95963000.0,
        "General And Administrative Expense": 95963000.0,
        "Other Gand A": 5636000.0,
        "Salaries And Wages": 90327000.0,
        "Total Revenue": 144933000.0,
        "Operating Revenue": 137207000.0
    },
    "2024-06-30": {
        "Tax Effect Of Unusual Items": 0.0,
        "Tax Rate For Calcs": 0.26347,
        "Normalized EBITDA": 38230000.0,
        "Net Income From Continuing Operation Net Minority Interest": 29227000.0,
        "Reconciled Depreciation": 2486000.0,
        "EBITDA": 38230000.0,
        "EBIT": 35744000.0,
        "Net Interest Income": 2231000.0,
        "Interest Income": 2231000.0,
        "Normalized Income": 29227000.0,
        "Net Income From Continuing And Discontinued Operation": 29227000.0,
        "Total Expenses": 104792000.0,
        "Total Operating Income As Reported": 35744000.0,
        "Diluted Average Shares": NaN,
        "Basic Average Shares": NaN,
        "Diluted EPS": NaN,
        "Basic EPS": NaN,
        "Diluted NI Availto Com Stockholders": 29227000.0,
        "Net Income Common Stockholders": 29227000.0,
        "Net Income": 29227000.0,
        "Net Income Including Noncontrolling Interests": 29227000.0,
        "Net Income Continuous Operations": 29227000.0,
        "Tax Provision": 10455000.0,
        "Pretax Income": 39682000.0,
        "Other Income Expense": 1707000.0,
        "Other Non Operating Income Expenses": 1707000.0,
        "Net Non Operating Interest Income Expense": 2231000.0,
        "Interest Income Non Operating": 2231000.0,
        "Operating Income": 35744000.0,
        "Operating Expense": 104792000.0,
        "Other Operating Expenses": 19287000.0,
        "Selling General And Administration": 85505000.0,
        "General And Administrative Expense": 85505000.0,
        "Other Gand A": 6039000.0,
        "Salaries And Wages": 79466000.0,
        "Total Revenue": 140536000.0,
        "Operating Revenue": 132434000.0
    },
    "2024-09-30": {
        "Tax Effect Of Unusual Items": 0.0,
        "Tax Rate For Calcs": 0.275,
        "Normalized EBITDA": 28236000.0,
        "Net Income From Continuing Operation Net Minority Interest": 26044000.0,
        "Reconciled Depreciation": 2389000.0,
        "EBITDA": 28236000.0,
        "EBIT": 25847000.0,
        "Net Interest Income": 2559000.0,
        "Interest Income": 2559000.0,
        "Normalized Income": 26044000.0,
        "Net Income From Continuing And Discontinued Operation": 26044000.0,
        "Total Expenses": 110432000.0,
        "Total Operating Income As Reported": 25847000.0,
        "Diluted Average Shares": 51622000.0,
        "Basic Average Shares": 51177000.0,
        "Diluted EPS": 0.5,
        "Basic EPS": 0.51,
        "Diluted NI Availto Com Stockholders": 26044000.0,
        "Net Income Common Stockholders": 26044000.0,
        "Net Income": 26044000.0,
        "Net Income Including Noncontrolling Interests": 26044000.0,
        "Net Income Continuous Operations": 26044000.0,
        "Tax Provision": 9893000.0,
        "Pretax Income": 35937000.0,
        "Other Income Expense": 7531000.0,
        "Other Non Operating Income Expenses": 7531000.0,
        "Net Non Operating Interest Income Expense": 2559000.0,
        "Interest Income Non Operating": 2559000.0,
        "Operating Income": 25847000.0,
        "Operating Expense": 110432000.0,
        "Other Operating Expenses": 23169000.0,
        "Selling General And Administration": 87263000.0,
        "General And Administrative Expense": 87263000.0,
        "Other Gand A": 5309000.0,
        "Salaries And Wages": 81954000.0,
        "Total Revenue": 136279000.0,
        "Operating Revenue": 125085000.0
    },
    "2024-12-31": {
        "Tax Effect Of Unusual Items": 0.0,
        "Tax Rate For Calcs": 0.247031,
        "Normalized EBITDA": 29743000.0,
        "Net Income From Continuing Operation Net Minority Interest": 23589000.0,
        "Reconciled Depreciation": 2490000.0,
        "EBITDA": 29743000.0,
        "EBIT": 27253000.0,
        "Net Interest Income": 2585000.0,
        "Interest Income": 2585000.0,
        "Normalized Income": 23589000.0,
        "Net Income From Continuing And Discontinued Operation": 23589000.0,
        "Total Expenses": 109513000.0,
        "Total Operating Income As Reported": 27253000.0,
        "Diluted Average Shares": 51649000.0,
        "Basic Average Shares": 51215000.0,
        "Diluted EPS": 0.46,
        "Basic EPS": 0.46,
        "Diluted NI Availto Com Stockholders": 23589000.0,
        "Net Income Common Stockholders": 23589000.0,
        "Net Income": 23589000.0,
        "Net Income Including Noncontrolling Interests": 23589000.0,
        "Net Income Continuous Operations": 23589000.0,
        "Tax Provision": 7739000.0,
        "Pretax Income": 31328000.0,
        "Other Income Expense": 1490000.0,
        "Other Non Operating Income Expenses": -13424000.0,
        "Net Non Operating Interest Income Expense": 2585000.0,
        "Interest Income Non Operating": 2585000.0,
        "Operating Income": 27253000.0,
        "Operating Expense": 109513000.0,
        "Other Operating Expenses": 25507000.0,
        "Selling General And Administration": 84006000.0,
        "General And Administrative Expense": 84006000.0,
        "Other Gand A": 5742000.0,
        "Salaries And Wages": 78264000.0,
        "Total Revenue": 136766000.0,
        "Operating Revenue": 123764000.0
    },
    "2025-03-31": {
        "Tax Effect Of Unusual Items": 0.0,
        "Tax Rate For Calcs": 0.294,
        "Normalized EBITDA": 46924000.0,
        "Net Income From Continuing Operation Net Minority Interest": 26650000.0,
        "Reconciled Depreciation": 2492000.0,
        "EBITDA": 46924000.0,
        "EBIT": 44432000.0,
        "Net Interest Income": 2714000.0,
        "Interest Income": 2714000.0,
        "Normalized Income": 26650000.0,
        "Net Income From Continuing And Discontinued Operation": 26650000.0,
        "Total Expenses": 101075000.0,
        "Total Operating Income As Reported": 44432000.0,
        "Diluted Average Shares": 51650000.0,
        "Basic Average Shares": 51283000.0,
        "Diluted EPS": 0.52,
        "Basic EPS": 0.52,
        "Diluted NI Availto Com Stockholders": 26650000.0,
        "Net Income Common Stockholders": 26650000.0,
        "Net Income": 26650000.0,
        "Net Income Including Noncontrolling Interests": 26650000.0,
        "Net Income Continuous Operations": 26650000.0,
        "Tax Provision": 11110000.0,
        "Pretax Income": 37760000.0,
        "Other Income Expense": -9386000.0,
        "Other Non Operating Income Expenses": -9386000.0,
        "Net Non Operating Interest Income Expense": 2714000.0,
        "Interest Income Non Operating": 2714000.0,
        "Operating Income": 44432000.0,
        "Operating Expense": 101075000.0,
        "Other Operating Expenses": 20165000.0,
        "Selling General And Administration": 80910000.0,
        "General And Administrative Expense": 80910000.0,
        "Other Gand A": 5007000.0,
        "Salaries And Wages": 75903000.0,
        "Total Revenue": 145507000.0,
        "Operating Revenue": 137437000.0
    },
    "2025-06-30": {
        "Tax Effect Of Unusual Items": 0.0,
        "Tax Rate For Calcs": 0.278745,
        "Normalized EBITDA": 19697000.0,
        "Net Income From Continuing Operation Net Minority Interest": 26553000.0,
        "Reconciled Depreciation": 2520000.0,
        "EBITDA": 19697000.0,
        "EBIT": 17177000.0,
        "Net Interest Income": 2344000.0,
        "Interest Income": 2344000.0,
        "Normalized Income": 26553000.0,
        "Net Income From Continuing And Discontinued Operation": 26553000.0,
        "Total Expenses": 124785000.0,
        "Total Operating Income As Reported": 17177000.0,
        "Diluted Average Shares": 51502000.0,
        "Basic Average Shares": 51185000.0,
        "Diluted EPS": 0.52,
        "Basic EPS": 0.52,
        "Diluted NI Availto Com Stockholders": 26553000.0,
        "Net Income Common Stockholders": 26553000.0,
        "Net Income": 26553000.0,
        "Net Income Including Noncontrolling Interests": 26553000.0,
        "Net Income Continuous Operations": 26553000.0,
        "Tax Provision": 10262000.0,
        "Pretax Income": 36815000.0,
        "Other Income Expense": 17294000.0,
        "Other Non Operating Income Expenses": 17294000.0,
        "Net Non Operating Interest Income Expense": 2344000.0,
        "Interest Income Non Operating": 2344000.0,
        "Operating Income": 17177000.0,
        "Operating Expense": 124785000.0,
        "Other Operating Expenses": 21166000.0,
        "Selling General And Administration": 103619000.0,
        "General And Administrative Expense": 103619000.0,
        "Other Gand A": 6145000.0,
        "Salaries And Wages": 97474000.0,
        "Total Revenue": 141962000.0,
        "Operating Revenue": 132868000.0
    },
    "2025-09-30": {
        "Tax Effect Of Unusual Items": NaN,
        "Tax Rate For Calcs": NaN,
        "Normalized EBITDA": NaN,
        "Net Income From Continuing Operation Net Minority Interest": NaN,
        "Reconciled Depreciation": NaN,
        "EBITDA": NaN,
        "EBIT": NaN,
        "Net Interest Income": NaN,
        "Interest Income": NaN,
        "Normalized Income": NaN,
        "Net Income From Continuing And Discontinued Operation": NaN,
        "Total Expenses": NaN,
        "Total Operating Income As Reported": NaN,
        "Diluted Average Shares": 51179000.0,
        "Basic Average Shares": 50872000.0,
        "Diluted EPS": 0.55,
        "Basic EPS": 0.55,
        "Diluted NI Availto Com Stockholders": NaN,
        "Net Income Common Stockholders": NaN,
        "Net Income": NaN,
        "Net Income Including Noncontrolling Interests": NaN,
        "Net Income Continuous Operations": NaN,
        "Tax Provision": NaN,
        "Pretax Income": NaN,
        "Other Income Expense": NaN,
        "Other Non Operating Income Expenses": NaN,
        "Net Non Operating Interest Income Expense": NaN,
        "Interest Income Non Operating": NaN,
        "Operating Income": NaN,
        "Operating Expense": NaN,
        "Other Operating Expenses": NaN,
        "Selling General And Administration": NaN,
        "General And Administrative Expense": NaN,
        "Other Gand A": NaN,
        "Salaries And Wages": NaN,
        "Total Revenue": NaN,
        "Operating Revenue": NaN
    }
}