{
    "2023-03-31": {
        "Tax Effect Of Unusual Items": NaN,
        "Tax Rate For Calcs": NaN,
        "Normalized EBITDA": NaN,
        "Total Unusual Items": NaN,
        "Total Unusual Items Excluding Goodwill": NaN,
        "Net Income From Continuing Operation Net Minority Interest": NaN,
        "Reconciled Depreciation": NaN,
        "Reconciled Cost Of Revenue": NaN,
        "EBITDA": NaN,
        "EBIT": NaN,
        "Net Interest Income": NaN,
        "Interest Expense": NaN,
        "Normalized Income": NaN,
        "Net Income From Continuing And Discontinued Operation": NaN,
        "Total Expenses": NaN,
        "Total Operating Income As Reported": NaN,
        "Diluted Average Shares": NaN,
        "Basic Average Shares": NaN,
        "Diluted EPS": NaN,
        "Basic EPS": NaN,
        "Diluted NI Availto Com Stockholders": NaN,
        "Average Dilution Earnings": NaN,
        "Net Income Common Stockholders": NaN,
        "Otherunder Preferred Stock Dividend": -2297000.0,
        "Net Income": NaN,
        "Net Income Including Noncontrolling Interests": NaN,
        "Net Income Discontinuous Operations": NaN,
        "Net Income Continuous Operations": NaN,
        "Tax Provision": NaN,
        "Pretax Income": NaN,
        "Other Income Expense": NaN,
        "Special Income Charges": NaN,
        "Other Special Charges": NaN,
        "Impairment Of Capital Assets": NaN,
        "Net Non Operating Interest Income Expense": NaN,
        "Total Other Finance Cost": NaN,
        "Interest Expense Non Operating": NaN,
        "Operating Income": NaN,
        "Operating Expense": NaN,
        "Other Operating Expenses": NaN,
        "Depreciation Amortization Depletion Income Statement": NaN,
        "Depreciation And Amortization In Income Statement": NaN,
        "Selling General And Administration": NaN,
        "Gross Profit": NaN,
        "Cost Of Revenue": NaN,
        "Total Revenue": NaN,
        "Operating Revenue": NaN
    },
    "2022-12-31": {
        "Tax Effect Of Unusual Items": NaN,
        "Tax Rate For Calcs": NaN,
        "Normalized EBITDA": NaN,
        "Total Unusual Items": NaN,
        "Total Unusual Items Excluding Goodwill": NaN,
        "Net Income From Continuing Operation Net Minority Interest": NaN,
        "Reconciled Depreciation": NaN,
        "Reconciled Cost Of Revenue": NaN,
        "EBITDA": NaN,
        "EBIT": NaN,
        "Net Interest Income": NaN,
        "Interest Expense": NaN,
        "Normalized Income": NaN,
        "Net Income From Continuing And Discontinued Operation": NaN,
        "Total Expenses": NaN,
        "Total Operating Income As Reported": NaN,
        "Diluted Average Shares": NaN,
        "Basic Average Shares": NaN,
        "Diluted EPS": NaN,
        "Basic EPS": NaN,
        "Diluted NI Availto Com Stockholders": NaN,
        "Average Dilution Earnings": -7127000.0,
        "Net Income Common Stockholders": NaN,
        "Otherunder Preferred Stock Dividend": NaN,
        "Net Income": NaN,
        "Net Income Including Noncontrolling Interests": NaN,
        "Net Income Discontinuous Operations": NaN,
        "Net Income Continuous Operations": NaN,
        "Tax Provision": NaN,
        "Pretax Income": NaN,
        "Other Income Expense": NaN,
        "Special Income Charges": NaN,
        "Impairment Of Capital Assets": NaN,
        "Net Non Operating Interest Income Expense": NaN,
        "Total Other Finance Cost": NaN,
        "Interest Expense Non Operating": NaN,
        "Operating Income": NaN,
        "Operating Expense": NaN,
        "Other Operating Expenses": NaN,
        "Depreciation Amortization Depletion Income Statement": NaN,
        "Depreciation And Amortization In Income Statement": NaN,
        "Selling General And Administration": NaN,
        "Gross Profit": NaN,
        "Cost Of Revenue": NaN,
        "Total Revenue": NaN,
        "Operating Revenue": NaN
    },
    "2022-09-30": {
        "Tax Effect Of Unusual Items": NaN,
        "Tax Rate For Calcs": NaN,
        "Normalized EBITDA": NaN,
        "Total Unusual Items": NaN,
        "Total Unusual Items Excluding Goodwill": NaN,
        "Net Income From Continuing Operation Net Minority Interest": NaN,
        "Reconciled Depreciation": NaN,
        "Reconciled Cost Of Revenue": NaN,
        "EBITDA": NaN,
        "EBIT": NaN,
        "Net Interest Income": NaN,
        "Interest Expense": NaN,
        "Normalized Income": NaN,
        "Net Income From Continuing And Discontinued Operation": NaN,
        "Total Expenses": NaN,
        "Total Operating Income As Reported": NaN,
        "Diluted Average Shares": NaN,
        "Basic Average Shares": NaN,
        "Diluted EPS": NaN,
        "Basic EPS": NaN,
        "Diluted NI Availto Com Stockholders": NaN,
        "Average Dilution Earnings": 0.0,
        "Net Income Common Stockholders": NaN,
        "Otherunder Preferred Stock Dividend": NaN,
        "Net Income": NaN,
        "Net Income Including Noncontrolling Interests": NaN,
        "Net Income Continuous Operations": NaN,
        "Tax Provision": NaN,
        "Pretax Income": NaN,
        "Other Income Expense": NaN,
        "Special Income Charges": NaN,
        "Impairment Of Capital Assets": NaN,
        "Net Non Operating Interest Income Expense": NaN,
        "Total Other Finance Cost": -1977000.0,
        "Interest Expense Non Operating": NaN,
        "Operating Income": NaN,
        "Operating Expense": NaN,
        "Other Operating Expenses": NaN,
        "Depreciation Amortization Depletion Income Statement": NaN,
        "Depreciation And Amortization In Income Statement": NaN,
        "Selling General And Administration": NaN,
        "Gross Profit": NaN,
        "Cost Of Revenue": NaN,
        "Total Revenue": NaN,
        "Operating Revenue": NaN
    },
    "2022-06-30": {
        "Tax Effect Of Unusual Items": -1136916.0,
        "Tax Rate For Calcs": 0.324,
        "Normalized EBITDA": 50634000.0,
        "Total Unusual Items": -3509000.0,
        "Total Unusual Items Excluding Goodwill": -3509000.0,
        "Net Income From Continuing Operation Net Minority Interest": 9734000.0,
        "Reconciled Depreciation": 25245000.0,
        "Reconciled Cost Of Revenue": 234567000.0,
        "EBITDA": 47125000.0,
        "EBIT": 21880000.0,
        "Net Interest Income": -3963000.0,
        "Interest Expense": NaN,
        "Normalized Income": 12106084.0,
        "Net Income From Continuing And Discontinued Operation": 9734000.0,
        "Total Expenses": 487675000.0,
        "Total Operating Income As Reported": 18371000.0,
        "Diluted Average Shares": 80403000.0,
        "Basic Average Shares": 80061000.0,
        "Diluted EPS": 0.12,
        "Basic EPS": 0.12,
        "Diluted NI Availto Com Stockholders": 9734000.0,
        "Average Dilution Earnings": 0.0,
        "Net Income Common Stockholders": 9734000.0,
        "Net Income": 9734000.0,
        "Net Income Including Noncontrolling Interests": 9734000.0,
        "Net Income Continuous Operations": 9734000.0,
        "Tax Provision": 4674000.0,
        "Pretax Income": 14408000.0,
        "Other Income Expense": -3509000.0,
        "Special Income Charges": -3509000.0,
        "Impairment Of Capital Assets": 3509000.0,
        "Net Non Operating Interest Income Expense": -3963000.0,
        "Total Other Finance Cost": 3963000.0,
        "Interest Expense Non Operating": NaN,
        "Operating Income": 21880000.0,
        "Operating Expense": 253108000.0,
        "Other Operating Expenses": 34000.0,
        "Depreciation Amortization Depletion Income Statement": 25245000.0,
        "Depreciation And Amortization In Income Statement": 25245000.0,
        "Selling General And Administration": 227829000.0,
        "Gross Profit": 274988000.0,
        "Cost Of Revenue": 234567000.0,
        "Total Revenue": 509555000.0,
        "Operating Revenue": 509555000.0
    },
    "2022-03-31": {
        "Diluted EPS": 0.34,
        "Total Revenue": 528,
        "Gross Profit": 292,
        "Operating Income": 37,
        "EBIT": 63,
        "Net Income": 30
    },
    "2021-12-31": {
        "Diluted EPS": 0.08,
        "Total Revenue": 478,
        "Gross Profit": 260,
        "Operating Income": 8,
        "EBIT": 34,
        "Net Income": 6
    },
    "2021-09-30": {
        "Diluted EPS": 0.45,
        "Total Revenue": 518,
        "Gross Profit": 292,
        "Operating Income": 51,
        "EBIT": 77,
        "Net Income": 41
    },
    "2021-06-30": {
        "Diluted EPS": 0.42,
        "Total Revenue": 549,
        "Gross Profit": 314,
        "Operating Income": 55,
        "EBIT": 80,
        "Net Income": 38
    },
    "2021-03-31": {
        "Diluted EPS": 0.48,
        "Total Revenue": 534,
        "Gross Profit": 309,
        "Operating Income": 61,
        "EBIT": 86,
        "Net Income": 43
    },
    "2020-12-31": {
        "Diluted EPS": 0.45,
        "Total Revenue": 497,
        "Gross Profit": 280,
        "Operating Income": 57,
        "EBIT": 84,
        "Net Income": 35
    },
    "2020-09-30": {
        "Diluted EPS": 0.42,
        "Total Revenue": 485,
        "Gross Profit": 275,
        "Operating Income": 55,
        "EBIT": 82,
        "Net Income": 35
    },
    "2020-06-30": {
        "Diluted EPS": -0.55,
        "Total Revenue": 260,
        "Gross Profit": 119,
        "Operating Income": -42,
        "EBIT": -17,
        "Net Income": -44
    },
    "2020-03-31": {
        "Diluted EPS": 0.12,
        "Total Revenue": 470,
        "Gross Profit": 251,
        "Operating Income": 17,
        "EBIT": 42,
        "Net Income": 10
    },
    "2019-12-31": {
        "Diluted EPS": 0.05,
        "Total Revenue": 402,
        "Gross Profit": 214,
        "Operating Income": 8,
        "EBIT": 32,
        "Net Income": 4
    },
    "2019-09-30": {
        "Diluted EPS": 0.01,
        "Total Revenue": 432,
        "Gross Profit": 227,
        "Operating Income": 11,
        "EBIT": 34,
        "Net Income": 1
    },
    "2019-06-30": {
        "Diluted EPS": 0.13,
        "Total Revenue": 429,
        "Gross Profit": 227,
        "Operating Income": 22,
        "EBIT": 43,
        "Net Income": 10
    },
    "2019-03-31": {
        "Diluted EPS": 0.21,
        "Total Revenue": 461,
        "Gross Profit": 249,
        "Operating Income": 32,
        "EBIT": 53,
        "Net Income": 17
    },
    "2018-12-31": {
        "Diluted EPS": -0.23,
        "Total Revenue": 356,
        "Gross Profit": 182,
        "Operating Income": -19,
        "EBIT": 1,
        "Net Income": -18
    },
    "2018-09-30": {
        "Diluted EPS": 0.06,
        "Total Revenue": 387,
        "Gross Profit": 205,
        "Operating Income": -2,
        "EBIT": 18,
        "Net Income": 5
    },
    "2018-06-30": {
        "Diluted EPS": 0.16,
        "Total Revenue": 386,
        "Gross Profit": 208,
        "Operating Income": 25,
        "EBIT": 43,
        "Net Income": 12
    },
    "2018-03-31": {
        "Diluted EPS": 0.31,
        "Total Revenue": 408,
        "Gross Profit": 228,
        "Operating Income": 39,
        "EBIT": 57,
        "Net Income": 24
    },
    "2017-12-31": {
        "Diluted EPS": 0.41,
        "Total Revenue": 322,
        "Gross Profit": 169,
        "Operating Income": -6,
        "EBIT": 16,
        "Net Income": 26
    },
    "2017-09-30": {
        "Diluted EPS": 0.03,
        "Total Revenue": 346,
        "Gross Profit": 184,
        "Operating Income": 17,
        "EBIT": 33,
        "Net Income": 2
    },
    "2017-06-30": {
        "Diluted EPS": -0.03,
        "Total Revenue": 338,
        "Gross Profit": 181,
        "Operating Income": 14,
        "EBIT": 29,
        "Net Income": -1
    },
    "2017-03-31": {
        "Diluted EPS": 0.29,
        "Total Revenue": 370,
        "Gross Profit": 204,
        "Operating Income": 40,
        "EBIT": 55,
        "Net Income": 17
    },
    "2016-12-31": {
        "Diluted EPS": 0.0,
        "Total Revenue": NaN,
        "Gross Profit": NaN,
        "Operating Income": NaN,
        "EBIT": NaN,
        "Net Income": NaN
    },
    "2016-09-30": {
        "Diluted EPS": 0.05,
        "Total Revenue": 301,
        "Gross Profit": 163,
        "Operating Income": 14,
        "EBIT": 14,
        "Net Income": 3
    },
    "2015-12-31": {
        "Diluted EPS": 0.0,
        "Total Revenue": NaN,
        "Gross Profit": NaN,
        "Operating Income": NaN,
        "EBIT": NaN,
        "Net Income": NaN
    },
    "2014-12-31": {
        "Diluted EPS": 0.0,
        "Total Revenue": NaN,
        "Gross Profit": NaN,
        "Operating Income": NaN,
        "EBIT": NaN,
        "Net Income": NaN
    },
    "2023-06-30": {
        "Tax Effect Of Unusual Items": NaN,
        "Tax Rate For Calcs": NaN,
        "Normalized EBITDA": NaN,
        "Total Unusual Items": NaN,
        "Total Unusual Items Excluding Goodwill": NaN,
        "Net Income From Continuing Operation Net Minority Interest": NaN,
        "Reconciled Depreciation": NaN,
        "Reconciled Cost Of Revenue": NaN,
        "EBITDA": NaN,
        "EBIT": NaN,
        "Net Interest Income": NaN,
        "Interest Expense": NaN,
        "Normalized Income": NaN,
        "Net Income From Continuing And Discontinued Operation": NaN,
        "Total Expenses": NaN,
        "Total Operating Income As Reported": NaN,
        "Diluted Average Shares": NaN,
        "Basic Average Shares": NaN,
        "Diluted EPS": NaN,
        "Basic EPS": NaN,
        "Diluted NI Availto Com Stockholders": NaN,
        "Average Dilution Earnings": 0.0,
        "Net Income Common Stockholders": NaN,
        "Otherunder Preferred Stock Dividend": NaN,
        "Net Income": NaN,
        "Net Income Including Noncontrolling Interests": NaN,
        "Net Income Discontinuous Operations": 1977000.0,
        "Net Income Continuous Operations": NaN,
        "Tax Provision": NaN,
        "Pretax Income": NaN,
        "Other Income Expense": NaN,
        "Special Income Charges": NaN,
        "Other Special Charges": NaN,
        "Impairment Of Capital Assets": NaN,
        "Net Non Operating Interest Income Expense": NaN,
        "Total Other Finance Cost": 1836000.0,
        "Interest Expense Non Operating": NaN,
        "Operating Income": NaN,
        "Operating Expense": NaN,
        "Other Operating Expenses": NaN,
        "Depreciation Amortization Depletion Income Statement": NaN,
        "Depreciation And Amortization In Income Statement": NaN,
        "Selling General And Administration": NaN,
        "Gross Profit": NaN,
        "Cost Of Revenue": NaN,
        "Total Revenue": NaN,
        "Operating Revenue": NaN
    },
    "2023-09-30": {
        "Tax Effect Of Unusual Items": NaN,
        "Tax Rate For Calcs": NaN,
        "Normalized EBITDA": NaN,
        "Total Unusual Items": NaN,
        "Total Unusual Items Excluding Goodwill": NaN,
        "Net Income From Continuing Operation Net Minority Interest": NaN,
        "Reconciled Depreciation": NaN,
        "Reconciled Cost Of Revenue": NaN,
        "EBITDA": NaN,
        "EBIT": NaN,
        "Net Interest Income": NaN,
        "Interest Expense": NaN,
        "Normalized Income": NaN,
        "Net Income From Continuing And Discontinued Operation": NaN,
        "Total Expenses": NaN,
        "Total Operating Income As Reported": NaN,
        "Diluted Average Shares": NaN,
        "Basic Average Shares": NaN,
        "Diluted EPS": NaN,
        "Basic EPS": NaN,
        "Diluted NI Availto Com Stockholders": NaN,
        "Average Dilution Earnings": 0.0,
        "Net Income Common Stockholders": NaN,
        "Otherunder Preferred Stock Dividend": NaN,
        "Net Income": NaN,
        "Net Income Including Noncontrolling Interests": NaN,
        "Net Income Discontinuous Operations": NaN,
        "Net Income Continuous Operations": NaN,
        "Tax Provision": NaN,
        "Pretax Income": NaN,
        "Other Income Expense": NaN,
        "Special Income Charges": NaN,
        "Other Special Charges": NaN,
        "Impairment Of Capital Assets": NaN,
        "Net Non Operating Interest Income Expense": NaN,
        "Total Other Finance Cost": 3722000.0,
        "Interest Expense Non Operating": NaN,
        "Operating Income": NaN,
        "Operating Expense": NaN,
        "Other Operating Expenses": 1000.0,
        "Depreciation Amortization Depletion Income Statement": NaN,
        "Depreciation And Amortization In Income Statement": NaN,
        "Selling General And Administration": NaN,
        "Gross Profit": NaN,
        "Cost Of Revenue": NaN,
        "Total Revenue": NaN,
        "Operating Revenue": NaN
    },
    "2023-12-31": {
        "Tax Effect Of Unusual Items": NaN,
        "Tax Rate For Calcs": NaN,
        "Normalized EBITDA": NaN,
        "Total Unusual Items": NaN,
        "Total Unusual Items Excluding Goodwill": NaN,
        "Net Income From Continuing Operation Net Minority Interest": NaN,
        "Reconciled Depreciation": NaN,
        "Reconciled Cost Of Revenue": NaN,
        "EBITDA": NaN,
        "EBIT": NaN,
        "Net Interest Income": NaN,
        "Interest Expense": NaN,
        "Normalized Income": NaN,
        "Net Income From Continuing And Discontinued Operation": NaN,
        "Total Expenses": NaN,
        "Total Operating Income As Reported": NaN,
        "Diluted Average Shares": NaN,
        "Basic Average Shares": NaN,
        "Diluted EPS": NaN,
        "Basic EPS": NaN,
        "Diluted NI Availto Com Stockholders": NaN,
        "Average Dilution Earnings": 0.0,
        "Net Income Common Stockholders": NaN,
        "Otherunder Preferred Stock Dividend": NaN,
        "Net Income": NaN,
        "Net Income Including Noncontrolling Interests": NaN,
        "Net Income Discontinuous Operations": NaN,
        "Net Income Continuous Operations": NaN,
        "Tax Provision": NaN,
        "Pretax Income": NaN,
        "Other Income Expense": NaN,
        "Special Income Charges": NaN,
        "Other Special Charges": NaN,
        "Impairment Of Capital Assets": NaN,
        "Net Non Operating Interest Income Expense": NaN,
        "Interest Expense Non Operating": NaN,
        "Operating Income": NaN,
        "Operating Expense": NaN,
        "Other Operating Expenses": -11000.0,
        "Depreciation Amortization Depletion Income Statement": NaN,
        "Depreciation And Amortization In Income Statement": NaN,
        "Selling General And Administration": NaN,
        "Gross Profit": NaN,
        "Cost Of Revenue": NaN,
        "Total Revenue": NaN,
        "Operating Revenue": NaN
    },
    "2024-03-31": {
        "Tax Effect Of Unusual Items": NaN,
        "Tax Rate For Calcs": NaN,
        "Normalized EBITDA": NaN,
        "Total Unusual Items": NaN,
        "Total Unusual Items Excluding Goodwill": NaN,
        "Net Income From Continuing Operation Net Minority Interest": NaN,
        "Reconciled Depreciation": NaN,
        "Reconciled Cost Of Revenue": NaN,
        "EBITDA": NaN,
        "EBIT": NaN,
        "Net Interest Income": NaN,
        "Interest Expense": NaN,
        "Normalized Income": NaN,
        "Net Income From Continuing And Discontinued Operation": NaN,
        "Total Expenses": NaN,
        "Total Operating Income As Reported": NaN,
        "Diluted Average Shares": NaN,
        "Basic Average Shares": NaN,
        "Diluted EPS": NaN,
        "Basic EPS": NaN,
        "Diluted NI Availto Com Stockholders": NaN,
        "Average Dilution Earnings": NaN,
        "Net Income Common Stockholders": NaN,
        "Otherunder Preferred Stock Dividend": 554000.0,
        "Net Income": NaN,
        "Net Income Including Noncontrolling Interests": NaN,
        "Net Income Discontinuous Operations": NaN,
        "Net Income Continuous Operations": NaN,
        "Tax Provision": NaN,
        "Pretax Income": NaN,
        "Other Income Expense": -456000.0,
        "Special Income Charges": NaN,
        "Other Special Charges": NaN,
        "Impairment Of Capital Assets": NaN,
        "Net Non Operating Interest Income Expense": NaN,
        "Interest Expense Non Operating": NaN,
        "Operating Income": NaN,
        "Operating Expense": NaN,
        "Other Operating Expenses": 1000.0,
        "Depreciation Amortization Depletion Income Statement": NaN,
        "Depreciation And Amortization In Income Statement": NaN,
        "Selling General And Administration": NaN,
        "Gross Profit": NaN,
        "Cost Of Revenue": NaN,
        "Total Revenue": NaN,
        "Operating Revenue": NaN
    },
    "2024-06-30": {
        "Tax Effect Of Unusual Items": -738990.0,
        "Tax Rate For Calcs": 0.21,
        "Normalized EBITDA": 26802000.0,
        "Total Unusual Items": -3519000.0,
        "Total Unusual Items Excluding Goodwill": -3519000.0,
        "Net Income From Continuing Operation Net Minority Interest": -1041000.0,
        "Reconciled Depreciation": 21931000.0,
        "Reconciled Cost Of Revenue": 194341000.0,
        "EBITDA": 23283000.0,
        "EBIT": 591000.0,
        "Net Interest Income": -3196000.0,
        "Interest Expense": 3196000.0,
        "Normalized Income": 1739010.0,
        "Net Income From Continuing And Discontinued Operation": -3125000.0,
        "Total Expenses": 447623000.0,
        "Total Operating Income As Reported": 591000.0,
        "Diluted Average Shares": 78575000.0,
        "Basic Average Shares": 78575000.0,
        "Diluted EPS": -0.04,
        "Basic EPS": -0.04,
        "Diluted NI Availto Com Stockholders": -3125000.0,
        "Average Dilution Earnings": NaN,
        "Net Income Common Stockholders": -3125000.0,
        "Otherunder Preferred Stock Dividend": NaN,
        "Net Income": -3125000.0,
        "Net Income Including Noncontrolling Interests": -3125000.0,
        "Net Income Discontinuous Operations": -2084000.0,
        "Net Income Continuous Operations": -1041000.0,
        "Tax Provision": -1564000.0,
        "Pretax Income": -2605000.0,
        "Other Income Expense": -3519000.0,
        "Special Income Charges": -3519000.0,
        "Other Special Charges": NaN,
        "Impairment Of Capital Assets": 3519000.0,
        "Net Non Operating Interest Income Expense": -3196000.0,
        "Interest Expense Non Operating": 3196000.0,
        "Operating Income": 4110000.0,
        "Operating Expense": 254043000.0,
        "Other Operating Expenses": -2000.0,
        "Depreciation Amortization Depletion Income Statement": 22692000.0,
        "Depreciation And Amortization In Income Statement": 22692000.0,
        "Selling General And Administration": 231353000.0,
        "Gross Profit": 258153000.0,
        "Cost Of Revenue": 193580000.0,
        "Total Revenue": 451733000.0,
        "Operating Revenue": 451733000.0
    },
    "2024-09-30": {
        "Tax Effect Of Unusual Items": -3872967.0,
        "Tax Rate For Calcs": 0.301,
        "Normalized EBITDA": 27595000.0,
        "Total Unusual Items": -12867000.0,
        "Total Unusual Items Excluding Goodwill": -12867000.0,
        "Net Income From Continuing Operation Net Minority Interest": -8440000.0,
        "Reconciled Depreciation": 22690000.0,
        "Reconciled Cost Of Revenue": 189929000.0,
        "EBITDA": 14728000.0,
        "EBIT": -7962000.0,
        "Net Interest Income": -4108000.0,
        "Interest Expense": 4108000.0,
        "Normalized Income": 554033.0,
        "Net Income From Continuing And Discontinued Operation": -8468000.0,
        "Total Expenses": 446610000.0,
        "Total Operating Income As Reported": -8821000.0,
        "Diluted Average Shares": 78655000.0,
        "Basic Average Shares": 78655000.0,
        "Diluted EPS": -0.11,
        "Basic EPS": -0.11,
        "Diluted NI Availto Com Stockholders": -8468000.0,
        "Average Dilution Earnings": NaN,
        "Net Income Common Stockholders": -8468000.0,
        "Otherunder Preferred Stock Dividend": NaN,
        "Net Income": -8468000.0,
        "Net Income Including Noncontrolling Interests": -8468000.0,
        "Net Income Discontinuous Operations": -28000.0,
        "Net Income Continuous Operations": -8440000.0,
        "Tax Provision": -3630000.0,
        "Pretax Income": -12070000.0,
        "Other Income Expense": -12867000.0,
        "Special Income Charges": -12867000.0,
        "Other Special Charges": -859000.0,
        "Impairment Of Capital Assets": 13726000.0,
        "Net Non Operating Interest Income Expense": -4108000.0,
        "Interest Expense Non Operating": 4108000.0,
        "Operating Income": 4905000.0,
        "Operating Expense": 256681000.0,
        "Other Operating Expenses": NaN,
        "Depreciation Amortization Depletion Income Statement": 22690000.0,
        "Depreciation And Amortization In Income Statement": 22690000.0,
        "Selling General And Administration": 233991000.0,
        "Gross Profit": 261586000.0,
        "Cost Of Revenue": 189929000.0,
        "Total Revenue": 451515000.0,
        "Operating Revenue": 451515000.0
    },
    "2024-12-31": {
        "Tax Effect Of Unusual Items": -556042.391124,
        "Tax Rate For Calcs": 0.025103,
        "Normalized EBITDA": 25727000.0,
        "Total Unusual Items": -22150000.0,
        "Total Unusual Items Excluding Goodwill": -22150000.0,
        "Net Income From Continuing Operation Net Minority Interest": -29437000.0,
        "Reconciled Depreciation": 29148000.0,
        "Reconciled Cost Of Revenue": 178599000.0,
        "EBITDA": 3577000.0,
        "EBIT": -25571000.0,
        "Net Interest Income": -4624000.0,
        "Interest Expense": 4624000.0,
        "Normalized Income": -7843042.391124,
        "Net Income From Continuing And Discontinued Operation": -28591000.0,
        "Total Expenses": 440699000.0,
        "Total Operating Income As Reported": -25571000.0,
        "Diluted Average Shares": 78754000.0,
        "Basic Average Shares": 78754000.0,
        "Diluted EPS": -0.36,
        "Basic EPS": -0.36,
        "Diluted NI Availto Com Stockholders": -28591000.0,
        "Average Dilution Earnings": NaN,
        "Net Income Common Stockholders": -28591000.0,
        "Otherunder Preferred Stock Dividend": NaN,
        "Net Income": -28591000.0,
        "Net Income Including Noncontrolling Interests": -28591000.0,
        "Net Income Discontinuous Operations": 846000.0,
        "Net Income Continuous Operations": -29437000.0,
        "Tax Provision": -758000.0,
        "Pretax Income": -30195000.0,
        "Other Income Expense": -22150000.0,
        "Special Income Charges": -22150000.0,
        "Other Special Charges": 0.0,
        "Impairment Of Capital Assets": 22150000.0,
        "Net Non Operating Interest Income Expense": -4624000.0,
        "Interest Expense Non Operating": 4624000.0,
        "Operating Income": -3421000.0,
        "Operating Expense": 255698000.0,
        "Other Operating Expenses": -100000.0,
        "Depreciation Amortization Depletion Income Statement": 22746000.0,
        "Depreciation And Amortization In Income Statement": 22746000.0,
        "Selling General And Administration": 233052000.0,
        "Gross Profit": 252277000.0,
        "Cost Of Revenue": 185001000.0,
        "Total Revenue": 437278000.0,
        "Operating Revenue": 437278000.0
    },
    "2025-03-31": {
        "Tax Effect Of Unusual Items": -171684.0,
        "Tax Rate For Calcs": 0.342,
        "Normalized EBITDA": 51759000.0,
        "Total Unusual Items": -502000.0,
        "Total Unusual Items Excluding Goodwill": -502000.0,
        "Net Income From Continuing Operation Net Minority Interest": 14186000.0,
        "Reconciled Depreciation": 25120000.0,
        "Reconciled Cost Of Revenue": 203033000.0,
        "EBITDA": 51257000.0,
        "EBIT": 26137000.0,
        "Net Interest Income": -4572000.0,
        "Interest Expense": 4572000.0,
        "Normalized Income": 14516316.0,
        "Net Income From Continuing And Discontinued Operation": 14186000.0,
        "Total Expenses": 483685000.0,
        "Total Operating Income As Reported": 26137000.0,
        "Diluted Average Shares": 79259000.0,
        "Basic Average Shares": 78858000.0,
        "Diluted EPS": 0.18,
        "Basic EPS": 0.18,
        "Diluted NI Availto Com Stockholders": 14186000.0,
        "Average Dilution Earnings": NaN,
        "Net Income Common Stockholders": 14186000.0,
        "Otherunder Preferred Stock Dividend": NaN,
        "Net Income": 14186000.0,
        "Net Income Including Noncontrolling Interests": 14186000.0,
        "Net Income Discontinuous Operations": 0.0,
        "Net Income Continuous Operations": 14186000.0,
        "Tax Provision": 7379000.0,
        "Pretax Income": 21565000.0,
        "Other Income Expense": -502000.0,
        "Special Income Charges": -502000.0,
        "Other Special Charges": NaN,
        "Impairment Of Capital Assets": 502000.0,
        "Net Non Operating Interest Income Expense": -4572000.0,
        "Interest Expense Non Operating": 4572000.0,
        "Operating Income": 26639000.0,
        "Operating Expense": 278495000.0,
        "Other Operating Expenses": NaN,
        "Depreciation Amortization Depletion Income Statement": 22963000.0,
        "Depreciation And Amortization In Income Statement": 22963000.0,
        "Selling General And Administration": 255532000.0,
        "Gross Profit": 305134000.0,
        "Cost Of Revenue": 205190000.0,
        "Total Revenue": 510324000.0,
        "Operating Revenue": 510324000.0
    },
    "2025-06-30": {
        "Tax Effect Of Unusual Items": 0.0,
        "Tax Rate For Calcs": 0.287,
        "Normalized EBITDA": 38985000.0,
        "Total Unusual Items": 0.0,
        "Total Unusual Items Excluding Goodwill": 0.0,
        "Net Income From Continuing Operation Net Minority Interest": 8725000.0,
        "Reconciled Depreciation": 20379000.0,
        "Reconciled Cost Of Revenue": 202528000.0,
        "EBITDA": 38985000.0,
        "EBIT": 16449000.0,
        "Net Interest Income": -4210000.0,
        "Interest Expense": 4210000.0,
        "Normalized Income": 8725000.0,
        "Net Income From Continuing And Discontinued Operation": 8725000.0,
        "Total Expenses": 469974000.0,
        "Total Operating Income As Reported": 16449000.0,
        "Diluted Average Shares": 80057000.0,
        "Basic Average Shares": 79079000.0,
        "Diluted EPS": 0.11,
        "Basic EPS": 0.11,
        "Diluted NI Availto Com Stockholders": 8725000.0,
        "Average Dilution Earnings": NaN,
        "Net Income Common Stockholders": 8725000.0,
        "Otherunder Preferred Stock Dividend": NaN,
        "Net Income": 8725000.0,
        "Net Income Including Noncontrolling Interests": 8725000.0,
        "Net Income Discontinuous Operations": 0.0,
        "Net Income Continuous Operations": 8725000.0,
        "Tax Provision": 3514000.0,
        "Pretax Income": 12239000.0,
        "Other Income Expense": NaN,
        "Special Income Charges": 0.0,
        "Other Special Charges": NaN,
        "Impairment Of Capital Assets": 0.0,
        "Net Non Operating Interest Income Expense": -4210000.0,
        "Interest Expense Non Operating": 4210000.0,
        "Operating Income": 16449000.0,
        "Operating Expense": 269603000.0,
        "Other Operating Expenses": -100000.0,
        "Depreciation Amortization Depletion Income Statement": 22536000.0,
        "Depreciation And Amortization In Income Statement": 22536000.0,
        "Selling General And Administration": 247167000.0,
        "Gross Profit": 286052000.0,
        "Cost Of Revenue": 200371000.0,
        "Total Revenue": 486423000.0,
        "Operating Revenue": 486423000.0
    }
}