{
    "2023-03-31": {
        "Tax Effect Of Unusual Items": NaN,
        "Tax Rate For Calcs": NaN,
        "Normalized EBITDA": NaN,
        "Total Unusual Items": NaN,
        "Total Unusual Items Excluding Goodwill": NaN,
        "Net Income From Continuing Operation Net Minority Interest": NaN,
        "Reconciled Depreciation": NaN,
        "Reconciled Cost Of Revenue": NaN,
        "EBITDA": NaN,
        "EBIT": NaN,
        "Net Interest Income": NaN,
        "Interest Expense": NaN,
        "Interest Income": NaN,
        "Normalized Income": NaN,
        "Net Income From Continuing And Discontinued Operation": NaN,
        "Total Expenses": NaN,
        "Total Operating Income As Reported": NaN,
        "Diluted Average Shares": 55648000.0,
        "Basic Average Shares": 55648000.0,
        "Diluted EPS": -0.12,
        "Basic EPS": -0.12,
        "Diluted NI Availto Com Stockholders": NaN,
        "Average Dilution Earnings": NaN,
        "Net Income Common Stockholders": NaN,
        "Net Income": NaN,
        "Net Income Including Noncontrolling Interests": NaN,
        "Net Income Continuous Operations": NaN,
        "Tax Provision": NaN,
        "Pretax Income": NaN,
        "Other Income Expense": NaN,
        "Other Non Operating Income Expenses": NaN,
        "Special Income Charges": NaN,
        "Gain On Sale Of Ppe": NaN,
        "Earnings From Equity Interest": NaN,
        "Net Non Operating Interest Income Expense": NaN,
        "Interest Expense Non Operating": NaN,
        "Interest Income Non Operating": NaN,
        "Operating Income": NaN,
        "Operating Expense": NaN,
        "Other Operating Expenses": NaN,
        "Depreciation Amortization Depletion Income Statement": NaN,
        "Depreciation And Amortization In Income Statement": NaN,
        "Selling General And Administration": NaN,
        "General And Administrative Expense": NaN,
        "Other Gand A": NaN,
        "Gross Profit": NaN,
        "Cost Of Revenue": NaN,
        "Total Revenue": NaN,
        "Operating Revenue": NaN
    },
    "2022-12-31": {
        "Tax Effect Of Unusual Items": NaN,
        "Tax Rate For Calcs": NaN,
        "Normalized EBITDA": NaN,
        "Total Unusual Items": NaN,
        "Total Unusual Items Excluding Goodwill": NaN,
        "Net Income From Continuing Operation Net Minority Interest": NaN,
        "Reconciled Depreciation": NaN,
        "Reconciled Cost Of Revenue": NaN,
        "EBITDA": NaN,
        "EBIT": NaN,
        "Net Interest Income": NaN,
        "Interest Expense": NaN,
        "Interest Income": NaN,
        "Normalized Income": NaN,
        "Net Income From Continuing And Discontinued Operation": NaN,
        "Total Expenses": NaN,
        "Total Operating Income As Reported": NaN,
        "Diluted Average Shares": 83779000.0,
        "Basic Average Shares": 56308000.0,
        "Diluted EPS": 0.25,
        "Basic EPS": 0.3,
        "Diluted NI Availto Com Stockholders": NaN,
        "Average Dilution Earnings": 4540000.0,
        "Net Income Common Stockholders": NaN,
        "Net Income": NaN,
        "Net Income Including Noncontrolling Interests": NaN,
        "Net Income Continuous Operations": NaN,
        "Tax Provision": NaN,
        "Pretax Income": NaN,
        "Other Income Expense": NaN,
        "Other Non Operating Income Expenses": NaN,
        "Special Income Charges": NaN,
        "Gain On Sale Of Ppe": NaN,
        "Earnings From Equity Interest": NaN,
        "Net Non Operating Interest Income Expense": NaN,
        "Interest Expense Non Operating": NaN,
        "Interest Income Non Operating": NaN,
        "Operating Income": NaN,
        "Operating Expense": NaN,
        "Other Operating Expenses": NaN,
        "Depreciation Amortization Depletion Income Statement": NaN,
        "Depreciation And Amortization In Income Statement": NaN,
        "Selling General And Administration": NaN,
        "General And Administrative Expense": NaN,
        "Other Gand A": NaN,
        "Gross Profit": NaN,
        "Cost Of Revenue": NaN,
        "Total Revenue": NaN,
        "Operating Revenue": NaN
    },
    "2022-09-30": {
        "Tax Effect Of Unusual Items": -3780.0,
        "Tax Rate For Calcs": 0.21,
        "Normalized EBITDA": 24870000.0,
        "Total Unusual Items": -18000.0,
        "Total Unusual Items Excluding Goodwill": -18000.0,
        "Net Income From Continuing Operation Net Minority Interest": 7337000.0,
        "Reconciled Depreciation": 9370000.0,
        "Reconciled Cost Of Revenue": 95807000.0,
        "EBITDA": 24852000.0,
        "EBIT": 15482000.0,
        "Net Interest Income": -2253000.0,
        "Interest Expense": 2321000.0,
        "Interest Income": 68000.0,
        "Normalized Income": 7351220.0,
        "Net Income From Continuing And Discontinued Operation": 7337000.0,
        "Total Expenses": 218505000.0,
        "Total Operating Income As Reported": 14884000.0,
        "Diluted Average Shares": 82539000.0,
        "Basic Average Shares": 56598000.0,
        "Diluted EPS": 0.11,
        "Basic EPS": 0.13,
        "Diluted NI Availto Com Stockholders": 7337000.0,
        "Average Dilution Earnings": NaN,
        "Net Income Common Stockholders": 7337000.0,
        "Net Income": 7337000.0,
        "Net Income Including Noncontrolling Interests": 7337000.0,
        "Net Income Continuous Operations": 7337000.0,
        "Tax Provision": 5824000.0,
        "Pretax Income": 13161000.0,
        "Other Income Expense": 512000.0,
        "Other Non Operating Income Expenses": 208000.0,
        "Special Income Charges": -18000.0,
        "Gain On Sale Of Ppe": -18000.0,
        "Earnings From Equity Interest": 322000.0,
        "Net Non Operating Interest Income Expense": -2253000.0,
        "Interest Expense Non Operating": 2321000.0,
        "Interest Income Non Operating": 68000.0,
        "Operating Income": 14902000.0,
        "Operating Expense": 122698000.0,
        "Other Operating Expenses": 95473000.0,
        "Depreciation Amortization Depletion Income Statement": 9370000.0,
        "Depreciation And Amortization In Income Statement": 9370000.0,
        "Selling General And Administration": 17855000.0,
        "General And Administrative Expense": 17855000.0,
        "Other Gand A": 17855000.0,
        "Gross Profit": 137600000.0,
        "Cost Of Revenue": 95807000.0,
        "Total Revenue": 233407000.0,
        "Operating Revenue": 233373000.0
    },
    "2022-06-30": {
        "Tax Effect Of Unusual Items": 0.0,
        "Tax Rate For Calcs": 0.066274,
        "Normalized EBITDA": 36836000.0,
        "Total Unusual Items": 0.0,
        "Total Unusual Items Excluding Goodwill": 0.0,
        "Net Income From Continuing Operation Net Minority Interest": 12215000.0,
        "Reconciled Depreciation": 21061000.0,
        "Reconciled Cost Of Revenue": 73019000.0,
        "EBITDA": 36836000.0,
        "EBIT": 15775000.0,
        "Net Interest Income": -2503000.0,
        "Interest Expense": 2693000.0,
        "Interest Income": 190000.0,
        "Normalized Income": 12215000.0,
        "Net Income From Continuing And Discontinued Operation": 12215000.0,
        "Total Expenses": 202225000.0,
        "Total Operating Income As Reported": 13617000.0,
        "Diluted Average Shares": 82504000.0,
        "Basic Average Shares": 56656000.0,
        "Diluted EPS": 0.17,
        "Basic EPS": 0.22,
        "Diluted NI Availto Com Stockholders": 12215000.0,
        "Average Dilution Earnings": NaN,
        "Net Income Common Stockholders": 12215000.0,
        "Net Income": 12215000.0,
        "Net Income Including Noncontrolling Interests": 12215000.0,
        "Net Income Continuous Operations": 12215000.0,
        "Tax Provision": 867000.0,
        "Pretax Income": 13082000.0,
        "Other Income Expense": 1968000.0,
        "Other Non Operating Income Expenses": 210000.0,
        "Special Income Charges": 0.0,
        "Gain On Sale Of Ppe": 0.0,
        "Earnings From Equity Interest": 1758000.0,
        "Net Non Operating Interest Income Expense": -2503000.0,
        "Interest Expense Non Operating": 2693000.0,
        "Interest Income Non Operating": 190000.0,
        "Operating Income": 13617000.0,
        "Operating Expense": 115891000.0,
        "Other Operating Expenses": 89430000.0,
        "Depreciation Amortization Depletion Income Statement": 7746000.0,
        "Depreciation And Amortization In Income Statement": 7746000.0,
        "Selling General And Administration": 18715000.0,
        "General And Administrative Expense": 18715000.0,
        "Other Gand A": 18715000.0,
        "Gross Profit": 129508000.0,
        "Cost Of Revenue": 86334000.0,
        "Total Revenue": 215842000.0,
        "Operating Revenue": 215793000.0
    },
    "2023-06-30": {
        "Tax Effect Of Unusual Items": NaN,
        "Tax Rate For Calcs": NaN,
        "Normalized EBITDA": NaN,
        "Total Unusual Items": NaN,
        "Total Unusual Items Excluding Goodwill": NaN,
        "Net Income From Continuing Operation Net Minority Interest": NaN,
        "Reconciled Depreciation": NaN,
        "Reconciled Cost Of Revenue": NaN,
        "EBITDA": NaN,
        "EBIT": NaN,
        "Net Interest Income": NaN,
        "Interest Expense": NaN,
        "Interest Income": NaN,
        "Normalized Income": NaN,
        "Net Income From Continuing And Discontinued Operation": NaN,
        "Total Expenses": NaN,
        "Total Operating Income As Reported": NaN,
        "Diluted Average Shares": 86825000.0,
        "Basic Average Shares": 55367000.0,
        "Diluted EPS": 0.24,
        "Basic EPS": 0.33,
        "Diluted NI Availto Com Stockholders": NaN,
        "Average Dilution Earnings": NaN,
        "Net Income Common Stockholders": NaN,
        "Net Income": NaN,
        "Net Income Including Noncontrolling Interests": NaN,
        "Net Income Continuous Operations": NaN,
        "Tax Provision": NaN,
        "Pretax Income": NaN,
        "Other Income Expense": NaN,
        "Other Non Operating Income Expenses": NaN,
        "Special Income Charges": NaN,
        "Gain On Sale Of Ppe": NaN,
        "Earnings From Equity Interest": NaN,
        "Net Non Operating Interest Income Expense": NaN,
        "Interest Expense Non Operating": NaN,
        "Interest Income Non Operating": NaN,
        "Operating Income": NaN,
        "Operating Expense": NaN,
        "Other Operating Expenses": NaN,
        "Depreciation Amortization Depletion Income Statement": NaN,
        "Depreciation And Amortization In Income Statement": NaN,
        "Selling General And Administration": NaN,
        "General And Administrative Expense": NaN,
        "Other Gand A": NaN,
        "Gross Profit": NaN,
        "Cost Of Revenue": NaN,
        "Total Revenue": NaN,
        "Operating Revenue": NaN
    },
    "2022-03-31": {
        "Diluted EPS": 0.2,
        "Total Revenue": 216,
        "Gross Profit": 129,
        "Operating Income": 24,
        "EBIT": 32,
        "Net Income": 15
    },
    "2021-12-31": {
        "Diluted EPS": 0.21,
        "Total Revenue": 221,
        "Gross Profit": 132,
        "Operating Income": 22,
        "EBIT": 30,
        "Net Income": 16
    },
    "2021-09-30": {
        "Diluted EPS": 0.02,
        "Total Revenue": 192,
        "Gross Profit": 119,
        "Operating Income": 8,
        "EBIT": 32,
        "Net Income": 2
    },
    "2021-06-30": {
        "Diluted EPS": -0.05,
        "Total Revenue": 174,
        "Gross Profit": 108,
        "Operating Income": 4,
        "EBIT": 27,
        "Net Income": -3
    },
    "2021-03-31": {
        "Diluted EPS": 0.1,
        "Total Revenue": 185,
        "Gross Profit": 114,
        "Operating Income": 11,
        "EBIT": 34,
        "Net Income": 5
    },
    "2020-12-31": {
        "Diluted EPS": 0.08,
        "Total Revenue": 178,
        "Gross Profit": 108,
        "Operating Income": 9,
        "EBIT": 31,
        "Net Income": 4
    },
    "2020-09-30": {
        "Diluted EPS": -0.42,
        "Total Revenue": 167,
        "Gross Profit": 90,
        "Operating Income": -27,
        "EBIT": 3,
        "Net Income": -23
    },
    "2020-06-30": {
        "Diluted EPS": -0.1,
        "Total Revenue": 210,
        "Gross Profit": 102,
        "Operating Income": -4,
        "EBIT": 18,
        "Net Income": -5
    },
    "2020-03-31": {
        "Diluted EPS": -0.74,
        "Total Revenue": 223,
        "Gross Profit": 127,
        "Operating Income": -31,
        "EBIT": 39,
        "Net Income": -41
    },
    "2019-12-31": {
        "Diluted EPS": 0.02,
        "Total Revenue": 222,
        "Gross Profit": 130,
        "Operating Income": 13,
        "EBIT": 36,
        "Net Income": 1
    },
    "2019-09-30": {
        "Diluted EPS": -0.01,
        "Total Revenue": 214,
        "Gross Profit": 121,
        "Operating Income": 7,
        "EBIT": 18,
        "Net Income": -1
    },
    "2019-06-30": {
        "Diluted EPS": 0.06,
        "Total Revenue": 202,
        "Gross Profit": 116,
        "Operating Income": 9,
        "EBIT": 21,
        "Net Income": 3
    },
    "2019-03-31": {
        "Diluted EPS": 0.06,
        "Total Revenue": 215,
        "Gross Profit": 128,
        "Operating Income": 17,
        "EBIT": 29,
        "Net Income": 3
    },
    "2018-12-31": {
        "Diluted EPS": -0.06,
        "Total Revenue": 216,
        "Gross Profit": 130,
        "Operating Income": 15,
        "EBIT": 27,
        "Net Income": -3
    },
    "2018-09-30": {
        "Diluted EPS": -0.03,
        "Total Revenue": 206,
        "Gross Profit": 124,
        "Operating Income": 17,
        "EBIT": 30,
        "Net Income": -2
    },
    "2018-06-30": {
        "Diluted EPS": 0.25,
        "Total Revenue": 200,
        "Gross Profit": 115,
        "Operating Income": 12,
        "EBIT": 23,
        "Net Income": 14
    },
    "2018-03-31": {
        "Diluted EPS": 0.21,
        "Total Revenue": 202,
        "Gross Profit": 120,
        "Operating Income": 18,
        "EBIT": 28,
        "Net Income": 12
    },
    "2017-12-31": {
        "Diluted EPS": 0.23,
        "Total Revenue": 205,
        "Gross Profit": 122,
        "Operating Income": 20,
        "EBIT": 29,
        "Net Income": 13
    },
    "2017-09-30": {
        "Diluted EPS": 0.23,
        "Total Revenue": 182,
        "Gross Profit": 108,
        "Operating Income": 12,
        "EBIT": 21,
        "Net Income": 11
    },
    "2017-06-30": {
        "Diluted EPS": 0.1,
        "Total Revenue": 184,
        "Gross Profit": 106,
        "Operating Income": 11,
        "EBIT": 20,
        "Net Income": 5
    },
    "2017-03-31": {
        "Diluted EPS": 0.15,
        "Total Revenue": 190,
        "Gross Profit": 110,
        "Operating Income": 16,
        "EBIT": 25,
        "Net Income": 8
    },
    "2016-12-31": {
        "Diluted EPS": 0.13,
        "Total Revenue": 193,
        "Gross Profit": 112,
        "Operating Income": 14,
        "EBIT": 23,
        "Net Income": 7
    },
    "2016-09-30": {
        "Diluted EPS": 0.04,
        "Total Revenue": 185,
        "Gross Profit": 107,
        "Operating Income": 2,
        "EBIT": 2,
        "Net Income": 3
    },
    "2016-06-30": {
        "Diluted EPS": -0.11,
        "Total Revenue": 170,
        "Gross Profit": 100,
        "Operating Income": 7,
        "EBIT": 19,
        "Net Income": -6
    },
    "2016-03-31": {
        "Diluted EPS": -1.29,
        "Total Revenue": 188,
        "Gross Profit": 108,
        "Operating Income": 13,
        "EBIT": 100,
        "Net Income": -71
    },
    "2015-12-31": {
        "Diluted EPS": -0.13,
        "Total Revenue": 188,
        "Gross Profit": 113,
        "Operating Income": 7,
        "EBIT": 23,
        "Net Income": -7
    },
    "2015-09-30": {
        "Diluted EPS": -1.72,
        "Total Revenue": 137,
        "Gross Profit": 65,
        "Operating Income": -42,
        "EBIT": 9,
        "Net Income": -92
    },
    "2015-06-30": {
        "Diluted EPS": -0.17,
        "Total Revenue": 165,
        "Gross Profit": 95,
        "Operating Income": -2,
        "EBIT": 10,
        "Net Income": -10
    },
    "2015-03-31": {
        "Diluted EPS": 0.03,
        "Total Revenue": 205,
        "Gross Profit": 118,
        "Operating Income": 12,
        "EBIT": 28,
        "Net Income": 1
    },
    "2014-12-31": {
        "Diluted EPS": 0.22,
        "Total Revenue": 213,
        "Gross Profit": 126,
        "Operating Income": 16,
        "EBIT": 32,
        "Net Income": 12
    },
    "2014-09-30": {
        "Diluted EPS": -1.77,
        "Total Revenue": 24,
        "Gross Profit": -61,
        "Operating Income": -39,
        "EBIT": 64,
        "Net Income": -97
    },
    "2014-06-30": {
        "Diluted EPS": 0.07,
        "Total Revenue": 223,
        "Gross Profit": 152,
        "Operating Income": 9,
        "EBIT": 25,
        "Net Income": 4
    },
    "2014-03-31": {
        "Diluted EPS": 0.11,
        "Total Revenue": 245,
        "Gross Profit": 161,
        "Operating Income": 20,
        "EBIT": 34,
        "Net Income": 6
    },
    "2013-12-31": {
        "Diluted EPS": 0.34,
        "Total Revenue": 254,
        "Gross Profit": 170,
        "Operating Income": 28,
        "EBIT": 40,
        "Net Income": 19
    },
    "2013-09-30": {
        "Diluted EPS": -0.7,
        "Total Revenue": 34,
        "Gross Profit": -22,
        "Operating Income": -48,
        "EBIT": -31,
        "Net Income": -37
    },
    "2013-06-30": {
        "Diluted EPS": -0.11,
        "Total Revenue": 235,
        "Gross Profit": 164,
        "Operating Income": 25,
        "EBIT": 35,
        "Net Income": -6
    },
    "2013-03-31": {
        "Diluted EPS": 0.63,
        "Total Revenue": 268,
        "Gross Profit": 180,
        "Operating Income": 53,
        "EBIT": 62,
        "Net Income": 34
    },
    "2012-12-31": {
        "Diluted EPS": 0.59,
        "Total Revenue": 273,
        "Gross Profit": 173,
        "Operating Income": 49,
        "EBIT": 56,
        "Net Income": 31
    },
    "2012-09-30": {
        "Diluted EPS": 0.6,
        "Total Revenue": 231,
        "Gross Profit": 153,
        "Operating Income": 45,
        "EBIT": 38,
        "Net Income": 32
    },
    "2012-06-30": {
        "Diluted EPS": 0.56,
        "Total Revenue": 225,
        "Gross Profit": 154,
        "Operating Income": 41,
        "EBIT": 48,
        "Net Income": 29
    },
    "2012-03-31": {
        "Diluted EPS": 0.73,
        "Total Revenue": 256,
        "Gross Profit": 168,
        "Operating Income": 56,
        "EBIT": 63,
        "Net Income": 37
    },
    "2011-12-31": {
        "Diluted EPS": 0.78,
        "Total Revenue": 249,
        "Gross Profit": 165,
        "Operating Income": 55,
        "EBIT": 60,
        "Net Income": 39
    },
    "2011-09-30": {
        "Diluted EPS": 0.72,
        "Total Revenue": 218,
        "Gross Profit": 147,
        "Operating Income": 54,
        "EBIT": 59,
        "Net Income": 36
    },
    "2011-06-30": {
        "Diluted EPS": 0.53,
        "Total Revenue": 203,
        "Gross Profit": 134,
        "Operating Income": 37,
        "EBIT": 42,
        "Net Income": 27
    },
    "2011-03-31": {
        "Diluted EPS": 0.63,
        "Total Revenue": 213,
        "Gross Profit": 137,
        "Operating Income": 45,
        "EBIT": 49,
        "Net Income": 32
    },
    "2010-12-31": {
        "Diluted EPS": 0.55,
        "Total Revenue": 219,
        "Gross Profit": 145,
        "Operating Income": 39,
        "EBIT": 44,
        "Net Income": 27
    },
    "2010-09-30": {
        "Diluted EPS": 0.56,
        "Total Revenue": 198,
        "Gross Profit": 132,
        "Operating Income": 40,
        "EBIT": 44,
        "Net Income": 28
    },
    "2010-06-30": {
        "Diluted EPS": 0.4,
        "Total Revenue": 174,
        "Gross Profit": 114,
        "Operating Income": 29,
        "EBIT": 33,
        "Net Income": 20
    },
    "2010-03-31": {
        "Diluted EPS": 0.48,
        "Total Revenue": 177,
        "Gross Profit": 114,
        "Operating Income": 34,
        "EBIT": 38,
        "Net Income": 24
    },
    "2009-12-31": {
        "Diluted EPS": 0.52,
        "Total Revenue": 185,
        "Gross Profit": 122,
        "Operating Income": 39,
        "EBIT": 42,
        "Net Income": 26
    },
    "2009-09-30": {
        "Diluted EPS": 0.43,
        "Total Revenue": 165,
        "Gross Profit": 109,
        "Operating Income": 31,
        "EBIT": 35,
        "Net Income": 21
    },
    "2009-06-30": {
        "Diluted EPS": 0.29,
        "Total Revenue": 148,
        "Gross Profit": 97,
        "Operating Income": 21,
        "EBIT": 25,
        "Net Income": 14
    },
    "2009-03-31": {
        "Diluted EPS": 0.37,
        "Total Revenue": 156,
        "Gross Profit": 100,
        "Operating Income": 27,
        "EBIT": 30,
        "Net Income": 18
    },
    "2023-09-30": {
        "Tax Effect Of Unusual Items": -989718.552381,
        "Tax Rate For Calcs": 0.218819,
        "Normalized EBITDA": 86201000.0,
        "Total Unusual Items": -4523000.0,
        "Total Unusual Items Excluding Goodwill": -4523000.0,
        "Net Income From Continuing Operation Net Minority Interest": 10253000.0,
        "Reconciled Depreciation": 65091000.0,
        "Reconciled Cost Of Revenue": 54168000.0,
        "EBITDA": 81678000.0,
        "EBIT": 16587000.0,
        "Net Interest Income": -1138000.0,
        "Interest Expense": 3462000.0,
        "Interest Income": 2324000.0,
        "Normalized Income": 13786281.447619,
        "Net Income From Continuing And Discontinued Operation": 10253000.0,
        "Total Expenses": 254494000.0,
        "Total Operating Income As Reported": 16559000.0,
        "Diluted Average Shares": NaN,
        "Basic Average Shares": NaN,
        "Diluted EPS": NaN,
        "Basic EPS": NaN,
        "Diluted NI Availto Com Stockholders": 14580000.0,
        "Average Dilution Earnings": NaN,
        "Net Income Common Stockholders": 10253000.0,
        "Net Income": 10253000.0,
        "Net Income Including Noncontrolling Interests": 10253000.0,
        "Net Income Continuous Operations": 10253000.0,
        "Tax Provision": 2872000.0,
        "Pretax Income": 13125000.0,
        "Other Income Expense": -1722000.0,
        "Other Non Operating Income Expenses": 1866000.0,
        "Special Income Charges": -4523000.0,
        "Gain On Sale Of Ppe": -180000.0,
        "Earnings From Equity Interest": 935000.0,
        "Net Non Operating Interest Income Expense": -1138000.0,
        "Interest Expense Non Operating": 3462000.0,
        "Interest Income Non Operating": 2324000.0,
        "Operating Income": 15985000.0,
        "Operating Expense": 143389000.0,
        "Other Operating Expenses": 116667000.0,
        "Depreciation Amortization Depletion Income Statement": 8154000.0,
        "Depreciation And Amortization In Income Statement": 8154000.0,
        "Selling General And Administration": 18568000.0,
        "General And Administrative Expense": 18568000.0,
        "Other Gand A": 18568000.0,
        "Gross Profit": 159374000.0,
        "Cost Of Revenue": 111105000.0,
        "Total Revenue": 270479000.0,
        "Operating Revenue": 270390000.0
    },
    "2023-12-31": {
        "Tax Effect Of Unusual Items": NaN,
        "Tax Rate For Calcs": NaN,
        "Normalized EBITDA": NaN,
        "Total Unusual Items": NaN,
        "Total Unusual Items Excluding Goodwill": NaN,
        "Net Income From Continuing Operation Net Minority Interest": NaN,
        "Reconciled Depreciation": NaN,
        "Reconciled Cost Of Revenue": NaN,
        "EBITDA": NaN,
        "EBIT": NaN,
        "Net Interest Income": NaN,
        "Interest Expense": NaN,
        "Interest Income": NaN,
        "Normalized Income": NaN,
        "Net Income From Continuing And Discontinued Operation": NaN,
        "Total Expenses": NaN,
        "Total Operating Income As Reported": NaN,
        "Diluted Average Shares": 86812000.0,
        "Basic Average Shares": 55076000.0,
        "Diluted EPS": 0.36,
        "Basic EPS": 0.52,
        "Diluted NI Availto Com Stockholders": NaN,
        "Average Dilution Earnings": NaN,
        "Net Income Common Stockholders": NaN,
        "Net Income": NaN,
        "Net Income Including Noncontrolling Interests": NaN,
        "Net Income Continuous Operations": NaN,
        "Tax Provision": NaN,
        "Pretax Income": NaN,
        "Other Income Expense": NaN,
        "Other Non Operating Income Expenses": NaN,
        "Special Income Charges": NaN,
        "Gain On Sale Of Ppe": NaN,
        "Earnings From Equity Interest": NaN,
        "Net Non Operating Interest Income Expense": NaN,
        "Interest Expense Non Operating": NaN,
        "Interest Income Non Operating": NaN,
        "Operating Income": NaN,
        "Operating Expense": NaN,
        "Other Operating Expenses": NaN,
        "Depreciation Amortization Depletion Income Statement": NaN,
        "Depreciation And Amortization In Income Statement": NaN,
        "Selling General And Administration": NaN,
        "General And Administrative Expense": NaN,
        "Other Gand A": NaN,
        "Gross Profit": NaN,
        "Cost Of Revenue": NaN,
        "Total Revenue": NaN,
        "Operating Revenue": NaN
    },
    "2024-03-31": {
        "Tax Effect Of Unusual Items": NaN,
        "Tax Rate For Calcs": NaN,
        "Normalized EBITDA": NaN,
        "Total Unusual Items": NaN,
        "Total Unusual Items Excluding Goodwill": NaN,
        "Net Income From Continuing Operation Net Minority Interest": NaN,
        "Reconciled Depreciation": NaN,
        "Reconciled Cost Of Revenue": NaN,
        "EBITDA": NaN,
        "EBIT": NaN,
        "Net Interest Income": NaN,
        "Interest Expense": NaN,
        "Interest Income": NaN,
        "Normalized Income": NaN,
        "Net Income From Continuing And Discontinued Operation": NaN,
        "Total Expenses": NaN,
        "Total Operating Income As Reported": NaN,
        "Diluted Average Shares": 83045000.0,
        "Basic Average Shares": 55093000.0,
        "Diluted EPS": 0.29,
        "Basic EPS": 0.39,
        "Diluted NI Availto Com Stockholders": NaN,
        "Average Dilution Earnings": NaN,
        "Net Income Common Stockholders": NaN,
        "Net Income": NaN,
        "Net Income Including Noncontrolling Interests": NaN,
        "Net Income Continuous Operations": NaN,
        "Tax Provision": NaN,
        "Pretax Income": NaN,
        "Other Income Expense": NaN,
        "Other Non Operating Income Expenses": NaN,
        "Special Income Charges": NaN,
        "Gain On Sale Of Ppe": NaN,
        "Earnings From Equity Interest": NaN,
        "Net Non Operating Interest Income Expense": NaN,
        "Interest Expense Non Operating": NaN,
        "Interest Income Non Operating": NaN,
        "Operating Income": NaN,
        "Operating Expense": NaN,
        "Other Operating Expenses": NaN,
        "Depreciation Amortization Depletion Income Statement": NaN,
        "Depreciation And Amortization In Income Statement": NaN,
        "Selling General And Administration": NaN,
        "General And Administrative Expense": NaN,
        "Other Gand A": NaN,
        "Gross Profit": NaN,
        "Cost Of Revenue": NaN,
        "Total Revenue": NaN,
        "Operating Revenue": NaN
    },
    "2024-06-30": {
        "Tax Effect Of Unusual Items": NaN,
        "Tax Rate For Calcs": NaN,
        "Normalized EBITDA": NaN,
        "Total Unusual Items": NaN,
        "Total Unusual Items Excluding Goodwill": NaN,
        "Net Income From Continuing Operation Net Minority Interest": NaN,
        "Reconciled Depreciation": NaN,
        "Reconciled Cost Of Revenue": NaN,
        "EBITDA": NaN,
        "EBIT": NaN,
        "Net Interest Income": NaN,
        "Interest Expense": NaN,
        "Interest Income": NaN,
        "Normalized Income": NaN,
        "Net Income From Continuing And Discontinued Operation": NaN,
        "Total Expenses": NaN,
        "Total Operating Income As Reported": NaN,
        "Diluted Average Shares": 83008000.0,
        "Basic Average Shares": 54898000.0,
        "Diluted EPS": 0.25,
        "Basic EPS": 0.33,
        "Diluted NI Availto Com Stockholders": NaN,
        "Average Dilution Earnings": NaN,
        "Net Income Common Stockholders": NaN,
        "Net Income": NaN,
        "Net Income Including Noncontrolling Interests": NaN,
        "Net Income Continuous Operations": NaN,
        "Tax Provision": NaN,
        "Pretax Income": NaN,
        "Other Income Expense": NaN,
        "Other Non Operating Income Expenses": NaN,
        "Special Income Charges": NaN,
        "Gain On Sale Of Ppe": NaN,
        "Earnings From Equity Interest": NaN,
        "Net Non Operating Interest Income Expense": NaN,
        "Interest Expense Non Operating": NaN,
        "Interest Income Non Operating": NaN,
        "Operating Income": NaN,
        "Operating Expense": NaN,
        "Other Operating Expenses": NaN,
        "Depreciation Amortization Depletion Income Statement": NaN,
        "Depreciation And Amortization In Income Statement": NaN,
        "Selling General And Administration": NaN,
        "General And Administrative Expense": NaN,
        "Other Gand A": NaN,
        "Gross Profit": NaN,
        "Cost Of Revenue": NaN,
        "Total Revenue": NaN,
        "Operating Revenue": NaN
    },
    "2024-09-30": {
        "Tax Effect Of Unusual Items": -204960.0,
        "Tax Rate For Calcs": 0.21,
        "Normalized EBITDA": 38559000.0,
        "Total Unusual Items": -976000.0,
        "Total Unusual Items Excluding Goodwill": -976000.0,
        "Net Income From Continuing Operation Net Minority Interest": 15196000.0,
        "Reconciled Depreciation": 8127000.0,
        "Reconciled Cost Of Revenue": 119170000.0,
        "EBITDA": 37583000.0,
        "EBIT": 29456000.0,
        "Net Interest Income": -1081000.0,
        "Interest Expense": 3204000.0,
        "Interest Income": 2123000.0,
        "Normalized Income": 15967040.0,
        "Net Income From Continuing And Discontinued Operation": 15196000.0,
        "Total Expenses": 268333000.0,
        "Total Operating Income As Reported": 26007000.0,
        "Diluted Average Shares": NaN,
        "Basic Average Shares": NaN,
        "Diluted EPS": NaN,
        "Basic EPS": NaN,
        "Diluted NI Availto Com Stockholders": 17642000.0,
        "Average Dilution Earnings": 2446000.0,
        "Net Income Common Stockholders": 15196000.0,
        "Net Income": 15196000.0,
        "Net Income Including Noncontrolling Interests": 15196000.0,
        "Net Income Continuous Operations": 15196000.0,
        "Tax Provision": 11056000.0,
        "Pretax Income": 26252000.0,
        "Other Income Expense": 1115000.0,
        "Other Non Operating Income Expenses": 1515000.0,
        "Special Income Charges": -976000.0,
        "Gain On Sale Of Ppe": -133000.0,
        "Earnings From Equity Interest": 576000.0,
        "Net Non Operating Interest Income Expense": -1081000.0,
        "Interest Expense Non Operating": 3204000.0,
        "Interest Income Non Operating": 2123000.0,
        "Operating Income": 26218000.0,
        "Operating Expense": 149163000.0,
        "Other Operating Expenses": 120348000.0,
        "Depreciation Amortization Depletion Income Statement": 8127000.0,
        "Depreciation And Amortization In Income Statement": 8127000.0,
        "Selling General And Administration": 20688000.0,
        "General And Administrative Expense": 20688000.0,
        "Other Gand A": 20688000.0,
        "Gross Profit": 175381000.0,
        "Cost Of Revenue": 119170000.0,
        "Total Revenue": 294551000.0,
        "Operating Revenue": 294500000.0
    },
    "2024-12-31": {
        "Tax Effect Of Unusual Items": -2004.252851,
        "Tax Rate For Calcs": 0.250532,
        "Normalized EBITDA": 52874000.0,
        "Total Unusual Items": -8000.0,
        "Total Unusual Items Excluding Goodwill": -8000.0,
        "Net Income From Continuing Operation Net Minority Interest": 31016000.0,
        "Reconciled Depreciation": 8335000.0,
        "Reconciled Cost Of Revenue": 134766000.0,
        "EBITDA": 52866000.0,
        "EBIT": 44531000.0,
        "Net Interest Income": -1054000.0,
        "Interest Expense": 3147000.0,
        "Interest Income": 2093000.0,
        "Normalized Income": 31021995.747149,
        "Net Income From Continuing And Discontinued Operation": 31016000.0,
        "Total Expenses": 278221000.0,
        "Total Operating Income As Reported": 41941000.0,
        "Diluted Average Shares": 83347000.0,
        "Basic Average Shares": 54827000.0,
        "Diluted EPS": 0.4,
        "Basic EPS": 0.57,
        "Diluted NI Availto Com Stockholders": 33455000.0,
        "Average Dilution Earnings": 2439000.0,
        "Net Income Common Stockholders": 31016000.0,
        "Net Income": 31016000.0,
        "Net Income Including Noncontrolling Interests": 31016000.0,
        "Net Income Continuous Operations": 31016000.0,
        "Tax Provision": 10368000.0,
        "Pretax Income": 41384000.0,
        "Other Income Expense": 489000.0,
        "Other Non Operating Income Expenses": -978000.0,
        "Special Income Charges": -8000.0,
        "Gain On Sale Of Ppe": -8000.0,
        "Earnings From Equity Interest": 1475000.0,
        "Net Non Operating Interest Income Expense": -1054000.0,
        "Interest Expense Non Operating": 3147000.0,
        "Interest Income Non Operating": 2093000.0,
        "Operating Income": 41949000.0,
        "Operating Expense": 143455000.0,
        "Other Operating Expenses": 116451000.0,
        "Depreciation Amortization Depletion Income Statement": 8335000.0,
        "Depreciation And Amortization In Income Statement": 8335000.0,
        "Selling General And Administration": 18669000.0,
        "General And Administrative Expense": 18669000.0,
        "Other Gand A": 18669000.0,
        "Gross Profit": 185404000.0,
        "Cost Of Revenue": 134766000.0,
        "Total Revenue": 320170000.0,
        "Operating Revenue": 320127000.0
    },
    "2025-03-31": {
        "Tax Effect Of Unusual Items": -4456.991747,
        "Tax Rate For Calcs": 0.262176,
        "Normalized EBITDA": 45730000.0,
        "Total Unusual Items": -17000.0,
        "Total Unusual Items Excluding Goodwill": -17000.0,
        "Net Income From Continuing Operation Net Minority Interest": 25390000.0,
        "Reconciled Depreciation": 8020000.0,
        "Reconciled Cost Of Revenue": 127864000.0,
        "EBITDA": 45713000.0,
        "EBIT": 37693000.0,
        "Net Interest Income": -1406000.0,
        "Interest Expense": 3281000.0,
        "Interest Income": 1875000.0,
        "Normalized Income": 25402543.008253,
        "Net Income From Continuing And Discontinued Operation": 25390000.0,
        "Total Expenses": 272051000.0,
        "Total Operating Income As Reported": 34248000.0,
        "Diluted Average Shares": 83140000.0,
        "Basic Average Shares": 54965000.0,
        "Diluted EPS": 0.33,
        "Basic EPS": 0.46,
        "Diluted NI Availto Com Stockholders": 27795000.0,
        "Average Dilution Earnings": 2405000.0,
        "Net Income Common Stockholders": 25390000.0,
        "Net Income": 25390000.0,
        "Net Income Including Noncontrolling Interests": 25390000.0,
        "Net Income Continuous Operations": 25390000.0,
        "Tax Provision": 9022000.0,
        "Pretax Income": 34412000.0,
        "Other Income Expense": 1553000.0,
        "Other Non Operating Income Expenses": 65000.0,
        "Special Income Charges": -17000.0,
        "Gain On Sale Of Ppe": -17000.0,
        "Earnings From Equity Interest": 1505000.0,
        "Net Non Operating Interest Income Expense": -1406000.0,
        "Interest Expense Non Operating": 3281000.0,
        "Interest Income Non Operating": 1875000.0,
        "Operating Income": 34265000.0,
        "Operating Expense": 144187000.0,
        "Other Operating Expenses": 116527000.0,
        "Depreciation Amortization Depletion Income Statement": 8020000.0,
        "Depreciation And Amortization In Income Statement": 8020000.0,
        "Selling General And Administration": 19640000.0,
        "General And Administrative Expense": 19640000.0,
        "Other Gand A": 19640000.0,
        "Gross Profit": 178452000.0,
        "Cost Of Revenue": 127864000.0,
        "Total Revenue": 306316000.0,
        "Operating Revenue": 306276000.0
    },
    "2025-06-30": {
        "Tax Effect Of Unusual Items": 0.0,
        "Tax Rate For Calcs": 0.236511,
        "Normalized EBITDA": 51174000.0,
        "Total Unusual Items": 0.0,
        "Total Unusual Items Excluding Goodwill": 0.0,
        "Net Income From Continuing Operation Net Minority Interest": 26503000.0,
        "Reconciled Depreciation": 8003000.0,
        "Reconciled Cost Of Revenue": 127342000.0,
        "EBITDA": 51174000.0,
        "EBIT": 43171000.0,
        "Net Interest Income": -3018000.0,
        "Interest Expense": 8458000.0,
        "Interest Income": 5440000.0,
        "Normalized Income": 26503000.0,
        "Net Income From Continuing And Discontinued Operation": 26503000.0,
        "Total Expenses": 274986000.0,
        "Total Operating Income As Reported": 35995000.0,
        "Diluted Average Shares": 82918000.0,
        "Basic Average Shares": 59134000.0,
        "Diluted EPS": 0.34,
        "Basic EPS": 0.45,
        "Diluted NI Availto Com Stockholders": 28569000.0,
        "Average Dilution Earnings": 2066000.0,
        "Net Income Common Stockholders": 26503000.0,
        "Net Income": 26503000.0,
        "Net Income Including Noncontrolling Interests": 26503000.0,
        "Net Income Continuous Operations": 26503000.0,
        "Tax Provision": 8210000.0,
        "Pretax Income": 34713000.0,
        "Other Income Expense": 1736000.0,
        "Other Non Operating Income Expenses": 536000.0,
        "Special Income Charges": 0.0,
        "Gain On Sale Of Ppe": 0.0,
        "Earnings From Equity Interest": 1200000.0,
        "Net Non Operating Interest Income Expense": -3018000.0,
        "Interest Expense Non Operating": 8458000.0,
        "Interest Income Non Operating": 5440000.0,
        "Operating Income": 35995000.0,
        "Operating Expense": 147644000.0,
        "Other Operating Expenses": 117861000.0,
        "Depreciation Amortization Depletion Income Statement": 8003000.0,
        "Depreciation And Amortization In Income Statement": 8003000.0,
        "Selling General And Administration": 21780000.0,
        "General And Administrative Expense": 21780000.0,
        "Other Gand A": 21780000.0,
        "Gross Profit": 183639000.0,
        "Cost Of Revenue": 127342000.0,
        "Total Revenue": 310981000.0,
        "Operating Revenue": 310933000.0
    },
    "2025-09-30": {
        "Tax Effect Of Unusual Items": -260195.234944,
        "Tax Rate For Calcs": 0.263622,
        "Normalized EBITDA": 53574000.0,
        "Total Unusual Items": -987000.0,
        "Total Unusual Items Excluding Goodwill": -987000.0,
        "Net Income From Continuing Operation Net Minority Interest": 26704000.0,
        "Reconciled Depreciation": 8180000.0,
        "Reconciled Cost Of Revenue": 138243000.0,
        "EBITDA": 52587000.0,
        "EBIT": 44407000.0,
        "Net Interest Income": -2830000.0,
        "Interest Expense": 8143000.0,
        "Interest Income": 5313000.0,
        "Normalized Income": 27430804.765056,
        "Net Income From Continuing And Discontinued Operation": 26704000.0,
        "Total Expenses": 300103000.0,
        "Total Operating Income As Reported": 36985000.0,
        "Diluted Average Shares": 83218000.0,
        "Basic Average Shares": 60901000.0,
        "Diluted EPS": 0.34,
        "Basic EPS": 0.44,
        "Diluted NI Availto Com Stockholders": 28587000.0,
        "Average Dilution Earnings": 1883000.0,
        "Net Income Common Stockholders": 26704000.0,
        "Net Income": 26704000.0,
        "Net Income Including Noncontrolling Interests": 26704000.0,
        "Net Income Continuous Operations": 26704000.0,
        "Tax Provision": 9560000.0,
        "Pretax Income": 36264000.0,
        "Other Income Expense": 2384000.0,
        "Other Non Operating Income Expenses": 1401000.0,
        "Special Income Charges": -987000.0,
        "Gain On Sale Of Ppe": -110000.0,
        "Earnings From Equity Interest": 1970000.0,
        "Net Non Operating Interest Income Expense": -2830000.0,
        "Interest Expense Non Operating": 8143000.0,
        "Interest Income Non Operating": 5313000.0,
        "Operating Income": 36710000.0,
        "Operating Expense": 161860000.0,
        "Other Operating Expenses": 130269000.0,
        "Depreciation Amortization Depletion Income Statement": 8180000.0,
        "Depreciation And Amortization In Income Statement": 8180000.0,
        "Selling General And Administration": 23411000.0,
        "General And Administrative Expense": 23411000.0,
        "Other Gand A": 23411000.0,
        "Gross Profit": 198570000.0,
        "Cost Of Revenue": 138243000.0,
        "Total Revenue": 336813000.0,
        "Operating Revenue": 336775000.0
    }
}