{
    "2023-06-30": {
        "Tax Effect Of Unusual Items": NaN,
        "Tax Rate For Calcs": NaN,
        "Normalized EBITDA": NaN,
        "Total Unusual Items": NaN,
        "Total Unusual Items Excluding Goodwill": NaN,
        "Net Income From Continuing Operation Net Minority Interest": NaN,
        "Reconciled Depreciation": NaN,
        "Reconciled Cost Of Revenue": NaN,
        "EBITDA": NaN,
        "EBIT": NaN,
        "Net Interest Income": NaN,
        "Interest Expense": NaN,
        "Normalized Income": NaN,
        "Net Income From Continuing And Discontinued Operation": NaN,
        "Total Expenses": NaN,
        "Total Operating Income As Reported": NaN,
        "Diluted Average Shares": NaN,
        "Basic Average Shares": NaN,
        "Diluted EPS": NaN,
        "Basic EPS": NaN,
        "Diluted NI Availto Com Stockholders": NaN,
        "Net Income Common Stockholders": NaN,
        "Otherunder Preferred Stock Dividend": 5000000.0,
        "Net Income": NaN,
        "Minority Interests": NaN,
        "Net Income Including Noncontrolling Interests": NaN,
        "Net Income Continuous Operations": NaN,
        "Tax Provision": NaN,
        "Pretax Income": NaN,
        "Other Income Expense": NaN,
        "Other Non Operating Income Expenses": NaN,
        "Special Income Charges": NaN,
        "Other Special Charges": 4000000.0,
        "Restructuring And Mergern Acquisition": NaN,
        "Gain On Sale Of Security": NaN,
        "Net Non Operating Interest Income Expense": NaN,
        "Interest Expense Non Operating": NaN,
        "Operating Income": NaN,
        "Operating Expense": NaN,
        "Other Operating Expenses": NaN,
        "Selling General And Administration": NaN,
        "General And Administrative Expense": NaN,
        "Other Gand A": NaN,
        "Salaries And Wages": NaN,
        "Gross Profit": NaN,
        "Cost Of Revenue": NaN,
        "Total Revenue": NaN,
        "Operating Revenue": NaN
    },
    "2023-03-31": {
        "Tax Effect Of Unusual Items": -18879000.0,
        "Tax Rate For Calcs": 0.217,
        "Normalized EBITDA": 1489000000.0,
        "Total Unusual Items": -87000000.0,
        "Total Unusual Items Excluding Goodwill": -87000000.0,
        "Net Income From Continuing Operation Net Minority Interest": 712000000.0,
        "Reconciled Depreciation": 403000000.0,
        "Reconciled Cost Of Revenue": 814000000.0,
        "EBITDA": 1402000000.0,
        "EBIT": 999000000.0,
        "Net Interest Income": -46000000.0,
        "Interest Expense": 46000000.0,
        "Normalized Income": 780121000.0,
        "Net Income From Continuing And Discontinued Operation": 712000000.0,
        "Total Expenses": 869000000.0,
        "Total Operating Income As Reported": 1025000000.0,
        "Diluted Average Shares": 181988000.0,
        "Basic Average Shares": 181988000.0,
        "Diluted EPS": 3.88,
        "Basic EPS": 3.88,
        "Diluted NI Availto Com Stockholders": 712000000.0,
        "Net Income Common Stockholders": 712000000.0,
        "Otherunder Preferred Stock Dividend": NaN,
        "Net Income": 712000000.0,
        "Minority Interests": -34000000.0,
        "Net Income Including Noncontrolling Interests": 746000000.0,
        "Net Income Continuous Operations": 746000000.0,
        "Tax Provision": 207000000.0,
        "Pretax Income": 953000000.0,
        "Other Income Expense": -34000000.0,
        "Other Non Operating Income Expenses": 53000000.0,
        "Special Income Charges": -8000000.0,
        "Gain On Sale Of Business": NaN,
        "Other Special Charges": NaN,
        "Restructuring And Mergern Acquisition": 8000000.0,
        "Gain On Sale Of Security": -79000000.0,
        "Net Non Operating Interest Income Expense": -46000000.0,
        "Interest Expense Non Operating": 46000000.0,
        "Operating Income": 1033000000.0,
        "Operating Expense": 55000000.0,
        "Other Operating Expenses": 15000000.0,
        "Selling General And Administration": 40000000.0,
        "General And Administrative Expense": 40000000.0,
        "Other Gand A": 29000000.0,
        "Salaries And Wages": 11000000.0,
        "Gross Profit": 1088000000.0,
        "Cost Of Revenue": 814000000.0,
        "Total Revenue": 1902000000.0,
        "Operating Revenue": 1902000000.0
    },
    "2022-12-31": {
        "Tax Effect Of Unusual Items": NaN,
        "Tax Rate For Calcs": NaN,
        "Normalized EBITDA": NaN,
        "Total Unusual Items": NaN,
        "Total Unusual Items Excluding Goodwill": NaN,
        "Net Income From Continuing Operation Net Minority Interest": NaN,
        "Reconciled Depreciation": NaN,
        "Reconciled Cost Of Revenue": NaN,
        "EBITDA": NaN,
        "EBIT": NaN,
        "Net Interest Income": NaN,
        "Interest Expense": NaN,
        "Normalized Income": NaN,
        "Net Income From Continuing And Discontinued Operation": NaN,
        "Total Expenses": NaN,
        "Total Operating Income As Reported": NaN,
        "Diluted Average Shares": NaN,
        "Basic Average Shares": NaN,
        "Diluted EPS": NaN,
        "Basic EPS": NaN,
        "Diluted NI Availto Com Stockholders": NaN,
        "Net Income Common Stockholders": NaN,
        "Otherunder Preferred Stock Dividend": NaN,
        "Net Income": NaN,
        "Minority Interests": NaN,
        "Net Income Including Noncontrolling Interests": NaN,
        "Net Income Continuous Operations": NaN,
        "Tax Provision": NaN,
        "Pretax Income": NaN,
        "Other Income Expense": NaN,
        "Other Non Operating Income Expenses": NaN,
        "Special Income Charges": NaN,
        "Gain On Sale Of Business": 0.0,
        "Other Special Charges": 40000000.0,
        "Restructuring And Mergern Acquisition": NaN,
        "Gain On Sale Of Security": NaN,
        "Net Non Operating Interest Income Expense": NaN,
        "Interest Expense Non Operating": NaN,
        "Operating Income": NaN,
        "Operating Expense": NaN,
        "Other Operating Expenses": NaN,
        "Selling General And Administration": NaN,
        "General And Administrative Expense": NaN,
        "Other Gand A": NaN,
        "Salaries And Wages": NaN,
        "Gross Profit": NaN,
        "Cost Of Revenue": NaN,
        "Total Revenue": NaN,
        "Operating Revenue": NaN
    },
    "2022-09-30": {
        "Tax Effect Of Unusual Items": NaN,
        "Tax Rate For Calcs": NaN,
        "Normalized EBITDA": NaN,
        "Total Unusual Items": NaN,
        "Total Unusual Items Excluding Goodwill": NaN,
        "Net Income From Continuing Operation Net Minority Interest": NaN,
        "Reconciled Depreciation": NaN,
        "Reconciled Cost Of Revenue": NaN,
        "EBITDA": NaN,
        "EBIT": NaN,
        "Net Interest Income": NaN,
        "Interest Expense": NaN,
        "Normalized Income": NaN,
        "Net Income From Continuing And Discontinued Operation": NaN,
        "Total Expenses": NaN,
        "Total Operating Income As Reported": NaN,
        "Diluted Average Shares": NaN,
        "Basic Average Shares": NaN,
        "Diluted EPS": NaN,
        "Basic EPS": NaN,
        "Diluted NI Availto Com Stockholders": NaN,
        "Net Income Common Stockholders": NaN,
        "Otherunder Preferred Stock Dividend": 12000000.0,
        "Net Income": NaN,
        "Minority Interests": NaN,
        "Net Income Including Noncontrolling Interests": NaN,
        "Net Income Continuous Operations": NaN,
        "Tax Provision": NaN,
        "Pretax Income": NaN,
        "Other Income Expense": NaN,
        "Other Non Operating Income Expenses": NaN,
        "Special Income Charges": NaN,
        "Gain On Sale Of Business": 0.0,
        "Other Special Charges": 1000000.0,
        "Restructuring And Mergern Acquisition": NaN,
        "Gain On Sale Of Security": NaN,
        "Net Non Operating Interest Income Expense": NaN,
        "Interest Expense Non Operating": NaN,
        "Operating Income": NaN,
        "Operating Expense": NaN,
        "Other Operating Expenses": NaN,
        "Selling General And Administration": NaN,
        "General And Administrative Expense": NaN,
        "Other Gand A": NaN,
        "Salaries And Wages": NaN,
        "Gross Profit": NaN,
        "Cost Of Revenue": NaN,
        "Total Revenue": NaN,
        "Operating Revenue": NaN
    },
    "2022-06-30": {
        "Tax Effect Of Unusual Items": -16615136.876006,
        "Tax Rate For Calcs": 0.215781,
        "Normalized EBITDA": 2309000000.0,
        "Total Unusual Items": -77000000.0,
        "Total Unusual Items Excluding Goodwill": -77000000.0,
        "Net Income From Continuing Operation Net Minority Interest": 1416000000.0,
        "Reconciled Depreciation": 330000000.0,
        "Reconciled Cost Of Revenue": 751000000.0,
        "EBITDA": 2232000000.0,
        "EBIT": 1902000000.0,
        "Net Interest Income": -39000000.0,
        "Interest Expense": 39000000.0,
        "Normalized Income": 1476384863.123994,
        "Net Income From Continuing And Discontinued Operation": 1416000000.0,
        "Total Expenses": 788000000.0,
        "Total Operating Income As Reported": 1978000000.0,
        "Diluted Average Shares": 176572000.0,
        "Basic Average Shares": 176570000.0,
        "Diluted EPS": 7.93,
        "Basic EPS": 7.93,
        "Diluted NI Availto Com Stockholders": 1416000000.0,
        "Net Income Common Stockholders": 1416000000.0,
        "Otherunder Preferred Stock Dividend": 13000000.0,
        "Net Income": 1416000000.0,
        "Minority Interests": -45000000.0,
        "Net Income Including Noncontrolling Interests": 1461000000.0,
        "Net Income Continuous Operations": 1461000000.0,
        "Tax Provision": 402000000.0,
        "Pretax Income": 1863000000.0,
        "Other Income Expense": -76000000.0,
        "Other Non Operating Income Expenses": 1000000.0,
        "Special Income Charges": -4000000.0,
        "Gain On Sale Of Business": 0.0,
        "Other Special Charges": 4000000.0,
        "Restructuring And Mergern Acquisition": 0.0,
        "Gain On Sale Of Security": -73000000.0,
        "Net Non Operating Interest Income Expense": -39000000.0,
        "Total Other Finance Cost": 7000000.0,
        "Interest Expense Non Operating": 39000000.0,
        "Operating Income": 1978000000.0,
        "Operating Expense": 37000000.0,
        "Other Operating Expenses": -2000000.0,
        "Selling General And Administration": 39000000.0,
        "General And Administrative Expense": 39000000.0,
        "Other Gand A": 39000000.0,
        "Salaries And Wages": 13000000.0,
        "Gross Profit": 2015000000.0,
        "Cost Of Revenue": 751000000.0,
        "Total Revenue": 2766000000.0,
        "Operating Revenue": 2766000000.0
    },
    "2022-03-31": {
        "Diluted EPS": 4.35,
        "Total Revenue": NaN,
        "Gross Profit": NaN,
        "Operating Income": NaN,
        "EBIT": NaN,
        "Net Income": 773
    },
    "2021-12-31": {
        "Diluted EPS": 5.66,
        "Total Revenue": NaN,
        "Gross Profit": NaN,
        "Operating Income": NaN,
        "EBIT": NaN,
        "Net Income": NaN
    },
    "2021-09-30": {
        "Diluted EPS": 3.55,
        "Total Revenue": NaN,
        "Gross Profit": NaN,
        "Operating Income": NaN,
        "EBIT": NaN,
        "Net Income": 643
    },
    "2021-06-30": {
        "Diluted EPS": 1.7,
        "Total Revenue": NaN,
        "Gross Profit": NaN,
        "Operating Income": 955,
        "EBIT": NaN,
        "Net Income": 311
    },
    "2021-03-31": {
        "Diluted EPS": 1.33,
        "Total Revenue": NaN,
        "Gross Profit": NaN,
        "Operating Income": 571,
        "EBIT": 844,
        "Net Income": 220
    },
    "2020-12-31": {
        "Diluted EPS": -4.68,
        "Total Revenue": 769,
        "Gross Profit": 722,
        "Operating Income": -746,
        "EBIT": -476,
        "Net Income": -739
    },
    "2020-09-30": {
        "Diluted EPS": -7.05,
        "Total Revenue": 720,
        "Gross Profit": 559,
        "Operating Income": NaN,
        "EBIT": -968,
        "Net Income": NaN
    },
    "2020-06-30": {
        "Diluted EPS": -15.16,
        "Total Revenue": 425,
        "Gross Profit": 254,
        "Operating Income": NaN,
        "EBIT": NaN,
        "Net Income": NaN
    },
    "2020-03-31": {
        "Diluted EPS": -1.72,
        "Total Revenue": 899,
        "Gross Profit": 713,
        "Operating Income": -802,
        "EBIT": -393,
        "Net Income": -272
    },
    "2019-12-31": {
        "Diluted EPS": -2.96,
        "Total Revenue": NaN,
        "Gross Profit": 913,
        "Operating Income": -384,
        "EBIT": 24,
        "Net Income": -487
    },
    "2019-09-30": {
        "Diluted EPS": 2.26,
        "Total Revenue": 975,
        "Gross Profit": 796,
        "Operating Income": 349,
        "EBIT": 714,
        "Net Income": 368
    },
    "2019-06-30": {
        "Diluted EPS": 2.11,
        "Total Revenue": NaN,
        "Gross Profit": 860,
        "Operating Income": 411,
        "EBIT": 769,
        "Net Income": 349
    },
    "2019-03-31": {
        "Diluted EPS": 0.06,
        "Total Revenue": 864,
        "Gross Profit": 726,
        "Operating Income": 319,
        "EBIT": 642,
        "Net Income": 10
    },
    "2018-12-31": {
        "Diluted EPS": 2.6,
        "Total Revenue": 633,
        "Gross Profit": 525,
        "Operating Income": 195,
        "EBIT": 425,
        "Net Income": 307
    },
    "2018-09-30": {
        "Diluted EPS": 1.59,
        "Total Revenue": 537,
        "Gross Profit": 462,
        "Operating Income": 268,
        "EBIT": 415,
        "Net Income": 157
    },
    "2018-06-30": {
        "Diluted EPS": 2.22,
        "Total Revenue": 527,
        "Gross Profit": 459,
        "Operating Income": 281,
        "EBIT": 411,
        "Net Income": 219
    },
    "2018-03-31": {
        "Diluted EPS": 1.65,
        "Total Revenue": 479,
        "Gross Profit": 427,
        "Operating Income": 267,
        "EBIT": 383,
        "Net Income": 163
    },
    "2017-12-31": {
        "Diluted EPS": 1.13,
        "Total Revenue": 399,
        "Gross Profit": 353,
        "Operating Income": 214,
        "EBIT": 320,
        "Net Income": 114
    },
    "2017-09-30": {
        "Diluted EPS": 0.74,
        "Total Revenue": 301,
        "Gross Profit": 261,
        "Operating Income": 143,
        "EBIT": 231,
        "Net Income": 73
    },
    "2017-06-30": {
        "Diluted EPS": 1.61,
        "Total Revenue": 269,
        "Gross Profit": 236,
        "Operating Income": 132,
        "EBIT": 208,
        "Net Income": 158
    },
    "2017-03-31": {
        "Diluted EPS": 1.46,
        "Total Revenue": 235,
        "Gross Profit": 205,
        "Operating Income": 116,
        "EBIT": 176,
        "Net Income": 136
    },
    "2016-12-31": {
        "Diluted EPS": 0.46,
        "Total Revenue": 185,
        "Gross Profit": 158,
        "Operating Income": 87,
        "EBIT": 139,
        "Net Income": 26
    },
    "2016-09-30": {
        "Diluted EPS": -0.03,
        "Total Revenue": 142,
        "Gross Profit": 117,
        "Operating Income": 7,
        "EBIT": 52,
        "Net Income": -2
    },
    "2016-06-30": {
        "Diluted EPS": -2.17,
        "Total Revenue": 112,
        "Gross Profit": 91,
        "Operating Income": -135,
        "EBIT": -94,
        "Net Income": -155
    },
    "2016-03-31": {
        "Diluted EPS": -0.46,
        "Total Revenue": 87,
        "Gross Profit": 66,
        "Operating Income": -28,
        "EBIT": 15,
        "Net Income": -33
    },
    "2015-12-31": {
        "Diluted EPS": -2.99,
        "Total Revenue": 114,
        "Gross Profit": 95,
        "Operating Income": -188,
        "EBIT": -139,
        "Net Income": -187
    },
    "2015-09-30": {
        "Diluted EPS": -2.4,
        "Total Revenue": 112,
        "Gross Profit": 88,
        "Operating Income": -255,
        "EBIT": -202,
        "Net Income": -157
    },
    "2015-06-30": {
        "Diluted EPS": -3.45,
        "Total Revenue": 119,
        "Gross Profit": 97,
        "Operating Income": -299,
        "EBIT": -241,
        "Net Income": -212
    },
    "2015-03-31": {
        "Diluted EPS": 0.1,
        "Total Revenue": 101,
        "Gross Profit": 78,
        "Operating Income": 1,
        "EBIT": 62,
        "Net Income": 6
    },
    "2014-12-31": {
        "Diluted EPS": 1.83,
        "Total Revenue": 132,
        "Gross Profit": 107,
        "Operating Income": 38,
        "EBIT": 92,
        "Net Income": 99
    },
    "2014-09-30": {
        "Diluted EPS": 0.79,
        "Total Revenue": 139,
        "Gross Profit": 124,
        "Operating Income": 64,
        "EBIT": 109,
        "Net Income": 44
    },
    "2014-06-30": {
        "Diluted EPS": 0.54,
        "Total Revenue": 127,
        "Gross Profit": 116,
        "Operating Income": 63,
        "EBIT": 104,
        "Net Income": 28
    },
    "2014-03-31": {
        "Diluted EPS": 0.48,
        "Total Revenue": 98,
        "Gross Profit": 90,
        "Operating Income": 48,
        "EBIT": 79,
        "Net Income": 24
    },
    "2013-12-31": {
        "Diluted EPS": 0.45,
        "Total Revenue": 76,
        "Gross Profit": 70,
        "Operating Income": 38,
        "EBIT": 62,
        "Net Income": 20
    },
    "2013-09-30": {
        "Diluted EPS": 0.33,
        "Total Revenue": 58,
        "Gross Profit": 53,
        "Operating Income": 29,
        "EBIT": 47,
        "Net Income": 15
    },
    "2013-06-30": {
        "Diluted EPS": 0.36,
        "Total Revenue": 45,
        "Gross Profit": 40,
        "Operating Income": 19,
        "EBIT": 34,
        "Net Income": 14
    },
    "2013-03-31": {
        "Diluted EPS": 0.15,
        "Total Revenue": 29,
        "Gross Profit": 24,
        "Operating Income": 9,
        "EBIT": 20,
        "Net Income": 5
    },
    "2012-12-31": {
        "Diluted EPS": 0.0,
        "Total Revenue": 26,
        "Gross Profit": 20,
        "Operating Income": 2,
        "EBIT": 12,
        "Net Income": -52
    },
    "2012-09-30": {
        "Diluted EPS": 0.0,
        "Total Revenue": 17,
        "Gross Profit": 13,
        "Operating Income": 4,
        "EBIT": 10,
        "Net Income": 0
    },
    "2012-06-30": {
        "Diluted EPS": 0.35,
        "Total Revenue": 16,
        "Gross Profit": 12,
        "Operating Income": 4,
        "EBIT": 10,
        "Net Income": 14
    },
    "2012-03-31": {
        "Diluted EPS": 0.0,
        "Total Revenue": 16,
        "Gross Profit": 13,
        "Operating Income": 7,
        "EBIT": 12,
        "Net Income": 1
    },
    "2011-12-31": {
        "Diluted EPS": 0.0,
        "Total Revenue": NaN,
        "Gross Profit": NaN,
        "Operating Income": NaN,
        "EBIT": NaN,
        "Net Income": NaN
    },
    "2011-09-30": {
        "Diluted EPS": 0.0,
        "Total Revenue": 11,
        "Gross Profit": 8,
        "Operating Income": 3,
        "EBIT": 3,
        "Net Income": 2
    },
    "2010-12-31": {
        "Diluted EPS": 0.0,
        "Total Revenue": NaN,
        "Gross Profit": NaN,
        "Operating Income": NaN,
        "EBIT": NaN,
        "Net Income": NaN
    },
    "2023-09-30": {
        "Tax Effect Of Unusual Items": NaN,
        "Tax Rate For Calcs": NaN,
        "Normalized EBITDA": NaN,
        "Total Unusual Items": NaN,
        "Total Unusual Items Excluding Goodwill": NaN,
        "Net Income From Continuing Operation Net Minority Interest": NaN,
        "Reconciled Depreciation": NaN,
        "Reconciled Cost Of Revenue": NaN,
        "EBITDA": NaN,
        "EBIT": NaN,
        "Net Interest Income": NaN,
        "Interest Expense": NaN,
        "Normalized Income": NaN,
        "Net Income From Continuing And Discontinued Operation": NaN,
        "Total Expenses": NaN,
        "Total Operating Income As Reported": NaN,
        "Diluted Average Shares": 178872000.0,
        "Basic Average Shares": 178872000.0,
        "Diluted EPS": 5.07,
        "Basic EPS": 5.07,
        "Diluted NI Availto Com Stockholders": NaN,
        "Net Income Common Stockholders": NaN,
        "Otherunder Preferred Stock Dividend": NaN,
        "Net Income": NaN,
        "Minority Interests": NaN,
        "Net Income Including Noncontrolling Interests": NaN,
        "Net Income Continuous Operations": NaN,
        "Tax Provision": NaN,
        "Pretax Income": NaN,
        "Other Income Expense": NaN,
        "Other Non Operating Income Expenses": NaN,
        "Special Income Charges": NaN,
        "Other Special Charges": NaN,
        "Restructuring And Mergern Acquisition": NaN,
        "Gain On Sale Of Security": NaN,
        "Net Non Operating Interest Income Expense": NaN,
        "Interest Expense Non Operating": NaN,
        "Operating Income": NaN,
        "Operating Expense": NaN,
        "Other Operating Expenses": NaN,
        "Selling General And Administration": NaN,
        "General And Administrative Expense": NaN,
        "Other Gand A": NaN,
        "Salaries And Wages": NaN,
        "Gross Profit": NaN,
        "Cost Of Revenue": NaN,
        "Total Revenue": NaN,
        "Operating Revenue": NaN
    },
    "2023-12-31": {
        "Tax Effect Of Unusual Items": NaN,
        "Tax Rate For Calcs": NaN,
        "Normalized EBITDA": NaN,
        "Total Unusual Items": NaN,
        "Total Unusual Items Excluding Goodwill": NaN,
        "Net Income From Continuing Operation Net Minority Interest": NaN,
        "Reconciled Depreciation": NaN,
        "Reconciled Cost Of Revenue": NaN,
        "EBITDA": NaN,
        "EBIT": NaN,
        "Net Interest Income": NaN,
        "Interest Expense": NaN,
        "Normalized Income": NaN,
        "Net Income From Continuing And Discontinued Operation": NaN,
        "Total Expenses": NaN,
        "Total Operating Income As Reported": NaN,
        "Diluted Average Shares": NaN,
        "Basic Average Shares": NaN,
        "Diluted EPS": NaN,
        "Basic EPS": NaN,
        "Diluted NI Availto Com Stockholders": NaN,
        "Net Income Common Stockholders": NaN,
        "Otherunder Preferred Stock Dividend": NaN,
        "Net Income": NaN,
        "Minority Interests": NaN,
        "Net Income Including Noncontrolling Interests": NaN,
        "Net Income Continuous Operations": NaN,
        "Tax Provision": NaN,
        "Pretax Income": NaN,
        "Other Income Expense": NaN,
        "Other Non Operating Income Expenses": NaN,
        "Special Income Charges": NaN,
        "Other Special Charges": 0.0,
        "Restructuring And Mergern Acquisition": NaN,
        "Gain On Sale Of Security": NaN,
        "Net Non Operating Interest Income Expense": NaN,
        "Interest Expense Non Operating": NaN,
        "Operating Income": NaN,
        "Operating Expense": NaN,
        "Other Operating Expenses": NaN,
        "Selling General And Administration": NaN,
        "General And Administrative Expense": NaN,
        "Other Gand A": NaN,
        "Salaries And Wages": NaN,
        "Gross Profit": NaN,
        "Cost Of Revenue": NaN,
        "Total Revenue": NaN,
        "Operating Revenue": NaN
    },
    "2024-03-31": {
        "Tax Effect Of Unusual Items": NaN,
        "Tax Rate For Calcs": NaN,
        "Normalized EBITDA": NaN,
        "Total Unusual Items": NaN,
        "Total Unusual Items Excluding Goodwill": NaN,
        "Net Income From Continuing Operation Net Minority Interest": NaN,
        "Reconciled Depreciation": NaN,
        "Reconciled Cost Of Revenue": NaN,
        "EBITDA": NaN,
        "EBIT": NaN,
        "Net Interest Income": NaN,
        "Interest Expense": NaN,
        "Normalized Income": NaN,
        "Net Income From Continuing And Discontinued Operation": NaN,
        "Total Expenses": NaN,
        "Total Operating Income As Reported": NaN,
        "Diluted Average Shares": NaN,
        "Basic Average Shares": NaN,
        "Diluted EPS": NaN,
        "Basic EPS": NaN,
        "Diluted NI Availto Com Stockholders": NaN,
        "Net Income Common Stockholders": NaN,
        "Otherunder Preferred Stock Dividend": NaN,
        "Net Income": NaN,
        "Minority Interests": NaN,
        "Net Income Including Noncontrolling Interests": NaN,
        "Net Income Continuous Operations": NaN,
        "Tax Provision": NaN,
        "Pretax Income": NaN,
        "Other Income Expense": NaN,
        "Other Non Operating Income Expenses": NaN,
        "Special Income Charges": NaN,
        "Other Special Charges": -2000000.0,
        "Restructuring And Mergern Acquisition": NaN,
        "Gain On Sale Of Security": NaN,
        "Net Non Operating Interest Income Expense": NaN,
        "Interest Expense Non Operating": NaN,
        "Operating Income": NaN,
        "Operating Expense": NaN,
        "Other Operating Expenses": NaN,
        "Selling General And Administration": NaN,
        "General And Administrative Expense": NaN,
        "Other Gand A": NaN,
        "Salaries And Wages": NaN,
        "Gross Profit": NaN,
        "Cost Of Revenue": NaN,
        "Total Revenue": NaN,
        "Operating Revenue": NaN
    },
    "2024-06-30": {
        "Tax Effect Of Unusual Items": NaN,
        "Tax Rate For Calcs": NaN,
        "Normalized EBITDA": NaN,
        "Total Unusual Items": NaN,
        "Total Unusual Items Excluding Goodwill": NaN,
        "Net Income From Continuing Operation Net Minority Interest": NaN,
        "Reconciled Depreciation": NaN,
        "Reconciled Cost Of Revenue": NaN,
        "EBITDA": NaN,
        "EBIT": NaN,
        "Net Interest Income": NaN,
        "Interest Expense": NaN,
        "Normalized Income": NaN,
        "Net Income From Continuing And Discontinued Operation": NaN,
        "Total Expenses": NaN,
        "Total Operating Income As Reported": NaN,
        "Diluted Average Shares": NaN,
        "Basic Average Shares": NaN,
        "Diluted EPS": NaN,
        "Basic EPS": NaN,
        "Diluted NI Availto Com Stockholders": NaN,
        "Net Income Common Stockholders": NaN,
        "Otherunder Preferred Stock Dividend": 6000000.0,
        "Net Income": NaN,
        "Minority Interests": NaN,
        "Net Income Including Noncontrolling Interests": NaN,
        "Net Income Continuous Operations": NaN,
        "Tax Provision": NaN,
        "Pretax Income": NaN,
        "Other Income Expense": NaN,
        "Other Non Operating Income Expenses": NaN,
        "Special Income Charges": NaN,
        "Other Special Charges": NaN,
        "Restructuring And Mergern Acquisition": NaN,
        "Gain On Sale Of Security": NaN,
        "Net Non Operating Interest Income Expense": NaN,
        "Interest Expense Non Operating": NaN,
        "Operating Income": NaN,
        "Operating Expense": NaN,
        "Other Operating Expenses": NaN,
        "Selling General And Administration": NaN,
        "General And Administrative Expense": NaN,
        "Other Gand A": NaN,
        "Salaries And Wages": 19000000.0,
        "Gross Profit": NaN,
        "Cost Of Revenue": NaN,
        "Total Revenue": NaN,
        "Operating Revenue": NaN
    },
    "2024-09-30": {
        "Tax Effect Of Unusual Items": -27709000.0,
        "Tax Rate For Calcs": 0.229,
        "Normalized EBITDA": 1793000000.0,
        "Total Unusual Items": -121000000.0,
        "Total Unusual Items Excluding Goodwill": -121000000.0,
        "Net Income From Continuing Operation Net Minority Interest": 659000000.0,
        "Reconciled Depreciation": 736000000.0,
        "Reconciled Cost Of Revenue": 1587000000.0,
        "EBITDA": 1672000000.0,
        "EBIT": 936000000.0,
        "Net Interest Income": -18000000.0,
        "Interest Expense": 18000000.0,
        "Normalized Income": 752291000.0,
        "Net Income From Continuing And Discontinued Operation": 659000000.0,
        "Total Expenses": 1668000000.0,
        "Total Operating Income As Reported": 710000000.0,
        "Diluted Average Shares": 204730000.0,
        "Basic Average Shares": 204730000.0,
        "Diluted EPS": 3.19,
        "Basic EPS": 3.19,
        "Diluted NI Availto Com Stockholders": 659000000.0,
        "Net Income Common Stockholders": 659000000.0,
        "Otherunder Preferred Stock Dividend": NaN,
        "Net Income": 659000000.0,
        "Minority Interests": -49000000.0,
        "Net Income Including Noncontrolling Interests": 708000000.0,
        "Net Income Continuous Operations": 708000000.0,
        "Tax Provision": 210000000.0,
        "Pretax Income": 918000000.0,
        "Other Income Expense": -32000000.0,
        "Other Non Operating Income Expenses": 89000000.0,
        "Special Income Charges": -258000000.0,
        "Other Special Charges": NaN,
        "Restructuring And Mergern Acquisition": 258000000.0,
        "Gain On Sale Of Security": 137000000.0,
        "Net Non Operating Interest Income Expense": -18000000.0,
        "Interest Expense Non Operating": 18000000.0,
        "Operating Income": 968000000.0,
        "Operating Expense": 81000000.0,
        "Other Operating Expenses": 32000000.0,
        "Selling General And Administration": 49000000.0,
        "General And Administrative Expense": 49000000.0,
        "Other Gand A": 33000000.0,
        "Salaries And Wages": 16000000.0,
        "Gross Profit": 1049000000.0,
        "Cost Of Revenue": 1587000000.0,
        "Total Revenue": 2636000000.0,
        "Operating Revenue": 2636000000.0
    },
    "2024-12-31": {
        "Tax Effect Of Unusual Items": 327402.135231,
        "Tax Rate For Calcs": 0.081851,
        "Normalized EBITDA": 2758000000.0,
        "Total Unusual Items": 4000000.0,
        "Total Unusual Items Excluding Goodwill": 4000000.0,
        "Net Income From Continuing Operation Net Minority Interest": 1074000000.0,
        "Reconciled Depreciation": 1170000000.0,
        "Reconciled Cost Of Revenue": 2176000000.0,
        "EBITDA": 2762000000.0,
        "EBIT": 1592000000.0,
        "Net Interest Income": -34000000.0,
        "Interest Expense": 187000000.0,
        "Normalized Income": 1070327402.135231,
        "Net Income From Continuing And Discontinued Operation": 1074000000.0,
        "Total Expenses": 2254000000.0,
        "Total Operating Income As Reported": 1412000000.0,
        "Diluted Average Shares": 291851000.0,
        "Basic Average Shares": 291851000.0,
        "Diluted EPS": 3.67,
        "Basic EPS": 3.67,
        "Diluted NI Availto Com Stockholders": 1074000000.0,
        "Net Income Common Stockholders": 1074000000.0,
        "Otherunder Preferred Stock Dividend": NaN,
        "Net Income": 1074000000.0,
        "Minority Interests": -216000000.0,
        "Net Income Including Noncontrolling Interests": 1290000000.0,
        "Net Income Continuous Operations": 1290000000.0,
        "Tax Provision": 115000000.0,
        "Pretax Income": 1405000000.0,
        "Other Income Expense": -3000000.0,
        "Other Non Operating Income Expenses": -7000000.0,
        "Special Income Charges": -30000000.0,
        "Other Special Charges": 0.0,
        "Restructuring And Mergern Acquisition": 30000000.0,
        "Gain On Sale Of Security": 34000000.0,
        "Net Non Operating Interest Income Expense": -34000000.0,
        "Interest Expense Non Operating": 187000000.0,
        "Operating Income": 1442000000.0,
        "Operating Expense": 78000000.0,
        "Other Operating Expenses": 6000000.0,
        "Selling General And Administration": 72000000.0,
        "General And Administrative Expense": 72000000.0,
        "Other Gand A": 56000000.0,
        "Salaries And Wages": 16000000.0,
        "Gross Profit": 1520000000.0,
        "Cost Of Revenue": 2176000000.0,
        "Total Revenue": 3696000000.0,
        "Operating Revenue": 3696000000.0
    },
    "2025-03-31": {
        "Tax Effect Of Unusual Items": 41961000.0,
        "Tax Rate For Calcs": 0.213,
        "Normalized EBITDA": 2825000000.0,
        "Total Unusual Items": 197000000.0,
        "Total Unusual Items Excluding Goodwill": 197000000.0,
        "Net Income From Continuing Operation Net Minority Interest": 1405000000.0,
        "Reconciled Depreciation": 1088000000.0,
        "Reconciled Cost Of Revenue": 2217000000.0,
        "EBITDA": 3022000000.0,
        "EBIT": 1934000000.0,
        "Net Interest Income": -40000000.0,
        "Interest Expense": 40000000.0,
        "Normalized Income": 1249961000.0,
        "Net Income From Continuing And Discontinued Operation": 1405000000.0,
        "Total Expenses": 2321000000.0,
        "Total Operating Income As Reported": 1673000000.0,
        "Diluted Average Shares": 289612000.0,
        "Basic Average Shares": 289612000.0,
        "Diluted EPS": 4.83,
        "Basic EPS": 4.83,
        "Diluted NI Availto Com Stockholders": 1405000000.0,
        "Net Income Common Stockholders": 1405000000.0,
        "Otherunder Preferred Stock Dividend": NaN,
        "Net Income": 1405000000.0,
        "Minority Interests": -86000000.0,
        "Net Income Including Noncontrolling Interests": 1491000000.0,
        "Net Income Continuous Operations": 1491000000.0,
        "Tax Provision": 403000000.0,
        "Pretax Income": 1894000000.0,
        "Other Income Expense": 224000000.0,
        "Other Non Operating Income Expenses": 27000000.0,
        "Special Income Charges": -37000000.0,
        "Other Special Charges": NaN,
        "Restructuring And Mergern Acquisition": 37000000.0,
        "Gain On Sale Of Security": 234000000.0,
        "Net Non Operating Interest Income Expense": -40000000.0,
        "Interest Expense Non Operating": 40000000.0,
        "Operating Income": 1710000000.0,
        "Operating Expense": 104000000.0,
        "Other Operating Expenses": 31000000.0,
        "Selling General And Administration": 73000000.0,
        "General And Administrative Expense": 73000000.0,
        "Other Gand A": 55000000.0,
        "Salaries And Wages": 18000000.0,
        "Gross Profit": 1814000000.0,
        "Cost Of Revenue": 2217000000.0,
        "Total Revenue": 4031000000.0,
        "Operating Revenue": 4031000000.0
    },
    "2025-06-30": {
        "Tax Effect Of Unusual Items": -38448000.0,
        "Tax Rate For Calcs": 0.216,
        "Normalized EBITDA": 2434000000.0,
        "Total Unusual Items": -178000000.0,
        "Total Unusual Items Excluding Goodwill": -178000000.0,
        "Net Income From Continuing Operation Net Minority Interest": 699000000.0,
        "Reconciled Depreciation": 1257000000.0,
        "Reconciled Cost Of Revenue": 2387000000.0,
        "EBITDA": 2256000000.0,
        "EBIT": 999000000.0,
        "Net Interest Income": -56000000.0,
        "Interest Expense": 56000000.0,
        "Normalized Income": 838552000.0,
        "Net Income From Continuing And Discontinued Operation": 699000000.0,
        "Total Expenses": 2472000000.0,
        "Total Operating Income As Reported": 1139000000.0,
        "Diluted Average Shares": 292135000.0,
        "Basic Average Shares": 292135000.0,
        "Diluted EPS": 2.38,
        "Basic EPS": 2.38,
        "Diluted NI Availto Com Stockholders": 699000000.0,
        "Net Income Common Stockholders": 699000000.0,
        "Otherunder Preferred Stock Dividend": NaN,
        "Net Income": 699000000.0,
        "Minority Interests": -40000000.0,
        "Net Income Including Noncontrolling Interests": 739000000.0,
        "Net Income Continuous Operations": 739000000.0,
        "Tax Provision": 204000000.0,
        "Pretax Income": 943000000.0,
        "Other Income Expense": -180000000.0,
        "Other Non Operating Income Expenses": -2000000.0,
        "Special Income Charges": 15000000.0,
        "Other Special Charges": -55000000.0,
        "Restructuring And Mergern Acquisition": 40000000.0,
        "Gain On Sale Of Security": -193000000.0,
        "Net Non Operating Interest Income Expense": -56000000.0,
        "Interest Expense Non Operating": 56000000.0,
        "Operating Income": 1179000000.0,
        "Operating Expense": 85000000.0,
        "Other Operating Expenses": 18000000.0,
        "Selling General And Administration": 67000000.0,
        "General And Administrative Expense": 67000000.0,
        "Other Gand A": 46000000.0,
        "Salaries And Wages": 21000000.0,
        "Gross Profit": 1264000000.0,
        "Cost Of Revenue": 2387000000.0,
        "Total Revenue": 3651000000.0,
        "Operating Revenue": 3651000000.0
    },
    "2025-09-30": {
        "Tax Effect Of Unusual Items": 16511000.0,
        "Tax Rate For Calcs": 0.209,
        "Normalized EBITDA": 2638000000.0,
        "Total Unusual Items": 79000000.0,
        "Total Unusual Items Excluding Goodwill": 79000000.0,
        "Net Income From Continuing Operation Net Minority Interest": 1018000000.0,
        "Reconciled Depreciation": 1277000000.0,
        "Reconciled Cost Of Revenue": 2565000000.0,
        "EBITDA": 2717000000.0,
        "EBIT": 1440000000.0,
        "Net Interest Income": -70000000.0,
        "Interest Expense": 70000000.0,
        "Normalized Income": 955511000.0,
        "Net Income From Continuing And Discontinued Operation": 1018000000.0,
        "Total Expenses": 2653000000.0,
        "Total Operating Income As Reported": 1236000000.0,
        "Diluted Average Shares": 288826000.0,
        "Basic Average Shares": 288826000.0,
        "Diluted EPS": 3.51,
        "Basic EPS": 3.51,
        "Diluted NI Availto Com Stockholders": 1018000000.0,
        "Net Income Common Stockholders": 1018000000.0,
        "Otherunder Preferred Stock Dividend": NaN,
        "Net Income": 1018000000.0,
        "Minority Interests": -65000000.0,
        "Net Income Including Noncontrolling Interests": 1083000000.0,
        "Net Income Continuous Operations": 1083000000.0,
        "Tax Provision": 287000000.0,
        "Pretax Income": 1370000000.0,
        "Other Income Expense": 187000000.0,
        "Other Non Operating Income Expenses": 108000000.0,
        "Special Income Charges": -49000000.0,
        "Other Special Charges": 32000000.0,
        "Restructuring And Mergern Acquisition": 17000000.0,
        "Gain On Sale Of Security": 128000000.0,
        "Net Non Operating Interest Income Expense": -70000000.0,
        "Interest Expense Non Operating": 70000000.0,
        "Operating Income": 1253000000.0,
        "Operating Expense": 88000000.0,
        "Other Operating Expenses": 18000000.0,
        "Selling General And Administration": 70000000.0,
        "General And Administrative Expense": 70000000.0,
        "Other Gand A": 70000000.0,
        "Salaries And Wages": NaN,
        "Gross Profit": 1341000000.0,
        "Cost Of Revenue": 2565000000.0,
        "Total Revenue": 3906000000.0,
        "Operating Revenue": 3906000000.0
    }
}