{
    "2023-03-31": {
        "Tax Effect Of Unusual Items": -889980.0,
        "Tax Rate For Calcs": 0.21,
        "Normalized EBITDA": -9745000.0,
        "Total Unusual Items": -4238000.0,
        "Total Unusual Items Excluding Goodwill": -4238000.0,
        "Net Income From Continuing Operation Net Minority Interest": -21164000.0,
        "Reconciled Depreciation": 4413000.0,
        "Reconciled Cost Of Revenue": 45251000.0,
        "EBITDA": -13983000.0,
        "EBIT": -18396000.0,
        "Net Interest Income": -835000.0,
        "Interest Expense": 835000.0,
        "Normalized Income": -17815980.0,
        "Net Income From Continuing And Discontinued Operation": -21164000.0,
        "Total Expenses": 99345000.0,
        "Total Operating Income As Reported": -18616000.0,
        "Diluted Average Shares": 18816110.0,
        "Basic Average Shares": 18816110.0,
        "Diluted EPS": -1.12,
        "Basic EPS": -1.12,
        "Diluted NI Availto Com Stockholders": -21164000.0,
        "Net Income Common Stockholders": -21164000.0,
        "Net Income": -21164000.0,
        "Net Income Including Noncontrolling Interests": -21164000.0,
        "Net Income Continuous Operations": -21164000.0,
        "Tax Provision": 1933000.0,
        "Pretax Income": -19231000.0,
        "Other Income Expense": -4018000.0,
        "Other Non Operating Income Expenses": 220000.0,
        "Special Income Charges": -4238000.0,
        "Restructuring And Mergern Acquisition": 4238000.0,
        "Net Non Operating Interest Income Expense": -835000.0,
        "Total Other Finance Cost": NaN,
        "Interest Expense Non Operating": 835000.0,
        "Operating Income": -14378000.0,
        "Operating Expense": 54094000.0,
        "Research And Development": 12718000.0,
        "Selling General And Administration": 41376000.0,
        "Gross Profit": 39716000.0,
        "Cost Of Revenue": 45251000.0,
        "Total Revenue": 84967000.0,
        "Operating Revenue": 84967000.0
    },
    "2022-12-31": {
        "Tax Effect Of Unusual Items": 258090.0,
        "Tax Rate For Calcs": 0.21,
        "Normalized EBITDA": 3146000.0,
        "Total Unusual Items": 1229000.0,
        "Total Unusual Items Excluding Goodwill": 1229000.0,
        "Net Income From Continuing Operation Net Minority Interest": -2235000.0,
        "Reconciled Depreciation": 3922000.0,
        "Reconciled Cost Of Revenue": 52824000.0,
        "EBITDA": 4375000.0,
        "EBIT": 453000.0,
        "Net Interest Income": 8000.0,
        "Interest Expense": NaN,
        "Normalized Income": -3205910.0,
        "Net Income From Continuing And Discontinued Operation": -2235000.0,
        "Total Expenses": 103406000.0,
        "Total Operating Income As Reported": -1649000.0,
        "Diluted Average Shares": 18780081.0,
        "Basic Average Shares": 18780081.0,
        "Diluted EPS": -0.12,
        "Basic EPS": -0.12,
        "Diluted NI Availto Com Stockholders": -2235000.0,
        "Net Income Common Stockholders": -2235000.0,
        "Net Income": -2235000.0,
        "Net Income Including Noncontrolling Interests": -2235000.0,
        "Net Income Continuous Operations": -2235000.0,
        "Tax Provision": 753000.0,
        "Pretax Income": -1482000.0,
        "Other Income Expense": -1943000.0,
        "Other Non Operating Income Expenses": -3172000.0,
        "Special Income Charges": -2102000.0,
        "Restructuring And Mergern Acquisition": 2102000.0,
        "Net Non Operating Interest Income Expense": 8000.0,
        "Total Other Finance Cost": NaN,
        "Interest Expense Non Operating": NaN,
        "Operating Income": 453000.0,
        "Operating Expense": 50582000.0,
        "Research And Development": 12659000.0,
        "Selling General And Administration": 37923000.0,
        "Gross Profit": 51035000.0,
        "Cost Of Revenue": 52824000.0,
        "Total Revenue": 103859000.0,
        "Operating Revenue": 103859000.0
    },
    "2022-09-30": {
        "Tax Effect Of Unusual Items": NaN,
        "Tax Rate For Calcs": NaN,
        "Normalized EBITDA": NaN,
        "Total Unusual Items": NaN,
        "Total Unusual Items Excluding Goodwill": NaN,
        "Net Income From Continuing Operation Net Minority Interest": NaN,
        "Reconciled Depreciation": NaN,
        "Reconciled Cost Of Revenue": NaN,
        "EBITDA": NaN,
        "EBIT": NaN,
        "Net Interest Income": NaN,
        "Interest Expense": NaN,
        "Interest Income": 24000.0,
        "Normalized Income": NaN,
        "Net Income From Continuing And Discontinued Operation": NaN,
        "Total Expenses": NaN,
        "Total Operating Income As Reported": NaN,
        "Diluted Average Shares": NaN,
        "Basic Average Shares": NaN,
        "Diluted EPS": NaN,
        "Basic EPS": NaN,
        "Diluted NI Availto Com Stockholders": NaN,
        "Net Income Common Stockholders": NaN,
        "Net Income": NaN,
        "Net Income Including Noncontrolling Interests": NaN,
        "Net Income Continuous Operations": NaN,
        "Tax Provision": NaN,
        "Pretax Income": NaN,
        "Other Income Expense": NaN,
        "Other Non Operating Income Expenses": NaN,
        "Special Income Charges": NaN,
        "Restructuring And Mergern Acquisition": NaN,
        "Net Non Operating Interest Income Expense": NaN,
        "Total Other Finance Cost": -24000.0,
        "Interest Expense Non Operating": NaN,
        "Interest Income Non Operating": 24000.0,
        "Operating Income": NaN,
        "Operating Expense": NaN,
        "Research And Development": NaN,
        "Selling General And Administration": NaN,
        "Gross Profit": NaN,
        "Cost Of Revenue": NaN,
        "Total Revenue": NaN,
        "Operating Revenue": NaN
    },
    "2022-06-30": {
        "Tax Effect Of Unusual Items": -533200.0,
        "Tax Rate For Calcs": 0.4,
        "Normalized EBITDA": -2647000.0,
        "Total Unusual Items": -1333000.0,
        "Total Unusual Items Excluding Goodwill": -1333000.0,
        "Net Income From Continuing Operation Net Minority Interest": -8574000.0,
        "Reconciled Depreciation": 3643000.0,
        "Reconciled Cost Of Revenue": 39480000.0,
        "EBITDA": -3980000.0,
        "EBIT": -7623000.0,
        "Net Interest Income": 12000.0,
        "Interest Expense": NaN,
        "Normalized Income": -7774200.0,
        "Net Income From Continuing And Discontinued Operation": -8574000.0,
        "Total Expenses": 87540000.0,
        "Total Operating Income As Reported": -8956000.0,
        "Diluted Average Shares": 18266747.0,
        "Basic Average Shares": 18266747.0,
        "Diluted EPS": -0.47,
        "Basic EPS": -0.47,
        "Diluted NI Availto Com Stockholders": -8574000.0,
        "Net Income Common Stockholders": -8574000.0,
        "Net Income": -8574000.0,
        "Net Income Including Noncontrolling Interests": -8574000.0,
        "Net Income Continuous Operations": -8574000.0,
        "Tax Provision": 1266000.0,
        "Pretax Income": -7308000.0,
        "Other Income Expense": 303000.0,
        "Other Non Operating Income Expenses": 1636000.0,
        "Special Income Charges": -1333000.0,
        "Restructuring And Mergern Acquisition": 1333000.0,
        "Net Non Operating Interest Income Expense": 12000.0,
        "Total Other Finance Cost": -12000.0,
        "Interest Expense Non Operating": NaN,
        "Operating Income": -7623000.0,
        "Operating Expense": 48060000.0,
        "Research And Development": 12042000.0,
        "Selling General And Administration": 36018000.0,
        "Gross Profit": 40437000.0,
        "Cost Of Revenue": 39480000.0,
        "Total Revenue": 79917000.0,
        "Operating Revenue": 79917000.0
    },
    "2023-06-30": {
        "Tax Effect Of Unusual Items": NaN,
        "Tax Rate For Calcs": NaN,
        "Normalized EBITDA": NaN,
        "Total Unusual Items": NaN,
        "Total Unusual Items Excluding Goodwill": NaN,
        "Net Income From Continuing Operation Net Minority Interest": NaN,
        "Reconciled Depreciation": NaN,
        "Reconciled Cost Of Revenue": NaN,
        "EBITDA": NaN,
        "EBIT": NaN,
        "Net Interest Income": NaN,
        "Interest Expense": NaN,
        "Normalized Income": NaN,
        "Net Income From Continuing And Discontinued Operation": NaN,
        "Total Expenses": NaN,
        "Total Operating Income As Reported": NaN,
        "Diluted Average Shares": NaN,
        "Basic Average Shares": NaN,
        "Diluted EPS": NaN,
        "Basic EPS": NaN,
        "Diluted NI Availto Com Stockholders": NaN,
        "Net Income Common Stockholders": NaN,
        "Net Income": NaN,
        "Net Income Including Noncontrolling Interests": NaN,
        "Net Income Continuous Operations": NaN,
        "Tax Provision": NaN,
        "Pretax Income": NaN,
        "Other Income Expense": NaN,
        "Other Non Operating Income Expenses": NaN,
        "Special Income Charges": NaN,
        "Restructuring And Mergern Acquisition": NaN,
        "Net Non Operating Interest Income Expense": NaN,
        "Total Other Finance Cost": 1003000.0,
        "Interest Expense Non Operating": NaN,
        "Operating Income": NaN,
        "Operating Expense": NaN,
        "Research And Development": NaN,
        "Selling General And Administration": NaN,
        "Gross Profit": NaN,
        "Cost Of Revenue": NaN,
        "Total Revenue": NaN,
        "Operating Revenue": NaN
    },
    "2022-03-31": {
        "Diluted EPS": -0.53,
        "Total Revenue": 77,
        "Gross Profit": 41,
        "Operating Income": -7,
        "EBIT": -4,
        "Net Income": -10
    },
    "2021-12-31": {
        "Diluted EPS": -1.75,
        "Total Revenue": 100,
        "Gross Profit": 56,
        "Operating Income": 4,
        "EBIT": 8,
        "Net Income": -32
    },
    "2021-09-30": {
        "Diluted EPS": -0.21,
        "Total Revenue": 79,
        "Gross Profit": 42,
        "Operating Income": -5,
        "EBIT": -2,
        "Net Income": -4
    },
    "2021-06-30": {
        "Diluted EPS": -0.06,
        "Total Revenue": 82,
        "Gross Profit": 45,
        "Operating Income": -1,
        "EBIT": 2,
        "Net Income": -1
    },
    "2021-03-31": {
        "Diluted EPS": -0.18,
        "Total Revenue": 76,
        "Gross Profit": 40,
        "Operating Income": -6,
        "EBIT": -3,
        "Net Income": -3
    },
    "2020-12-31": {
        "Diluted EPS": 1.55,
        "Total Revenue": 93,
        "Gross Profit": 51,
        "Operating Income": 3,
        "EBIT": 6,
        "Net Income": 27
    },
    "2020-09-30": {
        "Diluted EPS": -0.17,
        "Total Revenue": 71,
        "Gross Profit": 36,
        "Operating Income": -5,
        "EBIT": -1,
        "Net Income": -3
    },
    "2020-06-30": {
        "Diluted EPS": -0.5,
        "Total Revenue": 61,
        "Gross Profit": 29,
        "Operating Income": -12,
        "EBIT": -9,
        "Net Income": -9
    },
    "2020-03-31": {
        "Diluted EPS": -0.84,
        "Total Revenue": 80,
        "Gross Profit": 44,
        "Operating Income": -17,
        "EBIT": -13,
        "Net Income": -15
    },
    "2019-12-31": {
        "Diluted EPS": -2.86,
        "Total Revenue": 104,
        "Gross Profit": 44,
        "Operating Income": -48,
        "EBIT": -44,
        "Net Income": -50
    },
    "2019-09-30": {
        "Diluted EPS": -0.36,
        "Total Revenue": 91,
        "Gross Profit": 51,
        "Operating Income": -6,
        "EBIT": -1,
        "Net Income": -6
    },
    "2019-06-30": {
        "Diluted EPS": -0.37,
        "Total Revenue": 93,
        "Gross Profit": 51,
        "Operating Income": -5,
        "EBIT": 0,
        "Net Income": -6
    },
    "2019-03-31": {
        "Diluted EPS": 0.01,
        "Total Revenue": 94,
        "Gross Profit": 53,
        "Operating Income": 0,
        "EBIT": 5,
        "Net Income": 0
    },
    "2018-12-31": {
        "Diluted EPS": 0.34,
        "Total Revenue": 113,
        "Gross Profit": 59,
        "Operating Income": 6,
        "EBIT": 11,
        "Net Income": 6
    },
    "2018-09-30": {
        "Diluted EPS": -0.15,
        "Total Revenue": 100,
        "Gross Profit": 51,
        "Operating Income": -3,
        "EBIT": 2,
        "Net Income": -2
    },
    "2018-06-30": {
        "Diluted EPS": 0.07,
        "Total Revenue": 98,
        "Gross Profit": 58,
        "Operating Income": 2,
        "EBIT": 6,
        "Net Income": 1
    },
    "2018-03-31": {
        "Diluted EPS": 0.03,
        "Total Revenue": 93,
        "Gross Profit": 54,
        "Operating Income": 1,
        "EBIT": 5,
        "Net Income": 0
    },
    "2017-12-31": {
        "Diluted EPS": -0.66,
        "Total Revenue": 106,
        "Gross Profit": 56,
        "Operating Income": 9,
        "EBIT": 14,
        "Net Income": -11
    },
    "2017-09-30": {
        "Diluted EPS": 0.1,
        "Total Revenue": 90,
        "Gross Profit": 52,
        "Operating Income": 2,
        "EBIT": 7,
        "Net Income": 2
    },
    "2017-06-30": {
        "Diluted EPS": -0.22,
        "Total Revenue": 83,
        "Gross Profit": 47,
        "Operating Income": -4,
        "EBIT": 0,
        "Net Income": -4
    },
    "2017-03-31": {
        "Diluted EPS": -0.09,
        "Total Revenue": 82,
        "Gross Profit": 44,
        "Operating Income": -2,
        "EBIT": 2,
        "Net Income": -1
    },
    "2016-12-31": {
        "Diluted EPS": 0.21,
        "Total Revenue": 92,
        "Gross Profit": 49,
        "Operating Income": 4,
        "EBIT": 8,
        "Net Income": 4
    },
    "2016-09-30": {
        "Diluted EPS": 0.07,
        "Total Revenue": 80,
        "Gross Profit": 43,
        "Operating Income": 1,
        "EBIT": 4,
        "Net Income": 1
    },
    "2016-06-30": {
        "Diluted EPS": 0.2,
        "Total Revenue": 79,
        "Gross Profit": 44,
        "Operating Income": 4,
        "EBIT": 8,
        "Net Income": 3
    },
    "2016-03-31": {
        "Diluted EPS": 0.19,
        "Total Revenue": 76,
        "Gross Profit": 43,
        "Operating Income": 4,
        "EBIT": 7,
        "Net Income": 3
    },
    "2015-12-31": {
        "Diluted EPS": 0.51,
        "Total Revenue": 91,
        "Gross Profit": 48,
        "Operating Income": 7,
        "EBIT": 10,
        "Net Income": 9
    },
    "2015-09-30": {
        "Diluted EPS": -0.05,
        "Total Revenue": 73,
        "Gross Profit": 35,
        "Operating Income": -1,
        "EBIT": 2,
        "Net Income": -1
    },
    "2015-06-30": {
        "Diluted EPS": 0.24,
        "Total Revenue": 84,
        "Gross Profit": 45,
        "Operating Income": 5,
        "EBIT": 8,
        "Net Income": 4
    },
    "2015-03-31": {
        "Diluted EPS": 0.04,
        "Total Revenue": 70,
        "Gross Profit": 40,
        "Operating Income": 2,
        "EBIT": 4,
        "Net Income": 1
    },
    "2014-12-31": {
        "Diluted EPS": 0.64,
        "Total Revenue": 104,
        "Gross Profit": 57,
        "Operating Income": 13,
        "EBIT": 15,
        "Net Income": 11
    },
    "2014-09-30": {
        "Diluted EPS": 0.64,
        "Total Revenue": 82,
        "Gross Profit": 46,
        "Operating Income": 9,
        "EBIT": 11,
        "Net Income": 11
    },
    "2014-06-30": {
        "Diluted EPS": 0.36,
        "Total Revenue": 82,
        "Gross Profit": 46,
        "Operating Income": 8,
        "EBIT": 10,
        "Net Income": 6
    },
    "2014-03-31": {
        "Diluted EPS": 0.29,
        "Total Revenue": 73,
        "Gross Profit": 40,
        "Operating Income": 7,
        "EBIT": 9,
        "Net Income": 5
    },
    "2013-12-31": {
        "Diluted EPS": 0.48,
        "Total Revenue": 90,
        "Gross Profit": 49,
        "Operating Income": 11,
        "EBIT": 13,
        "Net Income": 8
    },
    "2013-09-30": {
        "Diluted EPS": 0.29,
        "Total Revenue": 68,
        "Gross Profit": 39,
        "Operating Income": 8,
        "EBIT": 9,
        "Net Income": 5
    },
    "2013-06-30": {
        "Diluted EPS": 0.21,
        "Total Revenue": 68,
        "Gross Profit": 37,
        "Operating Income": 5,
        "EBIT": 7,
        "Net Income": 4
    },
    "2013-03-31": {
        "Diluted EPS": 0.27,
        "Total Revenue": 65,
        "Gross Profit": 37,
        "Operating Income": 6,
        "EBIT": 8,
        "Net Income": 5
    },
    "2012-12-31": {
        "Diluted EPS": 0.46,
        "Total Revenue": 81,
        "Gross Profit": 43,
        "Operating Income": 11,
        "EBIT": 13,
        "Net Income": 8
    },
    "2012-09-30": {
        "Diluted EPS": 0.21,
        "Total Revenue": 61,
        "Gross Profit": 32,
        "Operating Income": 5,
        "EBIT": 7,
        "Net Income": 4
    },
    "2012-06-30": {
        "Diluted EPS": 0.28,
        "Total Revenue": 67,
        "Gross Profit": 37,
        "Operating Income": 7,
        "EBIT": 9,
        "Net Income": 5
    },
    "2012-03-31": {
        "Diluted EPS": 0.39,
        "Total Revenue": 65,
        "Gross Profit": 37,
        "Operating Income": 8,
        "EBIT": 10,
        "Net Income": 7
    },
    "2011-12-31": {
        "Diluted EPS": 0.56,
        "Total Revenue": 77,
        "Gross Profit": 44,
        "Operating Income": 13,
        "EBIT": 15,
        "Net Income": 9
    },
    "2011-09-30": {
        "Diluted EPS": 0.38,
        "Total Revenue": 65,
        "Gross Profit": 36,
        "Operating Income": 10,
        "EBIT": 12,
        "Net Income": 6
    },
    "2011-06-30": {
        "Diluted EPS": 0.25,
        "Total Revenue": 60,
        "Gross Profit": 34,
        "Operating Income": 6,
        "EBIT": 7,
        "Net Income": 4
    },
    "2011-03-31": {
        "Diluted EPS": 0.2,
        "Total Revenue": 53,
        "Gross Profit": 30,
        "Operating Income": 4,
        "EBIT": 6,
        "Net Income": 3
    },
    "2010-12-31": {
        "Diluted EPS": 0.3,
        "Total Revenue": 59,
        "Gross Profit": 35,
        "Operating Income": 6,
        "EBIT": 8,
        "Net Income": 5
    },
    "2010-09-30": {
        "Diluted EPS": 0.14,
        "Total Revenue": 45,
        "Gross Profit": 26,
        "Operating Income": 3,
        "EBIT": 5,
        "Net Income": 2
    },
    "2010-06-30": {
        "Diluted EPS": 0.11,
        "Total Revenue": 46,
        "Gross Profit": 27,
        "Operating Income": 5,
        "EBIT": 6,
        "Net Income": 2
    },
    "2010-03-31": {
        "Diluted EPS": 0.13,
        "Total Revenue": 42,
        "Gross Profit": 25,
        "Operating Income": 3,
        "EBIT": 5,
        "Net Income": 2
    },
    "2009-12-31": {
        "Diluted EPS": -0.04,
        "Total Revenue": 46,
        "Gross Profit": 25,
        "Operating Income": 2,
        "EBIT": 4,
        "Net Income": -1
    },
    "2009-09-30": {
        "Diluted EPS": -0.08,
        "Total Revenue": 36,
        "Gross Profit": 20,
        "Operating Income": -2,
        "EBIT": -1,
        "Net Income": -1
    },
    "2009-06-30": {
        "Diluted EPS": -0.13,
        "Total Revenue": 35,
        "Gross Profit": 19,
        "Operating Income": -4,
        "EBIT": -2,
        "Net Income": -2
    },
    "2009-03-31": {
        "Diluted EPS": -0.41,
        "Total Revenue": 31,
        "Gross Profit": 16,
        "Operating Income": -8,
        "EBIT": -6,
        "Net Income": -7
    },
    "2023-09-30": {
        "Tax Effect Of Unusual Items": -512820.0,
        "Tax Rate For Calcs": 0.21,
        "Normalized EBITDA": -300000.0,
        "Total Unusual Items": -2442000.0,
        "Total Unusual Items Excluding Goodwill": -2442000.0,
        "Net Income From Continuing Operation Net Minority Interest": -8756000.0,
        "Reconciled Depreciation": 3803000.0,
        "Reconciled Cost Of Revenue": 45139000.0,
        "EBITDA": -2742000.0,
        "EBIT": -6545000.0,
        "Net Interest Income": -691000.0,
        "Interest Expense": 691000.0,
        "Normalized Income": -6826820.0,
        "Net Income From Continuing And Discontinued Operation": -8756000.0,
        "Total Expenses": 91297000.0,
        "Total Operating Income As Reported": -6926000.0,
        "Diluted Average Shares": 18953251.0,
        "Basic Average Shares": 18953251.0,
        "Diluted EPS": -0.46,
        "Basic EPS": -0.46,
        "Diluted NI Availto Com Stockholders": -8756000.0,
        "Net Income Common Stockholders": -8756000.0,
        "Net Income": -8756000.0,
        "Net Income Including Noncontrolling Interests": -8756000.0,
        "Net Income Continuous Operations": -8756000.0,
        "Tax Provision": 1520000.0,
        "Pretax Income": -7236000.0,
        "Other Income Expense": -2061000.0,
        "Other Non Operating Income Expenses": 381000.0,
        "Special Income Charges": -2442000.0,
        "Restructuring And Mergern Acquisition": 2442000.0,
        "Net Non Operating Interest Income Expense": -691000.0,
        "Total Other Finance Cost": NaN,
        "Interest Expense Non Operating": 691000.0,
        "Operating Income": -4484000.0,
        "Operating Expense": 46158000.0,
        "Research And Development": 8188000.0,
        "Selling General And Administration": 37970000.0,
        "Gross Profit": 41674000.0,
        "Cost Of Revenue": 45139000.0,
        "Total Revenue": 86813000.0,
        "Operating Revenue": 86813000.0
    },
    "2023-12-31": {
        "Tax Effect Of Unusual Items": -55230.0,
        "Tax Rate For Calcs": 0.21,
        "Normalized EBITDA": 3965000.0,
        "Total Unusual Items": -263000.0,
        "Total Unusual Items Excluding Goodwill": -263000.0,
        "Net Income From Continuing Operation Net Minority Interest": 1588000.0,
        "Reconciled Depreciation": 3649000.0,
        "Reconciled Cost Of Revenue": 48554000.0,
        "EBITDA": 3702000.0,
        "EBIT": 53000.0,
        "Net Interest Income": -819000.0,
        "Interest Expense": 819000.0,
        "Normalized Income": 1795770.0,
        "Net Income From Continuing And Discontinued Operation": 1588000.0,
        "Total Expenses": 97221000.0,
        "Total Operating Income As Reported": 1356000.0,
        "Diluted Average Shares": 21086277.0,
        "Basic Average Shares": 18961632.0,
        "Diluted EPS": 0.08,
        "Basic EPS": 0.08,
        "Diluted NI Availto Com Stockholders": 1588000.0,
        "Net Income Common Stockholders": 1588000.0,
        "Net Income": 1588000.0,
        "Net Income Including Noncontrolling Interests": 1588000.0,
        "Net Income Continuous Operations": 1588000.0,
        "Tax Provision": -2354000.0,
        "Pretax Income": -766000.0,
        "Other Income Expense": -1566000.0,
        "Other Non Operating Income Expenses": -1303000.0,
        "Special Income Charges": -263000.0,
        "Restructuring And Mergern Acquisition": 263000.0,
        "Net Non Operating Interest Income Expense": -819000.0,
        "Total Other Finance Cost": NaN,
        "Interest Expense Non Operating": 819000.0,
        "Operating Income": 1619000.0,
        "Operating Expense": 48667000.0,
        "Research And Development": 9238000.0,
        "Selling General And Administration": 39429000.0,
        "Gross Profit": 50286000.0,
        "Cost Of Revenue": 48554000.0,
        "Total Revenue": 98840000.0,
        "Operating Revenue": 98840000.0
    },
    "2024-03-31": {
        "Tax Effect Of Unusual Items": 0.0,
        "Tax Rate For Calcs": 0.21,
        "Normalized EBITDA": -1714000.0,
        "Total Unusual Items": 0.0,
        "Total Unusual Items Excluding Goodwill": 0.0,
        "Net Income From Continuing Operation Net Minority Interest": -7267000.0,
        "Reconciled Depreciation": 3621000.0,
        "Reconciled Cost Of Revenue": 40937000.0,
        "EBITDA": -1714000.0,
        "EBIT": -5335000.0,
        "Net Interest Income": -831000.0,
        "Interest Expense": 831000.0,
        "Normalized Income": -7267000.0,
        "Net Income From Continuing And Discontinued Operation": -7267000.0,
        "Total Expenses": 89554000.0,
        "Total Operating Income As Reported": -5310000.0,
        "Diluted Average Shares": 19046855.0,
        "Basic Average Shares": 19046855.0,
        "Diluted EPS": -0.38,
        "Basic EPS": -0.38,
        "Diluted NI Availto Com Stockholders": -7267000.0,
        "Net Income Common Stockholders": -7267000.0,
        "Net Income": -7267000.0,
        "Net Income Including Noncontrolling Interests": -7267000.0,
        "Net Income Continuous Operations": -7267000.0,
        "Tax Provision": 1101000.0,
        "Pretax Income": -6166000.0,
        "Other Income Expense": -25000.0,
        "Other Non Operating Income Expenses": -25000.0,
        "Special Income Charges": 0.0,
        "Restructuring And Mergern Acquisition": 0.0,
        "Net Non Operating Interest Income Expense": -831000.0,
        "Total Other Finance Cost": NaN,
        "Interest Expense Non Operating": 831000.0,
        "Operating Income": -5310000.0,
        "Operating Expense": 48617000.0,
        "Research And Development": 9024000.0,
        "Selling General And Administration": 39593000.0,
        "Gross Profit": 43307000.0,
        "Cost Of Revenue": 40937000.0,
        "Total Revenue": 84244000.0,
        "Operating Revenue": 84244000.0
    },
    "2024-06-30": {
        "Tax Effect Of Unusual Items": -129360.0,
        "Tax Rate For Calcs": 0.21,
        "Normalized EBITDA": 6576000.0,
        "Total Unusual Items": -616000.0,
        "Total Unusual Items Excluding Goodwill": -616000.0,
        "Net Income From Continuing Operation Net Minority Interest": -524000.0,
        "Reconciled Depreciation": 4167000.0,
        "Reconciled Cost Of Revenue": 37296000.0,
        "EBITDA": 5960000.0,
        "EBIT": 1793000.0,
        "Net Interest Income": -761000.0,
        "Interest Expense": 761000.0,
        "Normalized Income": -37360.0,
        "Net Income From Continuing And Discontinued Operation": -524000.0,
        "Total Expenses": 79719000.0,
        "Total Operating Income As Reported": 1750000.0,
        "Diluted Average Shares": 19293778.0,
        "Basic Average Shares": 19293778.0,
        "Diluted EPS": -0.03,
        "Basic EPS": -0.03,
        "Diluted NI Availto Com Stockholders": -524000.0,
        "Net Income Common Stockholders": -524000.0,
        "Net Income": -524000.0,
        "Net Income Including Noncontrolling Interests": -524000.0,
        "Net Income Continuous Operations": -524000.0,
        "Tax Provision": 1556000.0,
        "Pretax Income": 1032000.0,
        "Other Income Expense": -573000.0,
        "Other Non Operating Income Expenses": 43000.0,
        "Special Income Charges": -616000.0,
        "Restructuring And Mergern Acquisition": 616000.0,
        "Net Non Operating Interest Income Expense": -761000.0,
        "Total Other Finance Cost": NaN,
        "Interest Expense Non Operating": 761000.0,
        "Operating Income": 2366000.0,
        "Operating Expense": 42423000.0,
        "Research And Development": 9833000.0,
        "Selling General And Administration": 32590000.0,
        "Gross Profit": 44789000.0,
        "Cost Of Revenue": 37296000.0,
        "Total Revenue": 82085000.0,
        "Operating Revenue": 82085000.0
    },
    "2024-09-30": {
        "Tax Effect Of Unusual Items": 0.0,
        "Tax Rate For Calcs": 0.21,
        "Normalized EBITDA": 5910000.0,
        "Total Unusual Items": 0.0,
        "Total Unusual Items Excluding Goodwill": 0.0,
        "Net Income From Continuing Operation Net Minority Interest": -289000.0,
        "Reconciled Depreciation": 3921000.0,
        "Reconciled Cost Of Revenue": 36587000.0,
        "EBITDA": 5910000.0,
        "EBIT": 1989000.0,
        "Net Interest Income": -1023000.0,
        "Interest Expense": 1023000.0,
        "Normalized Income": -289000.0,
        "Net Income From Continuing And Discontinued Operation": -289000.0,
        "Total Expenses": 80399000.0,
        "Total Operating Income As Reported": 2164000.0,
        "Diluted Average Shares": 19266217.0,
        "Basic Average Shares": 19266217.0,
        "Diluted EPS": -0.02,
        "Basic EPS": -0.02,
        "Diluted NI Availto Com Stockholders": -289000.0,
        "Net Income Common Stockholders": -289000.0,
        "Net Income": -289000.0,
        "Net Income Including Noncontrolling Interests": -289000.0,
        "Net Income Continuous Operations": -289000.0,
        "Tax Provision": 1255000.0,
        "Pretax Income": 966000.0,
        "Other Income Expense": -175000.0,
        "Other Non Operating Income Expenses": -175000.0,
        "Special Income Charges": 0.0,
        "Restructuring And Mergern Acquisition": 0.0,
        "Net Non Operating Interest Income Expense": -1023000.0,
        "Total Other Finance Cost": NaN,
        "Interest Expense Non Operating": 1023000.0,
        "Operating Income": 2164000.0,
        "Operating Expense": 43812000.0,
        "Research And Development": 9771000.0,
        "Selling General And Administration": 34041000.0,
        "Gross Profit": 45976000.0,
        "Cost Of Revenue": 36587000.0,
        "Total Revenue": 82563000.0,
        "Operating Revenue": 82563000.0
    }
}