{
    "2023-06-30": {
        "Tax Effect Of Unusual Items": -4773000.0,
        "Tax Rate For Calcs": 0.215,
        "Normalized EBITDA": 214200000.0,
        "Total Unusual Items": -22200000.0,
        "Total Unusual Items Excluding Goodwill": -22200000.0,
        "Net Income From Continuing Operation Net Minority Interest": 102100000.0,
        "Reconciled Depreciation": 34200000.0,
        "Reconciled Cost Of Revenue": 674000000.0,
        "EBITDA": 192000000.0,
        "EBIT": 157800000.0,
        "Net Interest Income": -27700000.0,
        "Interest Expense": 27700000.0,
        "Normalized Income": 119527000.0,
        "Net Income From Continuing And Discontinued Operation": 102100000.0,
        "Total Expenses": 988900000.0,
        "Total Operating Income As Reported": 152600000.0,
        "Diluted Average Shares": 127500000.0,
        "Basic Average Shares": 126800000.0,
        "Diluted EPS": 0.8,
        "Basic EPS": 0.81,
        "Diluted NI Availto Com Stockholders": 102100000.0,
        "Net Income Common Stockholders": 102100000.0,
        "Net Income": 102100000.0,
        "Net Income Including Noncontrolling Interests": 102100000.0,
        "Net Income Discontinuous Operations": 0.0,
        "Net Income Continuous Operations": 102100000.0,
        "Tax Provision": 28000000.0,
        "Pretax Income": 130100000.0,
        "Other Income Expense": -17000000.0,
        "Other Non Operating Income Expenses": 5200000.0,
        "Special Income Charges": -22200000.0,
        "Restructuring And Mergern Acquisition": 22200000.0,
        "Net Non Operating Interest Income Expense": -27700000.0,
        "Interest Expense Non Operating": 27700000.0,
        "Operating Income": 174800000.0,
        "Operating Expense": 293300000.0,
        "Depreciation Amortization Depletion Income Statement": 12600000.0,
        "Depreciation And Amortization In Income Statement": 12600000.0,
        "Amortization": 12600000.0,
        "Amortization Of Intangibles Income Statement": 12600000.0,
        "Selling General And Administration": 280700000.0,
        "Gross Profit": 468100000.0,
        "Cost Of Revenue": 695600000.0,
        "Total Revenue": 1163700000.0,
        "Operating Revenue": 1163700000.0
    },
    "2023-03-31": {
        "Tax Effect Of Unusual Items": -716100.0,
        "Tax Rate For Calcs": 0.231,
        "Normalized EBITDA": 173100000.0,
        "Total Unusual Items": -3100000.0,
        "Total Unusual Items Excluding Goodwill": -3100000.0,
        "Net Income From Continuing Operation Net Minority Interest": 85600000.0,
        "Reconciled Depreciation": 31900000.0,
        "Reconciled Cost Of Revenue": 612400000.0,
        "EBITDA": 170000000.0,
        "EBIT": 138100000.0,
        "Net Interest Income": -26800000.0,
        "Interest Expense": 26800000.0,
        "Normalized Income": 87983900.0,
        "Net Income From Continuing And Discontinued Operation": 84600000.0,
        "Total Expenses": 905100000.0,
        "Total Operating Income As Reported": 131800000.0,
        "Diluted Average Shares": 128500000.0,
        "Basic Average Shares": 127800000.0,
        "Diluted EPS": 0.66,
        "Basic EPS": 0.66,
        "Diluted NI Availto Com Stockholders": 84600000.0,
        "Net Income Common Stockholders": 84600000.0,
        "Net Income": 84600000.0,
        "Net Income Including Noncontrolling Interests": 84600000.0,
        "Net Income Discontinuous Operations": -1000000.0,
        "Net Income Continuous Operations": 85600000.0,
        "Tax Provision": 25700000.0,
        "Pretax Income": 111300000.0,
        "Other Income Expense": 3200000.0,
        "Other Non Operating Income Expenses": 6300000.0,
        "Special Income Charges": -3100000.0,
        "Impairment Of Capital Assets": NaN,
        "Restructuring And Mergern Acquisition": 3100000.0,
        "Net Non Operating Interest Income Expense": -26800000.0,
        "Interest Expense Non Operating": 26800000.0,
        "Operating Income": 134900000.0,
        "Operating Expense": 273400000.0,
        "Depreciation Amortization Depletion Income Statement": 12600000.0,
        "Depreciation And Amortization In Income Statement": 12600000.0,
        "Amortization": 12600000.0,
        "Amortization Of Intangibles Income Statement": 12600000.0,
        "Selling General And Administration": 260800000.0,
        "Gross Profit": 408300000.0,
        "Cost Of Revenue": 631700000.0,
        "Total Revenue": 1040000000.0,
        "Operating Revenue": 1040000000.0
    },
    "2022-12-31": {
        "Tax Effect Of Unusual Items": NaN,
        "Tax Rate For Calcs": NaN,
        "Normalized EBITDA": NaN,
        "Total Unusual Items": NaN,
        "Total Unusual Items Excluding Goodwill": NaN,
        "Net Income From Continuing Operation Net Minority Interest": NaN,
        "Reconciled Depreciation": NaN,
        "Reconciled Cost Of Revenue": NaN,
        "EBITDA": NaN,
        "EBIT": NaN,
        "Net Interest Income": NaN,
        "Interest Expense": NaN,
        "Normalized Income": NaN,
        "Net Income From Continuing And Discontinued Operation": NaN,
        "Total Expenses": NaN,
        "Total Operating Income As Reported": NaN,
        "Diluted Average Shares": NaN,
        "Basic Average Shares": NaN,
        "Diluted EPS": NaN,
        "Basic EPS": NaN,
        "Diluted NI Availto Com Stockholders": NaN,
        "Net Income Common Stockholders": NaN,
        "Net Income": NaN,
        "Net Income Including Noncontrolling Interests": NaN,
        "Net Income Discontinuous Operations": NaN,
        "Net Income Continuous Operations": NaN,
        "Tax Provision": NaN,
        "Pretax Income": NaN,
        "Other Income Expense": NaN,
        "Other Non Operating Income Expenses": NaN,
        "Special Income Charges": NaN,
        "Impairment Of Capital Assets": -26000000.0,
        "Restructuring And Mergern Acquisition": NaN,
        "Net Non Operating Interest Income Expense": NaN,
        "Interest Expense Non Operating": NaN,
        "Operating Income": NaN,
        "Operating Expense": NaN,
        "Depreciation Amortization Depletion Income Statement": NaN,
        "Depreciation And Amortization In Income Statement": NaN,
        "Amortization": NaN,
        "Amortization Of Intangibles Income Statement": NaN,
        "Selling General And Administration": NaN,
        "Gross Profit": NaN,
        "Cost Of Revenue": NaN,
        "Total Revenue": NaN,
        "Operating Revenue": NaN
    },
    "2022-09-30": {
        "Tax Effect Of Unusual Items": NaN,
        "Tax Rate For Calcs": NaN,
        "Normalized EBITDA": NaN,
        "Total Unusual Items": NaN,
        "Total Unusual Items Excluding Goodwill": NaN,
        "Net Income From Continuing Operation Net Minority Interest": NaN,
        "Reconciled Depreciation": NaN,
        "Reconciled Cost Of Revenue": NaN,
        "EBITDA": NaN,
        "EBIT": NaN,
        "Net Interest Income": NaN,
        "Interest Expense": NaN,
        "Normalized Income": NaN,
        "Net Income From Continuing And Discontinued Operation": NaN,
        "Total Expenses": NaN,
        "Total Operating Income As Reported": NaN,
        "Diluted Average Shares": NaN,
        "Basic Average Shares": NaN,
        "Diluted EPS": NaN,
        "Basic EPS": NaN,
        "Diluted NI Availto Com Stockholders": NaN,
        "Net Income Common Stockholders": NaN,
        "Net Income": NaN,
        "Net Income Including Noncontrolling Interests": NaN,
        "Net Income Discontinuous Operations": NaN,
        "Net Income Continuous Operations": NaN,
        "Tax Provision": NaN,
        "Pretax Income": NaN,
        "Other Income Expense": NaN,
        "Other Non Operating Income Expenses": NaN,
        "Special Income Charges": NaN,
        "Impairment Of Capital Assets": 0.0,
        "Restructuring And Mergern Acquisition": NaN,
        "Net Non Operating Interest Income Expense": NaN,
        "Interest Expense Non Operating": NaN,
        "Operating Income": NaN,
        "Operating Expense": NaN,
        "Depreciation Amortization Depletion Income Statement": NaN,
        "Depreciation And Amortization In Income Statement": NaN,
        "Amortization": NaN,
        "Amortization Of Intangibles Income Statement": NaN,
        "Selling General And Administration": NaN,
        "Gross Profit": NaN,
        "Cost Of Revenue": NaN,
        "Total Revenue": NaN,
        "Operating Revenue": NaN
    },
    "2022-06-30": {
        "Tax Effect Of Unusual Items": -6891016.548463,
        "Tax Rate For Calcs": 0.243499,
        "Normalized EBITDA": 359500000.0,
        "Total Unusual Items": -28300000.0,
        "Total Unusual Items Excluding Goodwill": -28300000.0,
        "Net Income From Continuing Operation Net Minority Interest": 192000000.0,
        "Reconciled Depreciation": 46900000.0,
        "Reconciled Cost Of Revenue": 1317100000.0,
        "EBITDA": 331200000.0,
        "EBIT": 284300000.0,
        "Net Interest Income": -30500000.0,
        "Interest Expense": 30500000.0,
        "Normalized Income": 213408983.451537,
        "Net Income From Continuing And Discontinued Operation": 192000000.0,
        "Total Expenses": 1798600000.0,
        "Total Operating Income As Reported": 284100000.0,
        "Diluted Average Shares": 131200000.0,
        "Basic Average Shares": 130300000.0,
        "Diluted EPS": 1.46,
        "Basic EPS": 1.47,
        "Diluted NI Availto Com Stockholders": 192000000.0,
        "Net Income Common Stockholders": 192000000.0,
        "Net Income": 192000000.0,
        "Net Income Including Noncontrolling Interests": 192000000.0,
        "Net Income Discontinuous Operations": NaN,
        "Net Income Continuous Operations": 192000000.0,
        "Tax Provision": 61800000.0,
        "Pretax Income": 253800000.0,
        "Other Income Expense": -28100000.0,
        "Other Non Operating Income Expenses": 200000.0,
        "Special Income Charges": -28300000.0,
        "Impairment Of Capital Assets": 26000000.0,
        "Restructuring And Mergern Acquisition": 2300000.0,
        "Net Non Operating Interest Income Expense": -30500000.0,
        "Interest Expense Non Operating": 30500000.0,
        "Operating Income": 312400000.0,
        "Operating Expense": 450700000.0,
        "Depreciation Amortization Depletion Income Statement": 16100000.0,
        "Depreciation And Amortization In Income Statement": 16100000.0,
        "Amortization": 16100000.0,
        "Amortization Of Intangibles Income Statement": 16100000.0,
        "Selling General And Administration": 434600000.0,
        "Gross Profit": 763100000.0,
        "Cost Of Revenue": 1347900000.0,
        "Total Revenue": 2111000000.0,
        "Operating Revenue": 2111000000.0
    },
    "2022-03-31": {
        "Diluted EPS": 1.34,
        "Total Revenue": NaN,
        "Gross Profit": 468,
        "Operating Income": 180,
        "EBIT": 228,
        "Net Income": 181
    },
    "2021-12-31": {
        "Diluted EPS": 1.28,
        "Total Revenue": -892,
        "Gross Profit": -96,
        "Operating Income": -19,
        "EBIT": 30,
        "Net Income": 175
    },
    "2021-09-30": {
        "Diluted EPS": 1.45,
        "Total Revenue": NaN,
        "Gross Profit": 706,
        "Operating Income": 287,
        "EBIT": 334,
        "Net Income": 202
    },
    "2021-06-30": {
        "Diluted EPS": 1.55,
        "Total Revenue": NaN,
        "Gross Profit": 706,
        "Operating Income": 295,
        "EBIT": 343,
        "Net Income": 217
    },
    "2021-03-31": {
        "Diluted EPS": 1.26,
        "Total Revenue": NaN,
        "Gross Profit": 644,
        "Operating Income": 248,
        "EBIT": 297,
        "Net Income": 178
    },
    "2020-12-31": {
        "Diluted EPS": 1.17,
        "Total Revenue": -809,
        "Gross Profit": -93,
        "Operating Income": -1,
        "EBIT": 47,
        "Net Income": 164
    },
    "2020-09-30": {
        "Diluted EPS": 1.17,
        "Total Revenue": NaN,
        "Gross Profit": 581,
        "Operating Income": 240,
        "EBIT": 281,
        "Net Income": 165
    },
    "2020-06-30": {
        "Diluted EPS": 0.83,
        "Total Revenue": NaN,
        "Gross Profit": 483,
        "Operating Income": 173,
        "EBIT": 214,
        "Net Income": 116
    },
    "2020-03-31": {
        "Diluted EPS": 0.77,
        "Total Revenue": NaN,
        "Gross Profit": 493,
        "Operating Income": 155,
        "EBIT": 193,
        "Net Income": 109
    },
    "2019-12-31": {
        "Diluted EPS": 0.74,
        "Total Revenue": NaN,
        "Gross Profit": 532,
        "Operating Income": 193,
        "EBIT": 234,
        "Net Income": 104
    },
    "2019-09-30": {
        "Diluted EPS": 0.75,
        "Total Revenue": NaN,
        "Gross Profit": 524,
        "Operating Income": 168,
        "EBIT": 206,
        "Net Income": 106
    },
    "2019-06-30": {
        "Diluted EPS": 0.97,
        "Total Revenue": NaN,
        "Gross Profit": 538,
        "Operating Income": 202,
        "EBIT": 241,
        "Net Income": 138
    },
    "2019-03-31": {
        "Diluted EPS": 0.6,
        "Total Revenue": NaN,
        "Gross Profit": 459,
        "Operating Income": 136,
        "EBIT": 174,
        "Net Income": 85
    },
    "2018-12-31": {
        "Diluted EPS": 0.6,
        "Total Revenue": NaN,
        "Gross Profit": 502,
        "Operating Income": 140,
        "EBIT": 182,
        "Net Income": 85
    },
    "2018-09-30": {
        "Diluted EPS": 0.69,
        "Total Revenue": NaN,
        "Gross Profit": 494,
        "Operating Income": 147,
        "EBIT": 185,
        "Net Income": 100
    },
    "2018-06-30": {
        "Diluted EPS": 0.88,
        "Total Revenue": NaN,
        "Gross Profit": 524,
        "Operating Income": 189,
        "EBIT": 227,
        "Net Income": 130
    },
    "2018-03-31": {
        "Diluted EPS": 0.49,
        "Total Revenue": NaN,
        "Gross Profit": 440,
        "Operating Income": 119,
        "EBIT": 153,
        "Net Income": 75
    },
    "2017-12-31": {
        "Diluted EPS": 0.82,
        "Total Revenue": NaN,
        "Gross Profit": 492,
        "Operating Income": 163,
        "EBIT": 197,
        "Net Income": 128
    },
    "2017-09-30": {
        "Diluted EPS": 0.83,
        "Total Revenue": NaN,
        "Gross Profit": 505,
        "Operating Income": 200,
        "EBIT": 232,
        "Net Income": 130
    },
    "2017-06-30": {
        "Diluted EPS": 0.88,
        "Total Revenue": NaN,
        "Gross Profit": 513,
        "Operating Income": 209,
        "EBIT": 242,
        "Net Income": 138
    },
    "2017-03-31": {
        "Diluted EPS": 0.5,
        "Total Revenue": NaN,
        "Gross Profit": 414,
        "Operating Income": 111,
        "EBIT": 143,
        "Net Income": 77
    },
    "2016-12-31": {
        "Diluted EPS": 0.66,
        "Total Revenue": NaN,
        "Gross Profit": 466,
        "Operating Income": 152,
        "EBIT": 186,
        "Net Income": 104
    },
    "2016-09-30": {
        "Diluted EPS": 0.78,
        "Total Revenue": NaN,
        "Gross Profit": 478,
        "Operating Income": 183,
        "EBIT": 214,
        "Net Income": 123
    },
    "2016-06-30": {
        "Diluted EPS": 0.8,
        "Total Revenue": NaN,
        "Gross Profit": 475,
        "Operating Income": 188,
        "EBIT": 218,
        "Net Income": 125
    },
    "2016-03-31": {
        "Diluted EPS": 0.38,
        "Total Revenue": NaN,
        "Gross Profit": 378,
        "Operating Income": 96,
        "EBIT": 127,
        "Net Income": 61
    },
    "2015-12-31": {
        "Diluted EPS": 0.53,
        "Total Revenue": NaN,
        "Gross Profit": 420,
        "Operating Income": 140,
        "EBIT": 174,
        "Net Income": 88
    },
    "2015-09-30": {
        "Diluted EPS": 0.66,
        "Total Revenue": NaN,
        "Gross Profit": 435,
        "Operating Income": 160,
        "EBIT": 192,
        "Net Income": 108
    },
    "2015-06-30": {
        "Diluted EPS": 0.49,
        "Total Revenue": NaN,
        "Gross Profit": 410,
        "Operating Income": 128,
        "EBIT": 155,
        "Net Income": 80
    },
    "2015-03-31": {
        "Diluted EPS": 0.25,
        "Total Revenue": 951,
        "Gross Profit": 317,
        "Operating Income": 67,
        "EBIT": 91,
        "Net Income": 40
    },
    "2014-12-31": {
        "Diluted EPS": 0.29,
        "Total Revenue": NaN,
        "Gross Profit": 342,
        "Operating Income": 79,
        "EBIT": 105,
        "Net Income": 45
    },
    "2014-09-30": {
        "Diluted EPS": -0.13,
        "Total Revenue": NaN,
        "Gross Profit": 368,
        "Operating Income": 130,
        "EBIT": 155,
        "Net Income": -21
    },
    "2014-06-30": {
        "Diluted EPS": 0.55,
        "Total Revenue": NaN,
        "Gross Profit": 362,
        "Operating Income": 126,
        "EBIT": 150,
        "Net Income": 93
    },
    "2014-03-31": {
        "Diluted EPS": 0.24,
        "Total Revenue": 889,
        "Gross Profit": 295,
        "Operating Income": 69,
        "EBIT": 93,
        "Net Income": 41
    },
    "2013-12-31": {
        "Diluted EPS": 0.38,
        "Total Revenue": 728,
        "Gross Profit": 259,
        "Operating Income": 62,
        "EBIT": 87,
        "Net Income": 64
    },
    "2013-09-30": {
        "Diluted EPS": 0.37,
        "Total Revenue": NaN,
        "Gross Profit": 359,
        "Operating Income": 98,
        "EBIT": 121,
        "Net Income": 64
    },
    "2013-06-30": {
        "Diluted EPS": 0.37,
        "Total Revenue": NaN,
        "Gross Profit": 377,
        "Operating Income": 107,
        "EBIT": 127,
        "Net Income": 64
    },
    "2013-03-31": {
        "Diluted EPS": 0.22,
        "Total Revenue": 890,
        "Gross Profit": 300,
        "Operating Income": 57,
        "EBIT": 79,
        "Net Income": 37
    },
    "2012-12-31": {
        "Diluted EPS": 0.1,
        "Total Revenue": 492,
        "Gross Profit": 175,
        "Operating Income": -11,
        "EBIT": 11,
        "Net Income": 18
    },
    "2012-09-30": {
        "Diluted EPS": 0.24,
        "Total Revenue": 909,
        "Gross Profit": 302,
        "Operating Income": 61,
        "EBIT": 92,
        "Net Income": 40
    },
    "2012-06-30": {
        "Diluted EPS": 0.29,
        "Total Revenue": 935,
        "Gross Profit": 317,
        "Operating Income": 72,
        "EBIT": 95,
        "Net Income": 48
    },
    "2012-03-31": {
        "Diluted EPS": 0.08,
        "Total Revenue": 799,
        "Gross Profit": 247,
        "Operating Income": 21,
        "EBIT": 46,
        "Net Income": 13
    },
    "2011-12-31": {
        "Diluted EPS": -0.45,
        "Total Revenue": 876,
        "Gross Profit": 239,
        "Operating Income": -109,
        "EBIT": -74,
        "Net Income": -71
    },
    "2011-09-30": {
        "Diluted EPS": 0.01,
        "Total Revenue": 848,
        "Gross Profit": 256,
        "Operating Income": 21,
        "EBIT": 47,
        "Net Income": 2
    },
    "2011-06-30": {
        "Diluted EPS": 0.28,
        "Total Revenue": 890,
        "Gross Profit": 291,
        "Operating Income": 65,
        "EBIT": 90,
        "Net Income": 44
    },
    "2011-03-31": {
        "Diluted EPS": -0.07,
        "Total Revenue": 715,
        "Gross Profit": 210,
        "Operating Income": 8,
        "EBIT": 33,
        "Net Income": -11
    },
    "2010-12-31": {
        "Diluted EPS": 0.0,
        "Total Revenue": NaN,
        "Gross Profit": NaN,
        "Operating Income": NaN,
        "EBIT": NaN,
        "Net Income": NaN
    },
    "2010-09-30": {
        "Diluted EPS": 0.18,
        "Total Revenue": 813,
        "Gross Profit": 272,
        "Operating Income": 65,
        "EBIT": 65,
        "Net Income": 27
    },
    "2009-12-31": {
        "Diluted EPS": 0.0,
        "Total Revenue": NaN,
        "Gross Profit": NaN,
        "Operating Income": NaN,
        "EBIT": NaN,
        "Net Income": NaN
    },
    "2023-09-30": {
        "Tax Effect Of Unusual Items": -773300.0,
        "Tax Rate For Calcs": 0.209,
        "Normalized EBITDA": 255000000.0,
        "Total Unusual Items": -3700000.0,
        "Total Unusual Items Excluding Goodwill": -3700000.0,
        "Net Income From Continuing Operation Net Minority Interest": 136500000.0,
        "Reconciled Depreciation": 45400000.0,
        "Reconciled Cost Of Revenue": 694500000.0,
        "EBITDA": 251300000.0,
        "EBIT": 205900000.0,
        "Net Interest Income": -33300000.0,
        "Interest Expense": 33300000.0,
        "Normalized Income": 139426700.0,
        "Net Income From Continuing And Discontinued Operation": 136500000.0,
        "Total Expenses": 1061000000.0,
        "Total Operating Income As Reported": 196500000.0,
        "Diluted Average Shares": 128767522.0,
        "Basic Average Shares": 128767522.0,
        "Diluted EPS": 1.06005,
        "Basic EPS": 1.06005,
        "Diluted NI Availto Com Stockholders": 136500000.0,
        "Net Income Common Stockholders": 136500000.0,
        "Net Income": 136500000.0,
        "Net Income Including Noncontrolling Interests": 136500000.0,
        "Net Income Discontinuous Operations": 0.0,
        "Net Income Continuous Operations": 136500000.0,
        "Tax Provision": 36100000.0,
        "Pretax Income": 172600000.0,
        "Other Income Expense": 5700000.0,
        "Other Non Operating Income Expenses": 9400000.0,
        "Special Income Charges": -3700000.0,
        "Restructuring And Mergern Acquisition": 3700000.0,
        "Net Non Operating Interest Income Expense": -33300000.0,
        "Interest Expense Non Operating": 33300000.0,
        "Operating Income": 200200000.0,
        "Operating Expense": 339900000.0,
        "Depreciation Amortization Depletion Income Statement": 18800000.0,
        "Depreciation And Amortization In Income Statement": 18800000.0,
        "Amortization": 18800000.0,
        "Amortization Of Intangibles Income Statement": 18800000.0,
        "Selling General And Administration": 321100000.0,
        "Gross Profit": 540100000.0,
        "Cost Of Revenue": 721100000.0,
        "Total Revenue": 1261200000.0,
        "Operating Revenue": 1261200000.0
    },
    "2023-12-31": {
        "Tax Effect Of Unusual Items": -7330317.61309,
        "Tax Rate For Calcs": 0.217517,
        "Normalized EBITDA": 223500000.0,
        "Total Unusual Items": -33700000.0,
        "Total Unusual Items Excluding Goodwill": -33700000.0,
        "Net Income From Continuing Operation Net Minority Interest": 81300000.0,
        "Reconciled Depreciation": 57300000.0,
        "Reconciled Cost Of Revenue": 627200000.0,
        "EBITDA": 189800000.0,
        "EBIT": 132500000.0,
        "Net Interest Income": -14400000.0,
        "Interest Expense": 28600000.0,
        "Normalized Income": 107669682.38691,
        "Net Income From Continuing And Discontinued Operation": 81300000.0,
        "Total Expenses": 988700000.0,
        "Total Operating Income As Reported": 133900000.0,
        "Diluted Average Shares": 127100000.0,
        "Basic Average Shares": 126287327.0,
        "Diluted EPS": 0.64,
        "Basic EPS": 0.64377,
        "Diluted NI Availto Com Stockholders": 81300000.0,
        "Net Income Common Stockholders": 81300000.0,
        "Net Income": 81300000.0,
        "Net Income Including Noncontrolling Interests": 81300000.0,
        "Net Income Discontinuous Operations": 0.0,
        "Net Income Continuous Operations": 81300000.0,
        "Tax Provision": 22600000.0,
        "Pretax Income": 103900000.0,
        "Other Income Expense": -54300000.0,
        "Other Non Operating Income Expenses": -20600000.0,
        "Special Income Charges": -37100000.0,
        "Restructuring And Mergern Acquisition": 3600000.0,
        "Net Non Operating Interest Income Expense": -14400000.0,
        "Interest Expense Non Operating": 28600000.0,
        "Operating Income": 172600000.0,
        "Operating Expense": 322300000.0,
        "Depreciation Amortization Depletion Income Statement": 18100000.0,
        "Depreciation And Amortization In Income Statement": 18100000.0,
        "Amortization": 18100000.0,
        "Amortization Of Intangibles Income Statement": 18100000.0,
        "Selling General And Administration": 304200000.0,
        "Gross Profit": 494900000.0,
        "Cost Of Revenue": 666400000.0,
        "Total Revenue": 1161300000.0,
        "Operating Revenue": 1161300000.0
    },
    "2024-03-31": {
        "Tax Effect Of Unusual Items": -644000.0,
        "Tax Rate For Calcs": 0.23,
        "Normalized EBITDA": 204200000.0,
        "Total Unusual Items": -2800000.0,
        "Total Unusual Items Excluding Goodwill": -2800000.0,
        "Net Income From Continuing Operation Net Minority Interest": 96400000.0,
        "Reconciled Depreciation": 46100000.0,
        "Reconciled Cost Of Revenue": 593700000.0,
        "EBITDA": 201400000.0,
        "EBIT": 155300000.0,
        "Net Interest Income": -30100000.0,
        "Interest Expense": 30100000.0,
        "Normalized Income": 98556000.0,
        "Net Income From Continuing And Discontinued Operation": 96400000.0,
        "Total Expenses": 951400000.0,
        "Total Operating Income As Reported": 155400000.0,
        "Diluted Average Shares": 127000000.0,
        "Basic Average Shares": 125900000.0,
        "Diluted EPS": 0.76,
        "Basic EPS": 0.77,
        "Diluted NI Availto Com Stockholders": 96400000.0,
        "Net Income Common Stockholders": 96400000.0,
        "Net Income": 96400000.0,
        "Net Income Including Noncontrolling Interests": 96400000.0,
        "Net Income Discontinuous Operations": 0.0,
        "Net Income Continuous Operations": 96400000.0,
        "Tax Provision": 28800000.0,
        "Pretax Income": 125200000.0,
        "Other Income Expense": -2900000.0,
        "Other Non Operating Income Expenses": -100000.0,
        "Special Income Charges": -2800000.0,
        "Restructuring And Mergern Acquisition": 2800000.0,
        "Net Non Operating Interest Income Expense": -30100000.0,
        "Interest Expense Non Operating": 30100000.0,
        "Operating Income": 158200000.0,
        "Operating Expense": 329400000.0,
        "Depreciation Amortization Depletion Income Statement": 17800000.0,
        "Depreciation And Amortization In Income Statement": 17800000.0,
        "Amortization": 17800000.0,
        "Amortization Of Intangibles Income Statement": 17800000.0,
        "Selling General And Administration": 311600000.0,
        "Gross Profit": 487600000.0,
        "Cost Of Revenue": 622000000.0,
        "Total Revenue": 1109600000.0,
        "Operating Revenue": 1109600000.0
    },
    "2024-06-30": {
        "Tax Effect Of Unusual Items": -838500.0,
        "Tax Rate For Calcs": 0.215,
        "Normalized EBITDA": 262100000.0,
        "Total Unusual Items": -3900000.0,
        "Total Unusual Items Excluding Goodwill": -3900000.0,
        "Net Income From Continuing Operation Net Minority Interest": 133900000.0,
        "Reconciled Depreciation": 55400000.0,
        "Reconciled Cost Of Revenue": 661900000.0,
        "EBITDA": 258200000.0,
        "EBIT": 202800000.0,
        "Net Interest Income": -32300000.0,
        "Interest Expense": 32300000.0,
        "Normalized Income": 136961500.0,
        "Net Income From Continuing And Discontinued Operation": 133900000.0,
        "Total Expenses": 1037000000.0,
        "Total Operating Income As Reported": 199100000.0,
        "Diluted Average Shares": 125800000.0,
        "Basic Average Shares": 125100000.0,
        "Diluted EPS": 1.06,
        "Basic EPS": 1.07,
        "Diluted NI Availto Com Stockholders": 133900000.0,
        "Net Income Common Stockholders": 133900000.0,
        "Net Income": 133900000.0,
        "Net Income Including Noncontrolling Interests": 133900000.0,
        "Net Income Discontinuous Operations": 0.0,
        "Net Income Continuous Operations": 133900000.0,
        "Tax Provision": 36600000.0,
        "Pretax Income": 170500000.0,
        "Other Income Expense": -200000.0,
        "Other Non Operating Income Expenses": 3700000.0,
        "Special Income Charges": -3900000.0,
        "Restructuring And Mergern Acquisition": 3900000.0,
        "Net Non Operating Interest Income Expense": -32300000.0,
        "Interest Expense Non Operating": 32300000.0,
        "Operating Income": 203000000.0,
        "Operating Expense": 338000000.0,
        "Depreciation Amortization Depletion Income Statement": 18300000.0,
        "Depreciation And Amortization In Income Statement": 18300000.0,
        "Amortization": 18300000.0,
        "Amortization Of Intangibles Income Statement": 18300000.0,
        "Selling General And Administration": 319700000.0,
        "Gross Profit": 541000000.0,
        "Cost Of Revenue": 699000000.0,
        "Total Revenue": 1240000000.0,
        "Operating Revenue": 1240000000.0
    },
    "2024-09-30": {
        "Tax Effect Of Unusual Items": -1672400.0,
        "Tax Rate For Calcs": 0.226,
        "Normalized EBITDA": 260000000.0,
        "Total Unusual Items": -7400000.0,
        "Total Unusual Items Excluding Goodwill": -7400000.0,
        "Net Income From Continuing Operation Net Minority Interest": 136600000.0,
        "Reconciled Depreciation": 45900000.0,
        "Reconciled Cost Of Revenue": 598700000.0,
        "EBITDA": 252600000.0,
        "EBIT": 206700000.0,
        "Net Interest Income": -30200000.0,
        "Interest Expense": 30200000.0,
        "Normalized Income": 142327600.0,
        "Net Income From Continuing And Discontinued Operation": 136600000.0,
        "Total Expenses": 942800000.0,
        "Total Operating Income As Reported": 205100000.0,
        "Diluted Average Shares": 125100000.0,
        "Basic Average Shares": 124200000.0,
        "Diluted EPS": 1.09,
        "Basic EPS": 1.1,
        "Diluted NI Availto Com Stockholders": 136600000.0,
        "Net Income Common Stockholders": 136600000.0,
        "Net Income": 136600000.0,
        "Net Income Including Noncontrolling Interests": 136600000.0,
        "Net Income Discontinuous Operations": 0.0,
        "Net Income Continuous Operations": 136600000.0,
        "Tax Provision": 39900000.0,
        "Pretax Income": 176500000.0,
        "Other Income Expense": -5800000.0,
        "Other Non Operating Income Expenses": 1600000.0,
        "Special Income Charges": -7400000.0,
        "Restructuring And Mergern Acquisition": 7400000.0,
        "Net Non Operating Interest Income Expense": -30200000.0,
        "Interest Expense Non Operating": 30200000.0,
        "Operating Income": 212500000.0,
        "Operating Expense": 317300000.0,
        "Depreciation Amortization Depletion Income Statement": 19100000.0,
        "Depreciation And Amortization In Income Statement": 19100000.0,
        "Amortization": 19100000.0,
        "Amortization Of Intangibles Income Statement": 19100000.0,
        "Selling General And Administration": 298200000.0,
        "Gross Profit": 529800000.0,
        "Cost Of Revenue": 625500000.0,
        "Total Revenue": 1155300000.0,
        "Operating Revenue": 1155300000.0
    }
}