{
    "2023-06-30": {
        "Tax Effect Of Unusual Items": NaN,
        "Tax Rate For Calcs": NaN,
        "Total Unusual Items": NaN,
        "Total Unusual Items Excluding Goodwill": NaN,
        "Net Income From Continuing Operation Net Minority Interest": NaN,
        "Reconciled Depreciation": NaN,
        "Net Interest Income": NaN,
        "Interest Expense": NaN,
        "Interest Income": NaN,
        "Normalized Income": NaN,
        "Net Income From Continuing And Discontinued Operation": NaN,
        "Diluted Average Shares": NaN,
        "Basic Average Shares": NaN,
        "Diluted EPS": NaN,
        "Basic EPS": NaN,
        "Diluted NI Availto Com Stockholders": NaN,
        "Net Income Common Stockholders": NaN,
        "Net Income": NaN,
        "Minority Interests": NaN,
        "Net Income Including Noncontrolling Interests": NaN,
        "Net Income Continuous Operations": NaN,
        "Tax Provision": NaN,
        "Pretax Income": NaN,
        "Special Income Charges": 0.0,
        "Gain On Sale Of Security": NaN,
        "Depreciation Amortization Depletion Income Statement": NaN,
        "Depreciation And Amortization In Income Statement": NaN,
        "Amortization": NaN,
        "Amortization Of Intangibles Income Statement": NaN,
        "Selling General And Administration": NaN,
        "Selling And Marketing Expense": NaN,
        "General And Administrative Expense": NaN,
        "Salaries And Wages": NaN,
        "Total Revenue": NaN,
        "Operating Revenue": NaN,
        "Occupancy And Equipment": NaN,
        "Professional Expense And Contract Services Expense": NaN,
        "Other Non Interest Expense": NaN
    },
    "2023-03-31": {
        "Tax Effect Of Unusual Items": -38430.0,
        "Tax Rate For Calcs": 0.21,
        "Total Unusual Items": -183000.0,
        "Total Unusual Items Excluding Goodwill": -183000.0,
        "Net Income From Continuing Operation Net Minority Interest": 36381000.0,
        "Reconciled Depreciation": 3218000.0,
        "Net Interest Income": 103660000.0,
        "Interest Expense": 55820000.0,
        "Interest Income": 159480000.0,
        "Normalized Income": 36525570.0,
        "Net Income From Continuing And Discontinued Operation": 36381000.0,
        "Diluted Average Shares": 46765154.0,
        "Basic Average Shares": 46679618.0,
        "Diluted EPS": 0.78,
        "Basic EPS": 0.78,
        "Diluted NI Availto Com Stockholders": 36381000.0,
        "Net Income Common Stockholders": 36381000.0,
        "Net Income": 36381000.0,
        "Minority Interests": 0.0,
        "Net Income Including Noncontrolling Interests": 36381000.0,
        "Net Income Continuous Operations": 36381000.0,
        "Tax Provision": 9697000.0,
        "Pretax Income": 46078000.0,
        "Special Income Charges": NaN,
        "Gain On Sale Of Security": 69000.0,
        "Depreciation Amortization Depletion Income Statement": 990000.0,
        "Depreciation And Amortization In Income Statement": 990000.0,
        "Amortization": 990000.0,
        "Amortization Of Intangibles Income Statement": 990000.0,
        "Selling General And Administration": 50921000.0,
        "Selling And Marketing Expense": 2133000.0,
        "General And Administrative Expense": 48788000.0,
        "Salaries And Wages": 48788000.0,
        "Total Revenue": 127009000.0,
        "Operating Revenue": 127009000.0,
        "Occupancy And Equipment": 5909000.0,
        "Professional Expense And Contract Services Expense": 3108000.0,
        "Other Non Interest Expense": 19512000.0
    },
    "2022-12-31": {
        "Tax Effect Of Unusual Items": NaN,
        "Tax Rate For Calcs": NaN,
        "Total Unusual Items": NaN,
        "Total Unusual Items Excluding Goodwill": NaN,
        "Net Income From Continuing Operation Net Minority Interest": NaN,
        "Reconciled Depreciation": NaN,
        "Net Interest Income": NaN,
        "Interest Expense": NaN,
        "Interest Income": NaN,
        "Normalized Income": NaN,
        "Net Income From Continuing And Discontinued Operation": NaN,
        "Diluted Average Shares": NaN,
        "Basic Average Shares": NaN,
        "Diluted EPS": NaN,
        "Basic EPS": NaN,
        "Diluted NI Availto Com Stockholders": NaN,
        "Net Income Common Stockholders": NaN,
        "Net Income": NaN,
        "Minority Interests": NaN,
        "Net Income Including Noncontrolling Interests": NaN,
        "Net Income Continuous Operations": NaN,
        "Tax Provision": NaN,
        "Pretax Income": NaN,
        "Special Income Charges": 0.0,
        "Gain On Sale Of Security": NaN,
        "Depreciation Amortization Depletion Income Statement": NaN,
        "Depreciation And Amortization In Income Statement": NaN,
        "Amortization": NaN,
        "Amortization Of Intangibles Income Statement": NaN,
        "Selling General And Administration": NaN,
        "Selling And Marketing Expense": NaN,
        "General And Administrative Expense": NaN,
        "Salaries And Wages": NaN,
        "Total Revenue": NaN,
        "Operating Revenue": NaN,
        "Occupancy And Equipment": NaN,
        "Professional Expense And Contract Services Expense": NaN,
        "Other Non Interest Expense": NaN
    },
    "2022-09-30": {
        "Tax Effect Of Unusual Items": NaN,
        "Tax Rate For Calcs": NaN,
        "Total Unusual Items": NaN,
        "Total Unusual Items Excluding Goodwill": NaN,
        "Net Income From Continuing Operation Net Minority Interest": NaN,
        "Reconciled Depreciation": NaN,
        "Net Interest Income": NaN,
        "Interest Expense": NaN,
        "Interest Income": NaN,
        "Normalized Income": NaN,
        "Net Income From Continuing And Discontinued Operation": NaN,
        "Diluted Average Shares": NaN,
        "Basic Average Shares": NaN,
        "Diluted EPS": NaN,
        "Basic EPS": NaN,
        "Diluted NI Availto Com Stockholders": NaN,
        "Net Income Common Stockholders": NaN,
        "Net Income": NaN,
        "Minority Interests": NaN,
        "Net Income Including Noncontrolling Interests": NaN,
        "Net Income Continuous Operations": NaN,
        "Tax Provision": NaN,
        "Pretax Income": NaN,
        "Special Income Charges": 0.0,
        "Gain On Sale Of Security": NaN,
        "Depreciation Amortization Depletion Income Statement": NaN,
        "Depreciation And Amortization In Income Statement": NaN,
        "Amortization": NaN,
        "Amortization Of Intangibles Income Statement": NaN,
        "Selling General And Administration": NaN,
        "Selling And Marketing Expense": NaN,
        "General And Administrative Expense": NaN,
        "Salaries And Wages": NaN,
        "Total Revenue": NaN,
        "Operating Revenue": NaN
    },
    "2022-06-30": {
        "Tax Effect Of Unusual Items": -3216228.0,
        "Tax Rate For Calcs": 0.258,
        "Total Unusual Items": -12466000.0,
        "Total Unusual Items Excluding Goodwill": -12466000.0,
        "Net Income From Continuing Operation Net Minority Interest": 19345000.0,
        "Reconciled Depreciation": 1194000.0,
        "Net Interest Income": 102171000.0,
        "Interest Expense": 8043000.0,
        "Interest Income": 110214000.0,
        "Normalized Income": 28594772.0,
        "Net Income From Continuing And Discontinued Operation": 19345000.0,
        "Diluted Average Shares": 47211650.0,
        "Basic Average Shares": 47111055.0,
        "Diluted EPS": 0.41,
        "Basic EPS": 0.41,
        "Diluted NI Availto Com Stockholders": 19345000.0,
        "Net Income Common Stockholders": 19345000.0,
        "Net Income": 19345000.0,
        "Minority Interests": -8000.0,
        "Net Income Including Noncontrolling Interests": 19353000.0,
        "Net Income Continuous Operations": 19353000.0,
        "Tax Provision": 6717000.0,
        "Pretax Income": 26070000.0,
        "Special Income Charges": -12458000.0,
        "Gain On Sale Of Security": -109000.0,
        "Depreciation Amortization Depletion Income Statement": 1194000.0,
        "Depreciation And Amortization In Income Statement": 1194000.0,
        "Amortization": 1194000.0,
        "Amortization Of Intangibles Income Statement": 1194000.0,
        "Selling General And Administration": 57212000.0,
        "Selling And Marketing Expense": 2031000.0,
        "General And Administrative Expense": 55181000.0,
        "Other Gand A": 2404000.0,
        "Salaries And Wages": 55181000.0,
        "Total Revenue": 135385000.0,
        "Operating Revenue": 135385000.0
    },
    "2022-03-31": {
        "Diluted EPS": 0.74,
        "Total Revenue": 137,
        "Gross Profit": 130,
        "Operating Income": 45,
        "EBIT": NaN,
        "Net Income": 35
    },
    "2021-12-31": {
        "Diluted EPS": 1.03,
        "Total Revenue": 150,
        "Gross Profit": 143,
        "Operating Income": 63,
        "EBIT": NaN,
        "Net Income": 49
    },
    "2021-09-30": {
        "Diluted EPS": 0.94,
        "Total Revenue": 156,
        "Gross Profit": 147,
        "Operating Income": 55,
        "EBIT": NaN,
        "Net Income": 45
    },
    "2021-06-30": {
        "Diluted EPS": 0.9,
        "Total Revenue": 146,
        "Gross Profit": 136,
        "Operating Income": 57,
        "EBIT": NaN,
        "Net Income": 43
    },
    "2021-03-31": {
        "Diluted EPS": 1.1,
        "Total Revenue": 162,
        "Gross Profit": 149,
        "Operating Income": 68,
        "EBIT": NaN,
        "Net Income": 53
    },
    "2020-12-31": {
        "Diluted EPS": 1.09,
        "Total Revenue": 179,
        "Gross Profit": 166,
        "Operating Income": 68,
        "EBIT": NaN,
        "Net Income": 46
    },
    "2020-09-30": {
        "Diluted EPS": -0.14,
        "Total Revenue": 178,
        "Gross Profit": 166,
        "Operating Income": 13,
        "EBIT": NaN,
        "Net Income": -6
    },
    "2020-06-30": {
        "Diluted EPS": 0.7,
        "Total Revenue": 147,
        "Gross Profit": 137,
        "Operating Income": 32,
        "EBIT": NaN,
        "Net Income": 23
    },
    "2020-03-31": {
        "Diluted EPS": 0.02,
        "Total Revenue": 112,
        "Gross Profit": 99,
        "Operating Income": 4,
        "EBIT": NaN,
        "Net Income": 1
    },
    "2019-12-31": {
        "Diluted EPS": 0.68,
        "Total Revenue": 107,
        "Gross Profit": 93,
        "Operating Income": 28,
        "EBIT": NaN,
        "Net Income": 21
    },
    "2019-09-30": {
        "Diluted EPS": 0.76,
        "Total Revenue": 111,
        "Gross Profit": 96,
        "Operating Income": 32,
        "EBIT": NaN,
        "Net Income": 24
    },
    "2019-06-30": {
        "Diluted EPS": 0.59,
        "Total Revenue": 105,
        "Gross Profit": 90,
        "Operating Income": 29,
        "EBIT": NaN,
        "Net Income": 19
    },
    "2019-03-31": {
        "Diluted EPS": 0.62,
        "Total Revenue": 95,
        "Gross Profit": 82,
        "Operating Income": 26,
        "EBIT": NaN,
        "Net Income": 19
    },
    "2018-12-31": {
        "Diluted EPS": 0.54,
        "Total Revenue": 90,
        "Gross Profit": 79,
        "Operating Income": 23,
        "EBIT": NaN,
        "Net Income": 17
    },
    "2018-09-30": {
        "Diluted EPS": 0.68,
        "Total Revenue": 97,
        "Gross Profit": 87,
        "Operating Income": 28,
        "EBIT": NaN,
        "Net Income": 21
    },
    "2018-06-30": {
        "Diluted EPS": 0.7,
        "Total Revenue": 95,
        "Gross Profit": 87,
        "Operating Income": 30,
        "EBIT": NaN,
        "Net Income": 22
    },
    "2018-03-31": {
        "Diluted EPS": 0.63,
        "Total Revenue": 88,
        "Gross Profit": 82,
        "Operating Income": 26,
        "EBIT": NaN,
        "Net Income": 20
    },
    "2017-12-31": {
        "Diluted EPS": 0.76,
        "Total Revenue": 92,
        "Gross Profit": 86,
        "Operating Income": 30,
        "EBIT": NaN,
        "Net Income": 23
    },
    "2017-09-30": {
        "Diluted EPS": 0.27,
        "Total Revenue": 86,
        "Gross Profit": 81,
        "Operating Income": 29,
        "EBIT": NaN,
        "Net Income": 8
    },
    "2017-06-30": {
        "Diluted EPS": 0.43,
        "Total Revenue": 69,
        "Gross Profit": 66,
        "Operating Income": 19,
        "EBIT": NaN,
        "Net Income": 11
    },
    "2017-03-31": {
        "Diluted EPS": 0.4,
        "Total Revenue": 64,
        "Gross Profit": 61,
        "Operating Income": 16,
        "EBIT": NaN,
        "Net Income": 10
    },
    "2016-12-31": {
        "Diluted EPS": 0.26,
        "Total Revenue": 63,
        "Gross Profit": 60,
        "Operating Income": 10,
        "EBIT": NaN,
        "Net Income": 9
    },
    "2016-09-30": {
        "Diluted EPS": 0.07,
        "Total Revenue": 74,
        "Gross Profit": 72,
        "Operating Income": 20,
        "EBIT": NaN,
        "Net Income": 1
    },
    "2016-06-30": {
        "Diluted EPS": 0.92,
        "Total Revenue": 69,
        "Gross Profit": 67,
        "Operating Income": 23,
        "EBIT": NaN,
        "Net Income": 16
    },
    "2016-03-31": {
        "Diluted EPS": 0.85,
        "Total Revenue": 59,
        "Gross Profit": 57,
        "Operating Income": 17,
        "EBIT": NaN,
        "Net Income": 15
    },
    "2015-12-31": {
        "Diluted EPS": 0.0,
        "Total Revenue": NaN,
        "Gross Profit": NaN,
        "Operating Income": NaN,
        "EBIT": NaN,
        "Net Income": NaN
    },
    "2015-09-30": {
        "Diluted EPS": 0.93,
        "Total Revenue": 53,
        "Gross Profit": 51,
        "Operating Income": 17,
        "EBIT": NaN,
        "Net Income": 16
    },
    "2014-12-31": {
        "Diluted EPS": 0.0,
        "Total Revenue": NaN,
        "Gross Profit": NaN,
        "Operating Income": NaN,
        "EBIT": NaN,
        "Net Income": NaN
    },
    "2013-12-31": {
        "Diluted EPS": 0.0,
        "Total Revenue": NaN,
        "Gross Profit": NaN,
        "Operating Income": NaN,
        "EBIT": NaN,
        "Net Income": NaN
    },
    "2023-09-30": {
        "Tax Effect Of Unusual Items": NaN,
        "Tax Rate For Calcs": NaN,
        "Total Unusual Items": NaN,
        "Total Unusual Items Excluding Goodwill": NaN,
        "Net Income From Continuing Operation Net Minority Interest": NaN,
        "Reconciled Depreciation": NaN,
        "Net Interest Income": NaN,
        "Interest Expense": NaN,
        "Interest Income": NaN,
        "Normalized Income": NaN,
        "Net Income From Continuing And Discontinued Operation": NaN,
        "Diluted Average Shares": NaN,
        "Basic Average Shares": NaN,
        "Diluted EPS": NaN,
        "Basic EPS": NaN,
        "Diluted NI Availto Com Stockholders": NaN,
        "Net Income Common Stockholders": NaN,
        "Net Income": NaN,
        "Minority Interests": NaN,
        "Net Income Including Noncontrolling Interests": NaN,
        "Net Income Continuous Operations": NaN,
        "Tax Provision": NaN,
        "Pretax Income": NaN,
        "Special Income Charges": 0.0,
        "Other Special Charges": NaN,
        "Restructuring And Mergern Acquisition": NaN,
        "Gain On Sale Of Security": NaN,
        "Depreciation Amortization Depletion Income Statement": NaN,
        "Depreciation And Amortization In Income Statement": NaN,
        "Amortization": NaN,
        "Amortization Of Intangibles Income Statement": NaN,
        "Selling General And Administration": NaN,
        "Selling And Marketing Expense": NaN,
        "General And Administrative Expense": NaN,
        "Salaries And Wages": NaN,
        "Total Revenue": NaN,
        "Operating Revenue": NaN,
        "Occupancy And Equipment": NaN,
        "Professional Expense And Contract Services Expense": NaN,
        "Other Non Interest Expense": NaN
    },
    "2023-12-31": {
        "Tax Effect Of Unusual Items": NaN,
        "Tax Rate For Calcs": NaN,
        "Total Unusual Items": NaN,
        "Total Unusual Items Excluding Goodwill": NaN,
        "Net Income From Continuing Operation Net Minority Interest": NaN,
        "Reconciled Depreciation": NaN,
        "Net Interest Income": NaN,
        "Interest Expense": NaN,
        "Interest Income": NaN,
        "Normalized Income": NaN,
        "Net Income From Continuing And Discontinued Operation": NaN,
        "Diluted Average Shares": NaN,
        "Basic Average Shares": NaN,
        "Diluted EPS": NaN,
        "Basic EPS": NaN,
        "Diluted NI Availto Com Stockholders": NaN,
        "Net Income Common Stockholders": NaN,
        "Net Income": NaN,
        "Minority Interests": NaN,
        "Net Income Including Noncontrolling Interests": NaN,
        "Net Income Continuous Operations": NaN,
        "Tax Provision": NaN,
        "Pretax Income": NaN,
        "Special Income Charges": 0.0,
        "Other Special Charges": NaN,
        "Restructuring And Mergern Acquisition": NaN,
        "Gain On Sale Of Security": NaN,
        "Depreciation Amortization Depletion Income Statement": NaN,
        "Depreciation And Amortization In Income Statement": NaN,
        "Amortization": NaN,
        "Amortization Of Intangibles Income Statement": NaN,
        "Selling General And Administration": NaN,
        "Selling And Marketing Expense": NaN,
        "General And Administrative Expense": NaN,
        "Salaries And Wages": NaN,
        "Total Revenue": NaN,
        "Operating Revenue": NaN,
        "Occupancy And Equipment": NaN,
        "Professional Expense And Contract Services Expense": NaN,
        "Other Non Interest Expense": NaN
    },
    "2024-03-31": {
        "Tax Effect Of Unusual Items": NaN,
        "Tax Rate For Calcs": NaN,
        "Total Unusual Items": NaN,
        "Total Unusual Items Excluding Goodwill": NaN,
        "Net Income From Continuing Operation Net Minority Interest": NaN,
        "Reconciled Depreciation": NaN,
        "Net Interest Income": NaN,
        "Interest Expense": NaN,
        "Interest Income": NaN,
        "Normalized Income": NaN,
        "Net Income From Continuing And Discontinued Operation": NaN,
        "Diluted Average Shares": NaN,
        "Basic Average Shares": NaN,
        "Diluted EPS": NaN,
        "Basic EPS": NaN,
        "Diluted NI Availto Com Stockholders": NaN,
        "Net Income Common Stockholders": NaN,
        "Net Income": NaN,
        "Minority Interests": NaN,
        "Net Income Including Noncontrolling Interests": NaN,
        "Net Income Continuous Operations": NaN,
        "Tax Provision": NaN,
        "Pretax Income": NaN,
        "Special Income Charges": NaN,
        "Other Special Charges": -565000.0,
        "Restructuring And Mergern Acquisition": NaN,
        "Gain On Sale Of Security": NaN,
        "Depreciation Amortization Depletion Income Statement": NaN,
        "Depreciation And Amortization In Income Statement": NaN,
        "Amortization": NaN,
        "Amortization Of Intangibles Income Statement": NaN,
        "Selling General And Administration": NaN,
        "Selling And Marketing Expense": NaN,
        "General And Administrative Expense": NaN,
        "Salaries And Wages": NaN,
        "Total Revenue": NaN,
        "Operating Revenue": NaN,
        "Occupancy And Equipment": NaN,
        "Professional Expense And Contract Services Expense": NaN,
        "Other Non Interest Expense": NaN
    },
    "2024-06-30": {
        "Tax Effect Of Unusual Items": NaN,
        "Tax Rate For Calcs": NaN,
        "Total Unusual Items": NaN,
        "Total Unusual Items Excluding Goodwill": NaN,
        "Net Income From Continuing Operation Net Minority Interest": NaN,
        "Reconciled Depreciation": NaN,
        "Net Interest Income": NaN,
        "Interest Expense": NaN,
        "Interest Income": NaN,
        "Normalized Income": NaN,
        "Net Income From Continuing And Discontinued Operation": NaN,
        "Diluted Average Shares": NaN,
        "Basic Average Shares": NaN,
        "Diluted EPS": NaN,
        "Basic EPS": NaN,
        "Diluted NI Availto Com Stockholders": NaN,
        "Net Income Common Stockholders": NaN,
        "Net Income": NaN,
        "Minority Interests": NaN,
        "Net Income Including Noncontrolling Interests": NaN,
        "Net Income Continuous Operations": NaN,
        "Tax Provision": NaN,
        "Pretax Income": NaN,
        "Special Income Charges": 0.0,
        "Other Special Charges": NaN,
        "Restructuring And Mergern Acquisition": 0.0,
        "Gain On Sale Of Security": NaN,
        "Depreciation Amortization Depletion Income Statement": NaN,
        "Depreciation And Amortization In Income Statement": NaN,
        "Amortization": NaN,
        "Amortization Of Intangibles Income Statement": NaN,
        "Selling General And Administration": NaN,
        "Selling And Marketing Expense": NaN,
        "General And Administrative Expense": NaN,
        "Salaries And Wages": NaN,
        "Total Revenue": NaN,
        "Operating Revenue": NaN,
        "Occupancy And Equipment": NaN,
        "Professional Expense And Contract Services Expense": NaN,
        "Other Non Interest Expense": NaN
    },
    "2024-09-30": {
        "Tax Effect Of Unusual Items": -29767.0,
        "Tax Rate For Calcs": 0.103,
        "Total Unusual Items": -289000.0,
        "Total Unusual Items Excluding Goodwill": -289000.0,
        "Net Income From Continuing Operation Net Minority Interest": 10220000.0,
        "Reconciled Depreciation": 3974000.0,
        "Net Interest Income": 106017000.0,
        "Interest Expense": 79611000.0,
        "Interest Income": 185628000.0,
        "Normalized Income": 10479233.0,
        "Net Income From Continuing And Discontinued Operation": 10220000.0,
        "Diluted Average Shares": NaN,
        "Basic Average Shares": NaN,
        "Diluted EPS": NaN,
        "Basic EPS": NaN,
        "Diluted NI Availto Com Stockholders": 10220000.0,
        "Net Income Common Stockholders": 10220000.0,
        "Net Income": 10220000.0,
        "Minority Interests": 0.0,
        "Net Income Including Noncontrolling Interests": 10220000.0,
        "Net Income Continuous Operations": 10220000.0,
        "Tax Provision": 1174000.0,
        "Pretax Income": 11394000.0,
        "Special Income Charges": 0.0,
        "Other Special Charges": NaN,
        "Restructuring And Mergern Acquisition": 0.0,
        "Gain On Sale Of Security": -40165000.0,
        "Depreciation Amortization Depletion Income Statement": 719000.0,
        "Depreciation And Amortization In Income Statement": 719000.0,
        "Amortization": 719000.0,
        "Amortization Of Intangibles Income Statement": 719000.0,
        "Selling General And Administration": 49485000.0,
        "Selling And Marketing Expense": 1947000.0,
        "General And Administrative Expense": 47538000.0,
        "Salaries And Wages": 47538000.0,
        "Total Revenue": 89520000.0,
        "Operating Revenue": 89520000.0,
        "Occupancy And Equipment": 6640000.0,
        "Professional Expense And Contract Services Expense": 1900000.0,
        "Other Non Interest Expense": 17468000.0
    },
    "2024-12-31": {
        "Tax Effect Of Unusual Items": -527386.51237,
        "Tax Rate For Calcs": 0.243935,
        "Total Unusual Items": -2162000.0,
        "Total Unusual Items Excluding Goodwill": -2162000.0,
        "Net Income From Continuing Operation Net Minority Interest": 37886000.0,
        "Reconciled Depreciation": 3696000.0,
        "Net Interest Income": 108381000.0,
        "Interest Expense": 77988000.0,
        "Interest Income": 186369000.0,
        "Normalized Income": 39520613.48763,
        "Net Income From Continuing And Discontinued Operation": 37886000.0,
        "Diluted Average Shares": 46862935.0,
        "Basic Average Shares": 46662772.0,
        "Diluted EPS": 0.81,
        "Basic EPS": 0.81,
        "Diluted NI Availto Com Stockholders": 37886000.0,
        "Net Income Common Stockholders": 37886000.0,
        "Net Income": 37886000.0,
        "Minority Interests": -8000.0,
        "Net Income Including Noncontrolling Interests": 37894000.0,
        "Net Income Continuous Operations": 37894000.0,
        "Tax Provision": 12226000.0,
        "Pretax Income": 50120000.0,
        "Special Income Charges": NaN,
        "Other Special Charges": NaN,
        "Restructuring And Mergern Acquisition": NaN,
        "Gain On Sale Of Security": 0.0,
        "Depreciation Amortization Depletion Income Statement": 687000.0,
        "Depreciation And Amortization In Income Statement": 687000.0,
        "Amortization": 687000.0,
        "Amortization Of Intangibles Income Statement": 687000.0,
        "Selling General And Administration": 47462000.0,
        "Selling And Marketing Expense": 2030000.0,
        "General And Administrative Expense": 45432000.0,
        "Salaries And Wages": 45432000.0,
        "Total Revenue": 130378000.0,
        "Operating Revenue": 130378000.0,
        "Occupancy And Equipment": 6668000.0,
        "Professional Expense And Contract Services Expense": 1881000.0,
        "Other Non Interest Expense": 16476000.0
    },
    "2025-03-31": {
        "Tax Effect Of Unusual Items": -199044.0,
        "Tax Rate For Calcs": 0.194,
        "Total Unusual Items": -1026000.0,
        "Total Unusual Items Excluding Goodwill": -1026000.0,
        "Net Income From Continuing Operation Net Minority Interest": 39361000.0,
        "Reconciled Depreciation": 3423000.0,
        "Net Interest Income": 107641000.0,
        "Interest Expense": 72065000.0,
        "Interest Income": 179706000.0,
        "Normalized Income": 40187956.0,
        "Net Income From Continuing And Discontinued Operation": 39361000.0,
        "Diluted Average Shares": 47024211.0,
        "Basic Average Shares": 46674698.0,
        "Diluted EPS": 0.84,
        "Basic EPS": 0.84,
        "Diluted NI Availto Com Stockholders": 39361000.0,
        "Net Income Common Stockholders": 39361000.0,
        "Net Income": 39361000.0,
        "Minority Interests": 0.0,
        "Net Income Including Noncontrolling Interests": 39361000.0,
        "Net Income Continuous Operations": 39361000.0,
        "Tax Provision": 9471000.0,
        "Pretax Income": 48832000.0,
        "Special Income Charges": -401000.0,
        "Other Special Charges": 625000.0,
        "Restructuring And Mergern Acquisition": 401000.0,
        "Gain On Sale Of Security": 16000.0,
        "Depreciation Amortization Depletion Income Statement": 656000.0,
        "Depreciation And Amortization In Income Statement": 656000.0,
        "Amortization": 656000.0,
        "Amortization Of Intangibles Income Statement": 656000.0,
        "Selling General And Administration": 50838000.0,
        "Selling And Marketing Expense": 2487000.0,
        "General And Administrative Expense": 48351000.0,
        "Salaries And Wages": 48351000.0,
        "Total Revenue": 130673000.0,
        "Operating Revenue": 130673000.0,
        "Occupancy And Equipment": 6597000.0,
        "Professional Expense And Contract Services Expense": 1992000.0,
        "Other Non Interest Expense": 19065000.0
    },
    "2025-06-30": {
        "Tax Effect Of Unusual Items": -524580.0,
        "Tax Rate For Calcs": 0.21,
        "Total Unusual Items": -2498000.0,
        "Total Unusual Items Excluding Goodwill": -2498000.0,
        "Net Income From Continuing Operation Net Minority Interest": 2909000.0,
        "Reconciled Depreciation": 3499000.0,
        "Net Interest Income": 111415000.0,
        "Interest Expense": 70669000.0,
        "Interest Income": 182084000.0,
        "Normalized Income": 4882420.0,
        "Net Income From Continuing And Discontinued Operation": 2909000.0,
        "Diluted Average Shares": 46179090.0,
        "Basic Average Shares": 45946428.0,
        "Diluted EPS": 0.06,
        "Basic EPS": 0.06,
        "Diluted NI Availto Com Stockholders": 2909000.0,
        "Net Income Common Stockholders": 2909000.0,
        "Net Income": 2909000.0,
        "Minority Interests": -8000.0,
        "Net Income Including Noncontrolling Interests": 2917000.0,
        "Net Income Continuous Operations": 2917000.0,
        "Tax Provision": -12652000.0,
        "Pretax Income": -9735000.0,
        "Special Income Charges": -2734000.0,
        "Other Special Charges": NaN,
        "Restructuring And Mergern Acquisition": 2734000.0,
        "Gain On Sale Of Security": -60549000.0,
        "Depreciation Amortization Depletion Income Statement": 631000.0,
        "Depreciation And Amortization In Income Statement": 631000.0,
        "Amortization": 631000.0,
        "Amortization Of Intangibles Income Statement": 631000.0,
        "Selling General And Administration": 48809000.0,
        "Selling And Marketing Expense": 2178000.0,
        "General And Administrative Expense": 46631000.0,
        "Salaries And Wages": 46631000.0,
        "Total Revenue": 76863000.0,
        "Operating Revenue": 76863000.0,
        "Occupancy And Equipment": 6710000.0,
        "Professional Expense And Contract Services Expense": 2426000.0,
        "Other Non Interest Expense": 19951000.0
    },
    "2025-09-30": {
        "Tax Effect Of Unusual Items": -3507630.0,
        "Tax Rate For Calcs": 0.21,
        "Total Unusual Items": -16703000.0,
        "Total Unusual Items Excluding Goodwill": -16703000.0,
        "Net Income From Continuing Operation Net Minority Interest": 23375000.0,
        "Reconciled Depreciation": 5264000.0,
        "Net Interest Income": 147240000.0,
        "Interest Expense": 89658000.0,
        "Interest Income": 236898000.0,
        "Normalized Income": 36570370.0,
        "Net Income From Continuing And Discontinued Operation": 23375000.0,
        "Diluted Average Shares": 53957062.0,
        "Basic Average Shares": 53456522.0,
        "Diluted EPS": 0.43,
        "Basic EPS": 0.437271,
        "Diluted NI Availto Com Stockholders": 23375000.0,
        "Net Income Common Stockholders": 23375000.0,
        "Net Income": 23375000.0,
        "Minority Interests": 0.0,
        "Net Income Including Noncontrolling Interests": 23375000.0,
        "Net Income Continuous Operations": 23375000.0,
        "Tax Provision": 6227000.0,
        "Pretax Income": 29602000.0,
        "Special Income Charges": -16057000.0,
        "Other Special Charges": NaN,
        "Restructuring And Mergern Acquisition": 16057000.0,
        "Gain On Sale Of Security": 12000.0,
        "Depreciation Amortization Depletion Income Statement": 2079000.0,
        "Depreciation And Amortization In Income Statement": 2079000.0,
        "Amortization": 2079000.0,
        "Amortization Of Intangibles Income Statement": 2079000.0,
        "Selling General And Administration": 61663000.0,
        "Selling And Marketing Expense": 2453000.0,
        "General And Administrative Expense": 59210000.0,
        "Salaries And Wages": 59210000.0,
        "Total Revenue": 173875000.0,
        "Operating Revenue": 173875000.0,
        "Occupancy And Equipment": 7539000.0,
        "Professional Expense And Contract Services Expense": 1227000.0,
        "Other Non Interest Expense": 21291000.0
    },
    "2025-12-31": {
        "Tax Effect Of Unusual Items": NaN,
        "Tax Rate For Calcs": NaN,
        "Total Unusual Items": NaN,
        "Total Unusual Items Excluding Goodwill": NaN,
        "Net Income From Continuing Operation Net Minority Interest": NaN,
        "Reconciled Depreciation": NaN,
        "Net Interest Income": NaN,
        "Interest Expense": NaN,
        "Interest Income": NaN,
        "Normalized Income": NaN,
        "Net Income From Continuing And Discontinued Operation": NaN,
        "Diluted Average Shares": 53074753.0,
        "Basic Average Shares": 52621950.0,
        "Diluted EPS": 1.07,
        "Basic EPS": 1.08,
        "Diluted NI Availto Com Stockholders": NaN,
        "Net Income Common Stockholders": NaN,
        "Net Income": NaN,
        "Minority Interests": NaN,
        "Net Income Including Noncontrolling Interests": NaN,
        "Net Income Continuous Operations": NaN,
        "Tax Provision": NaN,
        "Pretax Income": NaN,
        "Special Income Charges": NaN,
        "Other Special Charges": NaN,
        "Restructuring And Mergern Acquisition": NaN,
        "Gain On Sale Of Security": NaN,
        "Depreciation Amortization Depletion Income Statement": NaN,
        "Depreciation And Amortization In Income Statement": NaN,
        "Amortization": NaN,
        "Amortization Of Intangibles Income Statement": NaN,
        "Selling General And Administration": NaN,
        "Selling And Marketing Expense": NaN,
        "General And Administrative Expense": NaN,
        "Salaries And Wages": NaN,
        "Total Revenue": NaN,
        "Operating Revenue": NaN,
        "Occupancy And Equipment": NaN,
        "Professional Expense And Contract Services Expense": NaN,
        "Other Non Interest Expense": NaN
    }
}