{
    "2023-06-30": {
        "Tax Effect Of Unusual Items": NaN,
        "Tax Rate For Calcs": NaN,
        "Total Unusual Items": NaN,
        "Total Unusual Items Excluding Goodwill": NaN,
        "Net Income From Continuing Operation Net Minority Interest": NaN,
        "Reconciled Depreciation": NaN,
        "Net Interest Income": NaN,
        "Interest Expense": NaN,
        "Interest Income": NaN,
        "Normalized Income": NaN,
        "Net Income From Continuing And Discontinued Operation": NaN,
        "Diluted Average Shares": NaN,
        "Basic Average Shares": NaN,
        "Diluted EPS": NaN,
        "Basic EPS": NaN,
        "Diluted NI Availto Com Stockholders": NaN,
        "Net Income Common Stockholders": NaN,
        "Net Income": NaN,
        "Net Income Including Noncontrolling Interests": NaN,
        "Net Income Continuous Operations": NaN,
        "Tax Provision": NaN,
        "Pretax Income": NaN,
        "Special Income Charges": NaN,
        "Other Special Charges": NaN,
        "Restructuring And Mergern Acquisition": NaN,
        "Gain On Sale Of Security": NaN,
        "Depreciation Amortization Depletion Income Statement": 2391000.0,
        "Depreciation And Amortization In Income Statement": 2391000.0,
        "Amortization": 2391000.0,
        "Amortization Of Intangibles Income Statement": 2391000.0,
        "Selling General And Administration": NaN,
        "Selling And Marketing Expense": NaN,
        "General And Administrative Expense": NaN,
        "Insurance And Claims": NaN,
        "Salaries And Wages": NaN,
        "Total Revenue": NaN,
        "Operating Revenue": NaN,
        "Occupancy And Equipment": NaN,
        "Professional Expense And Contract Services Expense": NaN,
        "Other Non Interest Expense": NaN
    },
    "2023-03-31": {
        "Tax Effect Of Unusual Items": NaN,
        "Tax Rate For Calcs": NaN,
        "Total Unusual Items": NaN,
        "Total Unusual Items Excluding Goodwill": NaN,
        "Net Income From Continuing Operation Net Minority Interest": NaN,
        "Reconciled Depreciation": NaN,
        "Net Interest Income": NaN,
        "Interest Expense": NaN,
        "Interest Income": NaN,
        "Normalized Income": NaN,
        "Net Income From Continuing And Discontinued Operation": NaN,
        "Diluted Average Shares": NaN,
        "Basic Average Shares": NaN,
        "Diluted EPS": NaN,
        "Basic EPS": NaN,
        "Diluted NI Availto Com Stockholders": NaN,
        "Net Income Common Stockholders": NaN,
        "Net Income": NaN,
        "Net Income Including Noncontrolling Interests": NaN,
        "Net Income Continuous Operations": NaN,
        "Tax Provision": NaN,
        "Pretax Income": NaN,
        "Special Income Charges": NaN,
        "Other Special Charges": -662000.0,
        "Restructuring And Mergern Acquisition": NaN,
        "Gain On Sale Of Security": NaN,
        "Depreciation Amortization Depletion Income Statement": NaN,
        "Depreciation And Amortization In Income Statement": NaN,
        "Amortization": NaN,
        "Amortization Of Intangibles Income Statement": NaN,
        "Selling General And Administration": NaN,
        "Selling And Marketing Expense": NaN,
        "General And Administrative Expense": NaN,
        "Insurance And Claims": NaN,
        "Salaries And Wages": NaN,
        "Total Revenue": NaN,
        "Operating Revenue": NaN,
        "Occupancy And Equipment": NaN,
        "Professional Expense And Contract Services Expense": NaN,
        "Other Non Interest Expense": NaN
    },
    "2022-12-31": {
        "Tax Effect Of Unusual Items": NaN,
        "Tax Rate For Calcs": NaN,
        "Total Unusual Items": NaN,
        "Total Unusual Items Excluding Goodwill": NaN,
        "Net Income From Continuing Operation Net Minority Interest": NaN,
        "Reconciled Depreciation": NaN,
        "Net Interest Income": NaN,
        "Interest Expense": NaN,
        "Interest Income": NaN,
        "Normalized Income": NaN,
        "Net Income From Continuing And Discontinued Operation": NaN,
        "Diluted Average Shares": NaN,
        "Basic Average Shares": NaN,
        "Diluted EPS": NaN,
        "Basic EPS": NaN,
        "Diluted NI Availto Com Stockholders": NaN,
        "Net Income Common Stockholders": NaN,
        "Net Income": NaN,
        "Net Income Including Noncontrolling Interests": NaN,
        "Net Income Continuous Operations": NaN,
        "Tax Provision": NaN,
        "Pretax Income": NaN,
        "Special Income Charges": NaN,
        "Other Special Charges": -279000.0,
        "Restructuring And Mergern Acquisition": NaN,
        "Gain On Sale Of Security": NaN,
        "Depreciation Amortization Depletion Income Statement": NaN,
        "Depreciation And Amortization In Income Statement": NaN,
        "Amortization": NaN,
        "Amortization Of Intangibles Income Statement": NaN,
        "Selling General And Administration": NaN,
        "Selling And Marketing Expense": 135000.0,
        "General And Administrative Expense": NaN,
        "Insurance And Claims": 514000.0,
        "Salaries And Wages": NaN,
        "Total Revenue": NaN,
        "Operating Revenue": NaN,
        "Occupancy And Equipment": NaN,
        "Professional Expense And Contract Services Expense": 971000.0,
        "Other Non Interest Expense": NaN
    },
    "2022-09-30": {
        "Tax Effect Of Unusual Items": NaN,
        "Tax Rate For Calcs": NaN,
        "Total Unusual Items": NaN,
        "Total Unusual Items Excluding Goodwill": NaN,
        "Net Income From Continuing Operation Net Minority Interest": NaN,
        "Reconciled Depreciation": NaN,
        "Net Interest Income": NaN,
        "Interest Expense": NaN,
        "Interest Income": NaN,
        "Normalized Income": NaN,
        "Net Income From Continuing And Discontinued Operation": NaN,
        "Diluted Average Shares": NaN,
        "Basic Average Shares": NaN,
        "Diluted EPS": NaN,
        "Basic EPS": NaN,
        "Diluted NI Availto Com Stockholders": NaN,
        "Net Income Common Stockholders": NaN,
        "Net Income": NaN,
        "Net Income Including Noncontrolling Interests": NaN,
        "Net Income Continuous Operations": NaN,
        "Tax Provision": NaN,
        "Pretax Income": NaN,
        "Special Income Charges": NaN,
        "Other Special Charges": NaN,
        "Restructuring And Mergern Acquisition": NaN,
        "Gain On Sale Of Security": NaN,
        "Depreciation Amortization Depletion Income Statement": 1227000.0,
        "Depreciation And Amortization In Income Statement": 1227000.0,
        "Amortization": 1227000.0,
        "Amortization Of Intangibles Income Statement": 1227000.0,
        "Selling General And Administration": NaN,
        "Selling And Marketing Expense": 50000.0,
        "General And Administrative Expense": NaN,
        "Insurance And Claims": 496000.0,
        "Salaries And Wages": NaN,
        "Total Revenue": NaN,
        "Operating Revenue": NaN
    },
    "2022-06-30": {
        "Tax Effect Of Unusual Items": -181218.063509,
        "Tax Rate For Calcs": 0.179958,
        "Total Unusual Items": -1007000.0,
        "Total Unusual Items Excluding Goodwill": -1007000.0,
        "Net Income From Continuing Operation Net Minority Interest": 15753000.0,
        "Reconciled Depreciation": 1064000.0,
        "Net Interest Income": 42101000.0,
        "Interest Expense": 3746000.0,
        "Interest Income": 45847000.0,
        "Normalized Income": 16578781.936491,
        "Net Income From Continuing And Discontinued Operation": 15753000.0,
        "Diluted Average Shares": 20615928.0,
        "Basic Average Shares": 20507451.0,
        "Diluted EPS": 0.76,
        "Basic EPS": 0.77,
        "Diluted NI Availto Com Stockholders": 15753000.0,
        "Net Income Common Stockholders": 15753000.0,
        "Net Income": 15753000.0,
        "Net Income Including Noncontrolling Interests": 15753000.0,
        "Net Income Continuous Operations": 15753000.0,
        "Tax Provision": 3457000.0,
        "Pretax Income": 19210000.0,
        "Special Income Charges": -1007000.0,
        "Other Special Charges": 115000.0,
        "Restructuring And Mergern Acquisition": 1007000.0,
        "Gain On Sale Of Security": -80000.0,
        "Depreciation Amortization Depletion Income Statement": 1064000.0,
        "Depreciation And Amortization In Income Statement": 1064000.0,
        "Amortization": 1064000.0,
        "Amortization Of Intangibles Income Statement": 1064000.0,
        "Selling General And Administration": 17905000.0,
        "Selling And Marketing Expense": 122000.0,
        "General And Administrative Expense": 17783000.0,
        "Insurance And Claims": 546000.0,
        "Salaries And Wages": 17237000.0,
        "Total Revenue": 50600000.0,
        "Operating Revenue": 50600000.0
    },
    "2022-03-31": {
        "Diluted EPS": 0.81,
        "Total Revenue": 54,
        "Gross Profit": 50,
        "Operating Income": 22,
        "EBIT": NaN,
        "Net Income": 17
    },
    "2021-12-31": {
        "Diluted EPS": 0.74,
        "Total Revenue": 53,
        "Gross Profit": 49,
        "Operating Income": 22,
        "EBIT": NaN,
        "Net Income": 16
    },
    "2021-09-30": {
        "Diluted EPS": 0.76,
        "Total Revenue": 54,
        "Gross Profit": 50,
        "Operating Income": 21,
        "EBIT": NaN,
        "Net Income": 16
    },
    "2021-06-30": {
        "Diluted EPS": 0.74,
        "Total Revenue": 52,
        "Gross Profit": 47,
        "Operating Income": 19,
        "EBIT": NaN,
        "Net Income": 16
    },
    "2021-03-31": {
        "Diluted EPS": 0.79,
        "Total Revenue": 55,
        "Gross Profit": 49,
        "Operating Income": 21,
        "EBIT": NaN,
        "Net Income": 17
    },
    "2020-12-31": {
        "Diluted EPS": 0.74,
        "Total Revenue": 57,
        "Gross Profit": 50,
        "Operating Income": 20,
        "EBIT": NaN,
        "Net Income": 15
    },
    "2020-09-30": {
        "Diluted EPS": 0.55,
        "Total Revenue": 55,
        "Gross Profit": 49,
        "Operating Income": 15,
        "EBIT": NaN,
        "Net Income": 12
    },
    "2020-06-30": {
        "Diluted EPS": 0.79,
        "Total Revenue": 61,
        "Gross Profit": 55,
        "Operating Income": 21,
        "EBIT": NaN,
        "Net Income": 17
    },
    "2020-03-31": {
        "Diluted EPS": 0.44,
        "Total Revenue": 48,
        "Gross Profit": 41,
        "Operating Income": 11,
        "EBIT": NaN,
        "Net Income": 8
    },
    "2019-12-31": {
        "Diluted EPS": 0.67,
        "Total Revenue": 48,
        "Gross Profit": 41,
        "Operating Income": 18,
        "EBIT": NaN,
        "Net Income": 12
    },
    "2019-09-30": {
        "Diluted EPS": 0.71,
        "Total Revenue": 44,
        "Gross Profit": 38,
        "Operating Income": 16,
        "EBIT": NaN,
        "Net Income": 12
    },
    "2019-06-30": {
        "Diluted EPS": 0.69,
        "Total Revenue": 44,
        "Gross Profit": 37,
        "Operating Income": 16,
        "EBIT": NaN,
        "Net Income": 12
    },
    "2019-03-31": {
        "Diluted EPS": 0.48,
        "Total Revenue": 39,
        "Gross Profit": 33,
        "Operating Income": 13,
        "EBIT": NaN,
        "Net Income": 8
    },
    "2018-12-31": {
        "Diluted EPS": 0.49,
        "Total Revenue": 37,
        "Gross Profit": 32,
        "Operating Income": 14,
        "EBIT": NaN,
        "Net Income": 7
    },
    "2018-09-30": {
        "Diluted EPS": 0.39,
        "Total Revenue": 31,
        "Gross Profit": 27,
        "Operating Income": 11,
        "EBIT": NaN,
        "Net Income": 5
    },
    "2018-06-30": {
        "Diluted EPS": 0.4,
        "Total Revenue": 31,
        "Gross Profit": 27,
        "Operating Income": 11,
        "EBIT": NaN,
        "Net Income": 5
    },
    "2018-03-31": {
        "Diluted EPS": 0.34,
        "Total Revenue": 22,
        "Gross Profit": 20,
        "Operating Income": 7,
        "EBIT": NaN,
        "Net Income": 4
    },
    "2017-12-31": {
        "Diluted EPS": 0.22,
        "Total Revenue": 21,
        "Gross Profit": 19,
        "Operating Income": 1,
        "EBIT": NaN,
        "Net Income": 2
    },
    "2017-09-30": {
        "Diluted EPS": 0.51,
        "Total Revenue": 20,
        "Gross Profit": 19,
        "Operating Income": 7,
        "EBIT": NaN,
        "Net Income": 5
    },
    "2017-06-30": {
        "Diluted EPS": 0.26,
        "Total Revenue": 20,
        "Gross Profit": 19,
        "Operating Income": 6,
        "EBIT": NaN,
        "Net Income": 2
    },
    "2017-03-31": {
        "Diluted EPS": 0.12,
        "Total Revenue": 19,
        "Gross Profit": 18,
        "Operating Income": 5,
        "EBIT": NaN,
        "Net Income": 1
    },
    "2016-12-31": {
        "Diluted EPS": 0.19,
        "Total Revenue": 15,
        "Gross Profit": 13,
        "Operating Income": 4,
        "EBIT": NaN,
        "Net Income": 2
    },
    "2016-09-30": {
        "Diluted EPS": 0.45,
        "Total Revenue": 14,
        "Gross Profit": 13,
        "Operating Income": 4,
        "EBIT": NaN,
        "Net Income": 2
    },
    "2016-06-30": {
        "Diluted EPS": 0.47,
        "Total Revenue": 14,
        "Gross Profit": 13,
        "Operating Income": 4,
        "EBIT": NaN,
        "Net Income": 3
    },
    "2016-03-31": {
        "Diluted EPS": 0.46,
        "Total Revenue": 13,
        "Gross Profit": 12,
        "Operating Income": 4,
        "EBIT": NaN,
        "Net Income": 3
    },
    "2015-12-31": {
        "Diluted EPS": 0.41,
        "Total Revenue": 12,
        "Gross Profit": 12,
        "Operating Income": 4,
        "EBIT": NaN,
        "Net Income": 2
    },
    "2015-09-30": {
        "Diluted EPS": 0.39,
        "Total Revenue": 12,
        "Gross Profit": 11,
        "Operating Income": 3,
        "EBIT": NaN,
        "Net Income": 2
    },
    "2015-06-30": {
        "Diluted EPS": 0.39,
        "Total Revenue": 12,
        "Gross Profit": 11,
        "Operating Income": 3,
        "EBIT": NaN,
        "Net Income": 2
    },
    "2015-03-31": {
        "Diluted EPS": 0.36,
        "Total Revenue": 12,
        "Gross Profit": 11,
        "Operating Income": 3,
        "EBIT": NaN,
        "Net Income": 2
    },
    "2014-12-31": {
        "Diluted EPS": 0.38,
        "Total Revenue": 12,
        "Gross Profit": 11,
        "Operating Income": 4,
        "EBIT": NaN,
        "Net Income": 2
    },
    "2014-09-30": {
        "Diluted EPS": 0.27,
        "Total Revenue": 12,
        "Gross Profit": 11,
        "Operating Income": 2,
        "EBIT": NaN,
        "Net Income": 1
    },
    "2014-06-30": {
        "Diluted EPS": 0.29,
        "Total Revenue": 11,
        "Gross Profit": 10,
        "Operating Income": 2,
        "EBIT": NaN,
        "Net Income": 2
    },
    "2014-03-31": {
        "Diluted EPS": 0.25,
        "Total Revenue": 10,
        "Gross Profit": 9,
        "Operating Income": 2,
        "EBIT": NaN,
        "Net Income": 1
    },
    "2013-12-31": {
        "Diluted EPS": 0.24,
        "Total Revenue": 10,
        "Gross Profit": 9,
        "Operating Income": 3,
        "EBIT": NaN,
        "Net Income": 1
    },
    "2013-09-30": {
        "Diluted EPS": 0.19,
        "Total Revenue": 10,
        "Gross Profit": 10,
        "Operating Income": 2,
        "EBIT": NaN,
        "Net Income": 1
    },
    "2013-06-30": {
        "Diluted EPS": 0.18,
        "Total Revenue": 9,
        "Gross Profit": 9,
        "Operating Income": 1,
        "EBIT": NaN,
        "Net Income": 1
    },
    "2013-03-31": {
        "Diluted EPS": 0.35,
        "Total Revenue": 9,
        "Gross Profit": 8,
        "Operating Income": 2,
        "EBIT": NaN,
        "Net Income": 1
    },
    "2012-12-31": {
        "Diluted EPS": 0.34,
        "Total Revenue": 8,
        "Gross Profit": 8,
        "Operating Income": 2,
        "EBIT": NaN,
        "Net Income": 1
    },
    "2012-09-30": {
        "Diluted EPS": 0.24,
        "Total Revenue": 8,
        "Gross Profit": 7,
        "Operating Income": 1,
        "EBIT": NaN,
        "Net Income": 1
    },
    "2012-06-30": {
        "Diluted EPS": 0.3,
        "Total Revenue": 8,
        "Gross Profit": 7,
        "Operating Income": 1,
        "EBIT": NaN,
        "Net Income": 1
    },
    "2012-03-31": {
        "Diluted EPS": 0.28,
        "Total Revenue": 8,
        "Gross Profit": 7,
        "Operating Income": 1,
        "EBIT": NaN,
        "Net Income": 1
    },
    "2011-12-31": {
        "Diluted EPS": 0.28,
        "Total Revenue": 8,
        "Gross Profit": 7,
        "Operating Income": 2,
        "EBIT": NaN,
        "Net Income": 1
    },
    "2011-09-30": {
        "Diluted EPS": 0.21,
        "Total Revenue": 7,
        "Gross Profit": 6,
        "Operating Income": 1,
        "EBIT": NaN,
        "Net Income": 1
    },
    "2011-06-30": {
        "Diluted EPS": 0.19,
        "Total Revenue": 7,
        "Gross Profit": 6,
        "Operating Income": 1,
        "EBIT": NaN,
        "Net Income": 1
    },
    "2011-03-31": {
        "Diluted EPS": 0.14,
        "Total Revenue": 7,
        "Gross Profit": 5,
        "Operating Income": 0,
        "EBIT": NaN,
        "Net Income": 0
    },
    "2010-12-31": {
        "Diluted EPS": 0.22,
        "Total Revenue": 7,
        "Gross Profit": 5,
        "Operating Income": 2,
        "EBIT": NaN,
        "Net Income": 1
    },
    "2010-09-30": {
        "Diluted EPS": 0.18,
        "Total Revenue": 7,
        "Gross Profit": 5,
        "Operating Income": 1,
        "EBIT": NaN,
        "Net Income": 1
    },
    "2010-06-30": {
        "Diluted EPS": 0.19,
        "Total Revenue": 7,
        "Gross Profit": 5,
        "Operating Income": 1,
        "EBIT": NaN,
        "Net Income": 1
    },
    "2010-03-31": {
        "Diluted EPS": 0.15,
        "Total Revenue": 7,
        "Gross Profit": 5,
        "Operating Income": 1,
        "EBIT": NaN,
        "Net Income": 0
    },
    "2009-12-31": {
        "Diluted EPS": 0.18,
        "Total Revenue": 7,
        "Gross Profit": 5,
        "Operating Income": 2,
        "EBIT": NaN,
        "Net Income": 1
    },
    "2009-09-30": {
        "Diluted EPS": 0.23,
        "Total Revenue": 7,
        "Gross Profit": 5,
        "Operating Income": 1,
        "EBIT": NaN,
        "Net Income": 1
    },
    "2009-06-30": {
        "Diluted EPS": 0.03,
        "Total Revenue": 7,
        "Gross Profit": 5,
        "Operating Income": 0,
        "EBIT": NaN,
        "Net Income": 0
    },
    "2009-03-31": {
        "Diluted EPS": 0.05,
        "Total Revenue": 7,
        "Gross Profit": 5,
        "Operating Income": 0,
        "EBIT": NaN,
        "Net Income": 0
    },
    "2023-09-30": {
        "Tax Effect Of Unusual Items": NaN,
        "Tax Rate For Calcs": NaN,
        "Total Unusual Items": NaN,
        "Total Unusual Items Excluding Goodwill": NaN,
        "Net Income From Continuing Operation Net Minority Interest": NaN,
        "Reconciled Depreciation": NaN,
        "Net Interest Income": NaN,
        "Interest Expense": NaN,
        "Interest Income": NaN,
        "Normalized Income": NaN,
        "Net Income From Continuing And Discontinued Operation": NaN,
        "Diluted Average Shares": 31609564.0,
        "Basic Average Shares": 31405439.0,
        "Diluted EPS": 0.77,
        "Basic EPS": 0.78,
        "Diluted NI Availto Com Stockholders": NaN,
        "Net Income Common Stockholders": NaN,
        "Net Income": NaN,
        "Net Income Including Noncontrolling Interests": NaN,
        "Net Income Continuous Operations": NaN,
        "Tax Provision": NaN,
        "Pretax Income": NaN,
        "Special Income Charges": NaN,
        "Other Special Charges": 104000.0,
        "Restructuring And Mergern Acquisition": NaN,
        "Gain On Sale Of Security": NaN,
        "Depreciation Amortization Depletion Income Statement": 2385000.0,
        "Depreciation And Amortization In Income Statement": 2385000.0,
        "Amortization": 2385000.0,
        "Amortization Of Intangibles Income Statement": 2385000.0,
        "Selling General And Administration": NaN,
        "Selling And Marketing Expense": 559000.0,
        "General And Administrative Expense": NaN,
        "Insurance And Claims": 1158000.0,
        "Salaries And Wages": NaN,
        "Total Revenue": NaN,
        "Operating Revenue": NaN,
        "Occupancy And Equipment": NaN,
        "Professional Expense And Contract Services Expense": 1499000.0,
        "Other Non Interest Expense": NaN
    },
    "2023-12-31": {
        "Tax Effect Of Unusual Items": -254410.315466,
        "Tax Rate For Calcs": 0.228992,
        "Total Unusual Items": -1111000.0,
        "Total Unusual Items Excluding Goodwill": -1111000.0,
        "Net Income From Continuing Operation Net Minority Interest": 11047000.0,
        "Reconciled Depreciation": 8130000.0,
        "Net Interest Income": 57665000.0,
        "Interest Expense": 31055000.0,
        "Interest Income": 88720000.0,
        "Normalized Income": 11903589.684534,
        "Net Income From Continuing And Discontinued Operation": 11047000.0,
        "Diluted Average Shares": 31587506.0,
        "Basic Average Shares": 31401612.0,
        "Diluted EPS": 0.35,
        "Basic EPS": 0.35,
        "Diluted NI Availto Com Stockholders": 11047000.0,
        "Net Income Common Stockholders": 11047000.0,
        "Net Income": 11047000.0,
        "Net Income Including Noncontrolling Interests": 11047000.0,
        "Net Income Continuous Operations": 11047000.0,
        "Tax Provision": 3281000.0,
        "Pretax Income": 14328000.0,
        "Special Income Charges": -1117000.0,
        "Other Special Charges": 524000.0,
        "Restructuring And Mergern Acquisition": 593000.0,
        "Gain On Sale Of Security": -9670000.0,
        "Depreciation Amortization Depletion Income Statement": NaN,
        "Depreciation And Amortization In Income Statement": NaN,
        "Amortization": NaN,
        "Amortization Of Intangibles Income Statement": NaN,
        "Selling General And Administration": 25051000.0,
        "Selling And Marketing Expense": 71000.0,
        "General And Administrative Expense": 24980000.0,
        "Insurance And Claims": 1263000.0,
        "Salaries And Wages": 23717000.0,
        "Total Revenue": 54714000.0,
        "Operating Revenue": 54714000.0,
        "Occupancy And Equipment": 5688000.0,
        "Professional Expense And Contract Services Expense": 2309000.0,
        "Other Non Interest Expense": 12149000.0
    },
    "2024-03-31": {
        "Tax Effect Of Unusual Items": -1794.923858,
        "Tax Rate For Calcs": 0.224365,
        "Total Unusual Items": -8000.0,
        "Total Unusual Items Excluding Goodwill": -8000.0,
        "Net Income From Continuing Operation Net Minority Interest": 20628000.0,
        "Reconciled Depreciation": 3700000.0,
        "Net Interest Income": 57341000.0,
        "Interest Expense": 34322000.0,
        "Interest Income": 91663000.0,
        "Normalized Income": 20634205.076142,
        "Net Income From Continuing And Discontinued Operation": 20628000.0,
        "Diluted Average Shares": 31630745.0,
        "Basic Average Shares": 31475254.0,
        "Diluted EPS": 0.65,
        "Basic EPS": 0.66,
        "Diluted NI Availto Com Stockholders": 20628000.0,
        "Net Income Common Stockholders": 20628000.0,
        "Net Income": 20628000.0,
        "Net Income Including Noncontrolling Interests": 20628000.0,
        "Net Income Continuous Operations": 20628000.0,
        "Tax Provision": 5967000.0,
        "Pretax Income": 26595000.0,
        "Special Income Charges": -8000.0,
        "Other Special Charges": NaN,
        "Restructuring And Mergern Acquisition": 8000.0,
        "Gain On Sale Of Security": -48000.0,
        "Depreciation Amortization Depletion Income Statement": NaN,
        "Depreciation And Amortization In Income Statement": NaN,
        "Amortization": NaN,
        "Amortization Of Intangibles Income Statement": NaN,
        "Selling General And Administration": 24508000.0,
        "Selling And Marketing Expense": NaN,
        "General And Administrative Expense": 24508000.0,
        "Insurance And Claims": NaN,
        "Salaries And Wages": 24508000.0,
        "Total Revenue": 70020000.0,
        "Operating Revenue": 70020000.0,
        "Occupancy And Equipment": 5714000.0,
        "Professional Expense And Contract Services Expense": NaN,
        "Other Non Interest Expense": 13195000.0
    },
    "2024-06-30": {
        "Tax Effect Of Unusual Items": -42285.528494,
        "Tax Rate For Calcs": 0.223733,
        "Total Unusual Items": -189000.0,
        "Total Unusual Items Excluding Goodwill": -189000.0,
        "Net Income From Continuing Operation Net Minority Interest": 19697000.0,
        "Reconciled Depreciation": 4774000.0,
        "Net Interest Income": 57794000.0,
        "Interest Expense": 33233000.0,
        "Interest Income": 91027000.0,
        "Normalized Income": 19843714.471506,
        "Net Income From Continuing And Discontinued Operation": 19697000.0,
        "Diluted Average Shares": 31679827.0,
        "Basic Average Shares": 31527592.0,
        "Diluted EPS": 0.62,
        "Basic EPS": 0.62,
        "Diluted NI Availto Com Stockholders": 19697000.0,
        "Net Income Common Stockholders": 19697000.0,
        "Net Income": 19697000.0,
        "Net Income Including Noncontrolling Interests": 19697000.0,
        "Net Income Continuous Operations": 19697000.0,
        "Tax Provision": 5677000.0,
        "Pretax Income": 25374000.0,
        "Special Income Charges": -189000.0,
        "Other Special Charges": -163000.0,
        "Restructuring And Mergern Acquisition": 352000.0,
        "Gain On Sale Of Security": 14000.0,
        "Depreciation Amortization Depletion Income Statement": 2385000.0,
        "Depreciation And Amortization In Income Statement": 2385000.0,
        "Amortization": 2385000.0,
        "Amortization Of Intangibles Income Statement": 2385000.0,
        "Selling General And Administration": 26124000.0,
        "Selling And Marketing Expense": 59000.0,
        "General And Administrative Expense": 26065000.0,
        "Insurance And Claims": 1020000.0,
        "Salaries And Wages": 25045000.0,
        "Total Revenue": 70950000.0,
        "Operating Revenue": 70950000.0,
        "Occupancy And Equipment": 5490000.0,
        "Professional Expense And Contract Services Expense": 2028000.0,
        "Other Non Interest Expense": 7710000.0
    },
    "2024-09-30": {
        "Tax Effect Of Unusual Items": -651792.0,
        "Tax Rate For Calcs": 0.222,
        "Total Unusual Items": -2936000.0,
        "Total Unusual Items Excluding Goodwill": -2936000.0,
        "Net Income From Continuing Operation Net Minority Interest": 18571000.0,
        "Reconciled Depreciation": 5714000.0,
        "Net Interest Income": 59014000.0,
        "Interest Expense": 34547000.0,
        "Interest Income": 93561000.0,
        "Normalized Income": 20855208.0,
        "Net Income From Continuing And Discontinued Operation": 18571000.0,
        "Diluted Average Shares": 31713385.0,
        "Basic Average Shares": 31516823.0,
        "Diluted EPS": 0.59,
        "Basic EPS": 0.59,
        "Diluted NI Availto Com Stockholders": 18571000.0,
        "Net Income Common Stockholders": 18571000.0,
        "Net Income": 18571000.0,
        "Net Income Including Noncontrolling Interests": 18571000.0,
        "Net Income Continuous Operations": 18571000.0,
        "Tax Provision": 5291000.0,
        "Pretax Income": 23862000.0,
        "Special Income Charges": -2936000.0,
        "Other Special Charges": 344000.0,
        "Restructuring And Mergern Acquisition": 2592000.0,
        "Gain On Sale Of Security": 225000.0,
        "Depreciation Amortization Depletion Income Statement": 2384000.0,
        "Depreciation And Amortization In Income Statement": 2384000.0,
        "Amortization": 2384000.0,
        "Amortization Of Intangibles Income Statement": 2384000.0,
        "Selling General And Administration": 26153000.0,
        "Selling And Marketing Expense": 49000.0,
        "General And Administrative Expense": 26104000.0,
        "Insurance And Claims": 973000.0,
        "Salaries And Wages": 25131000.0,
        "Total Revenue": 71600000.0,
        "Operating Revenue": 71600000.0,
        "Occupancy And Equipment": 5659000.0,
        "Professional Expense And Contract Services Expense": 1457000.0,
        "Other Non Interest Expense": 8149000.0
    },
    "2024-12-31": {
        "Tax Effect Of Unusual Items": -151991.144845,
        "Tax Rate For Calcs": 0.173308,
        "Total Unusual Items": -877000.0,
        "Total Unusual Items Excluding Goodwill": -877000.0,
        "Net Income From Continuing Operation Net Minority Interest": 18298000.0,
        "Reconciled Depreciation": -3979000.0,
        "Net Interest Income": 60120000.0,
        "Interest Expense": 33464000.0,
        "Interest Income": 93584000.0,
        "Normalized Income": 19023008.855155,
        "Net Income From Continuing And Discontinued Operation": 18298000.0,
        "Diluted Average Shares": NaN,
        "Basic Average Shares": NaN,
        "Diluted EPS": NaN,
        "Basic EPS": NaN,
        "Diluted NI Availto Com Stockholders": 18298000.0,
        "Net Income Common Stockholders": 18298000.0,
        "Net Income": 18298000.0,
        "Net Income Including Noncontrolling Interests": 18298000.0,
        "Net Income Continuous Operations": 18298000.0,
        "Tax Provision": 3836000.0,
        "Pretax Income": 22134000.0,
        "Special Income Charges": -790000.0,
        "Other Special Charges": 2000.0,
        "Restructuring And Mergern Acquisition": 788000.0,
        "Gain On Sale Of Security": -300000.0,
        "Depreciation Amortization Depletion Income Statement": 2379000.0,
        "Depreciation And Amortization In Income Statement": 2379000.0,
        "Amortization": 2379000.0,
        "Amortization Of Intangibles Income Statement": 2379000.0,
        "Selling General And Administration": 28681000.0,
        "Selling And Marketing Expense": 198000.0,
        "General And Administrative Expense": 28483000.0,
        "Insurance And Claims": 1014000.0,
        "Salaries And Wages": 27469000.0,
        "Total Revenue": 64418000.0,
        "Operating Revenue": 64418000.0,
        "Occupancy And Equipment": 5992000.0,
        "Professional Expense And Contract Services Expense": 890000.0,
        "Other Non Interest Expense": 2412000.0
    }
}