{
    "2023-06-30": {
        "Tax Effect Of Unusual Items": NaN,
        "Tax Rate For Calcs": NaN,
        "Total Unusual Items": NaN,
        "Total Unusual Items Excluding Goodwill": NaN,
        "Net Income From Continuing Operation Net Minority Interest": NaN,
        "Reconciled Depreciation": NaN,
        "Net Interest Income": NaN,
        "Interest Expense": NaN,
        "Interest Income": NaN,
        "Normalized Income": NaN,
        "Net Income From Continuing And Discontinued Operation": NaN,
        "Diluted Average Shares": NaN,
        "Basic Average Shares": NaN,
        "Diluted EPS": NaN,
        "Basic EPS": NaN,
        "Diluted NI Availto Com Stockholders": NaN,
        "Average Dilution Earnings": 201000.0,
        "Net Income Common Stockholders": NaN,
        "Otherunder Preferred Stock Dividend": NaN,
        "Net Income": NaN,
        "Net Income Including Noncontrolling Interests": NaN,
        "Net Income Continuous Operations": NaN,
        "Tax Provision": NaN,
        "Pretax Income": NaN,
        "Special Income Charges": NaN,
        "Restructuring And Mergern Acquisition": NaN,
        "Gain On Sale Of Security": NaN,
        "Depreciation Amortization Depletion Income Statement": NaN,
        "Depreciation And Amortization In Income Statement": NaN,
        "Amortization": NaN,
        "Amortization Of Intangibles Income Statement": NaN,
        "Selling General And Administration": NaN,
        "Selling And Marketing Expense": NaN,
        "General And Administrative Expense": NaN,
        "Insurance And Claims": NaN,
        "Salaries And Wages": NaN,
        "Total Revenue": NaN,
        "Operating Revenue": NaN,
        "Occupancy And Equipment": NaN,
        "Professional Expense And Contract Services Expense": NaN,
        "Other Non Interest Expense": NaN
    },
    "2023-03-31": {
        "Tax Effect Of Unusual Items": NaN,
        "Tax Rate For Calcs": NaN,
        "Total Unusual Items": NaN,
        "Total Unusual Items Excluding Goodwill": NaN,
        "Net Income From Continuing Operation Net Minority Interest": NaN,
        "Reconciled Depreciation": NaN,
        "Net Interest Income": NaN,
        "Interest Expense": NaN,
        "Interest Income": NaN,
        "Normalized Income": NaN,
        "Net Income From Continuing And Discontinued Operation": NaN,
        "Diluted Average Shares": NaN,
        "Basic Average Shares": NaN,
        "Diluted EPS": NaN,
        "Basic EPS": NaN,
        "Diluted NI Availto Com Stockholders": NaN,
        "Average Dilution Earnings": 109000.0,
        "Net Income Common Stockholders": NaN,
        "Otherunder Preferred Stock Dividend": NaN,
        "Net Income": NaN,
        "Net Income Including Noncontrolling Interests": NaN,
        "Net Income Continuous Operations": NaN,
        "Tax Provision": NaN,
        "Pretax Income": NaN,
        "Special Income Charges": NaN,
        "Restructuring And Mergern Acquisition": NaN,
        "Gain On Sale Of Security": 0.0,
        "Depreciation Amortization Depletion Income Statement": NaN,
        "Depreciation And Amortization In Income Statement": NaN,
        "Amortization": NaN,
        "Amortization Of Intangibles Income Statement": NaN,
        "Selling General And Administration": NaN,
        "General And Administrative Expense": NaN,
        "Salaries And Wages": NaN,
        "Total Revenue": NaN,
        "Operating Revenue": NaN,
        "Occupancy And Equipment": NaN,
        "Other Non Interest Expense": NaN
    },
    "2022-12-31": {
        "Tax Effect Of Unusual Items": -61763.718849,
        "Tax Rate For Calcs": 0.203841,
        "Total Unusual Items": -303000.0,
        "Total Unusual Items Excluding Goodwill": -303000.0,
        "Net Income From Continuing Operation Net Minority Interest": 38433000.0,
        "Reconciled Depreciation": 3590000.0,
        "Net Interest Income": 84372000.0,
        "Interest Expense": 8739000.0,
        "Interest Income": 93111000.0,
        "Normalized Income": 38674236.281151,
        "Net Income From Continuing And Discontinued Operation": 38433000.0,
        "Diluted Average Shares": 35704154.0,
        "Basic Average Shares": 35704154.0,
        "Diluted EPS": 1.076429,
        "Basic EPS": 1.076429,
        "Diluted NI Availto Com Stockholders": 37654000.0,
        "Average Dilution Earnings": NaN,
        "Net Income Common Stockholders": 38227000.0,
        "Otherunder Preferred Stock Dividend": 206000.0,
        "Net Income": 38433000.0,
        "Net Income Including Noncontrolling Interests": 38433000.0,
        "Net Income Continuous Operations": 38433000.0,
        "Tax Provision": 9840000.0,
        "Pretax Income": 48273000.0,
        "Special Income Charges": -303000.0,
        "Restructuring And Mergern Acquisition": 303000.0,
        "Depreciation Amortization Depletion Income Statement": 825000.0,
        "Depreciation And Amortization In Income Statement": 825000.0,
        "Amortization": 825000.0,
        "Amortization Of Intangibles Income Statement": 825000.0,
        "Selling General And Administration": 30005000.0,
        "General And Administrative Expense": 30005000.0,
        "Salaries And Wages": 30005000.0,
        "Total Revenue": 98930000.0,
        "Operating Revenue": 98930000.0
    },
    "2022-09-30": {
        "Tax Effect Of Unusual Items": NaN,
        "Tax Rate For Calcs": NaN,
        "Total Unusual Items": NaN,
        "Total Unusual Items Excluding Goodwill": NaN,
        "Net Income From Continuing Operation Net Minority Interest": NaN,
        "Reconciled Depreciation": NaN,
        "Net Interest Income": NaN,
        "Interest Expense": NaN,
        "Interest Income": NaN,
        "Normalized Income": NaN,
        "Net Income From Continuing And Discontinued Operation": NaN,
        "Diluted Average Shares": NaN,
        "Basic Average Shares": NaN,
        "Diluted EPS": NaN,
        "Basic EPS": NaN,
        "Diluted NI Availto Com Stockholders": NaN,
        "Average Dilution Earnings": 249000.0,
        "Net Income Common Stockholders": NaN,
        "Otherunder Preferred Stock Dividend": NaN,
        "Net Income": NaN,
        "Net Income Including Noncontrolling Interests": NaN,
        "Net Income Continuous Operations": NaN,
        "Tax Provision": NaN,
        "Pretax Income": NaN,
        "Special Income Charges": NaN,
        "Restructuring And Mergern Acquisition": NaN,
        "Gain On Sale Of Security": NaN,
        "Depreciation Amortization Depletion Income Statement": NaN,
        "Depreciation And Amortization In Income Statement": NaN,
        "Amortization": NaN,
        "Amortization Of Intangibles Income Statement": NaN,
        "Selling General And Administration": NaN,
        "General And Administrative Expense": NaN,
        "Salaries And Wages": NaN,
        "Total Revenue": NaN,
        "Operating Revenue": NaN
    },
    "2022-06-30": {
        "Tax Effect Of Unusual Items": -152559.0,
        "Tax Rate For Calcs": 0.207,
        "Total Unusual Items": -737000.0,
        "Total Unusual Items Excluding Goodwill": -737000.0,
        "Net Income From Continuing Operation Net Minority Interest": 36585000.0,
        "Reconciled Depreciation": 953000.0,
        "Net Interest Income": 78270000.0,
        "Interest Expense": 2177000.0,
        "Interest Income": 80447000.0,
        "Normalized Income": 37169441.0,
        "Net Income From Continuing And Discontinued Operation": 36585000.0,
        "Diluted Average Shares": 35642471.0,
        "Basic Average Shares": 35474664.0,
        "Diluted EPS": 1.03,
        "Basic EPS": 1.03,
        "Diluted NI Availto Com Stockholders": 36585000.0,
        "Average Dilution Earnings": 172000.0,
        "Net Income Common Stockholders": 36585000.0,
        "Otherunder Preferred Stock Dividend": 172000.0,
        "Net Income": 36585000.0,
        "Net Income Including Noncontrolling Interests": 36585000.0,
        "Net Income Continuous Operations": 36585000.0,
        "Tax Provision": 9551000.0,
        "Pretax Income": 46136000.0,
        "Special Income Charges": -737000.0,
        "Restructuring And Mergern Acquisition": 737000.0,
        "Gain On Sale Of Security": NaN,
        "Depreciation Amortization Depletion Income Statement": 953000.0,
        "Depreciation And Amortization In Income Statement": 953000.0,
        "Amortization": 953000.0,
        "Amortization Of Intangibles Income Statement": 953000.0,
        "Selling General And Administration": 30109000.0,
        "General And Administrative Expense": 30109000.0,
        "Salaries And Wages": 30109000.0,
        "Total Revenue": 95534000.0,
        "Operating Revenue": 95534000.0
    },
    "2022-03-31": {
        "Diluted EPS": 0.95,
        "Total Revenue": 98,
        "Gross Profit": 96,
        "Operating Income": 46,
        "EBIT": NaN,
        "Net Income": 34
    },
    "2021-12-31": {
        "Diluted EPS": 0.2,
        "Total Revenue": 91,
        "Gross Profit": 89,
        "Operating Income": 29,
        "EBIT": NaN,
        "Net Income": 11
    },
    "2021-09-30": {
        "Diluted EPS": 0.97,
        "Total Revenue": 77,
        "Gross Profit": 75,
        "Operating Income": 35,
        "EBIT": NaN,
        "Net Income": 28
    },
    "2021-06-30": {
        "Diluted EPS": 1.03,
        "Total Revenue": 83,
        "Gross Profit": 80,
        "Operating Income": 38,
        "EBIT": NaN,
        "Net Income": 29
    },
    "2021-03-31": {
        "Diluted EPS": 0.99,
        "Total Revenue": 79,
        "Gross Profit": 76,
        "Operating Income": 36,
        "EBIT": NaN,
        "Net Income": 28
    },
    "2020-12-31": {
        "Diluted EPS": 0.82,
        "Total Revenue": 79,
        "Gross Profit": 76,
        "Operating Income": 30,
        "EBIT": NaN,
        "Net Income": 23
    },
    "2020-09-30": {
        "Diluted EPS": 0.81,
        "Total Revenue": 80,
        "Gross Profit": 76,
        "Operating Income": 30,
        "EBIT": NaN,
        "Net Income": 23
    },
    "2020-06-30": {
        "Diluted EPS": 0.56,
        "Total Revenue": 84,
        "Gross Profit": 79,
        "Operating Income": 21,
        "EBIT": NaN,
        "Net Income": 16
    },
    "2020-03-31": {
        "Diluted EPS": 0.62,
        "Total Revenue": 76,
        "Gross Profit": 68,
        "Operating Income": 23,
        "EBIT": NaN,
        "Net Income": 18
    },
    "2019-12-31": {
        "Diluted EPS": 0.71,
        "Total Revenue": 78,
        "Gross Profit": 69,
        "Operating Income": 26,
        "EBIT": NaN,
        "Net Income": 20
    },
    "2019-09-30": {
        "Diluted EPS": 0.84,
        "Total Revenue": 78,
        "Gross Profit": 69,
        "Operating Income": 32,
        "EBIT": NaN,
        "Net Income": 25
    },
    "2019-06-30": {
        "Diluted EPS": 0.8,
        "Total Revenue": 79,
        "Gross Profit": 70,
        "Operating Income": 30,
        "EBIT": NaN,
        "Net Income": 24
    },
    "2019-03-31": {
        "Diluted EPS": 0.75,
        "Total Revenue": 76,
        "Gross Profit": 67,
        "Operating Income": 28,
        "EBIT": NaN,
        "Net Income": 22
    },
    "2018-12-31": {
        "Diluted EPS": 0.8,
        "Total Revenue": 73,
        "Gross Profit": 66,
        "Operating Income": 29,
        "EBIT": NaN,
        "Net Income": 24
    },
    "2018-09-30": {
        "Diluted EPS": 0.74,
        "Total Revenue": 73,
        "Gross Profit": 67,
        "Operating Income": 28,
        "EBIT": NaN,
        "Net Income": 22
    },
    "2018-06-30": {
        "Diluted EPS": 0.77,
        "Total Revenue": 73,
        "Gross Profit": 67,
        "Operating Income": 30,
        "EBIT": NaN,
        "Net Income": 23
    },
    "2018-03-31": {
        "Diluted EPS": 0.7,
        "Total Revenue": 71,
        "Gross Profit": 66,
        "Operating Income": 29,
        "EBIT": NaN,
        "Net Income": 21
    },
    "2017-12-31": {
        "Diluted EPS": 0.5,
        "Total Revenue": 68,
        "Gross Profit": 64,
        "Operating Income": 24,
        "EBIT": NaN,
        "Net Income": 14
    },
    "2017-09-30": {
        "Diluted EPS": 0.53,
        "Total Revenue": 57,
        "Gross Profit": 54,
        "Operating Income": 21,
        "EBIT": NaN,
        "Net Income": 13
    },
    "2017-06-30": {
        "Diluted EPS": 0.45,
        "Total Revenue": 55,
        "Gross Profit": 52,
        "Operating Income": 18,
        "EBIT": NaN,
        "Net Income": 11
    },
    "2017-03-31": {
        "Diluted EPS": 0.34,
        "Total Revenue": 46,
        "Gross Profit": 44,
        "Operating Income": 14,
        "EBIT": NaN,
        "Net Income": 8
    },
    "2016-12-31": {
        "Diluted EPS": 0.4,
        "Total Revenue": 43,
        "Gross Profit": 41,
        "Operating Income": 13,
        "EBIT": NaN,
        "Net Income": 8
    },
    "2016-09-30": {
        "Diluted EPS": 0.23,
        "Total Revenue": 37,
        "Gross Profit": 36,
        "Operating Income": 8,
        "EBIT": NaN,
        "Net Income": 5
    },
    "2016-06-30": {
        "Diluted EPS": 0.37,
        "Total Revenue": 39,
        "Gross Profit": 37,
        "Operating Income": 12,
        "EBIT": NaN,
        "Net Income": 8
    },
    "2016-03-31": {
        "Diluted EPS": 0.33,
        "Total Revenue": 37,
        "Gross Profit": 35,
        "Operating Income": 10,
        "EBIT": NaN,
        "Net Income": 7
    },
    "2015-12-31": {
        "Diluted EPS": 0.33,
        "Total Revenue": 38,
        "Gross Profit": 36,
        "Operating Income": 10,
        "EBIT": NaN,
        "Net Income": 7
    },
    "2015-09-30": {
        "Diluted EPS": 0.34,
        "Total Revenue": 36,
        "Gross Profit": 34,
        "Operating Income": 11,
        "EBIT": NaN,
        "Net Income": 7
    },
    "2015-06-30": {
        "Diluted EPS": 0.3,
        "Total Revenue": 36,
        "Gross Profit": 35,
        "Operating Income": 9,
        "EBIT": NaN,
        "Net Income": 6
    },
    "2015-03-31": {
        "Diluted EPS": 0.33,
        "Total Revenue": 36,
        "Gross Profit": 34,
        "Operating Income": 11,
        "EBIT": NaN,
        "Net Income": 7
    },
    "2014-12-31": {
        "Diluted EPS": 0.33,
        "Total Revenue": 37,
        "Gross Profit": 35,
        "Operating Income": 11,
        "EBIT": NaN,
        "Net Income": 7
    },
    "2014-09-30": {
        "Diluted EPS": 0.27,
        "Total Revenue": 38,
        "Gross Profit": 36,
        "Operating Income": 9,
        "EBIT": NaN,
        "Net Income": 5
    },
    "2014-06-30": {
        "Diluted EPS": 0.32,
        "Total Revenue": 41,
        "Gross Profit": 39,
        "Operating Income": 10,
        "EBIT": NaN,
        "Net Income": 6
    },
    "2014-03-31": {
        "Diluted EPS": 0.27,
        "Total Revenue": 38,
        "Gross Profit": 36,
        "Operating Income": 9,
        "EBIT": NaN,
        "Net Income": 5
    },
    "2013-12-31": {
        "Diluted EPS": 0.27,
        "Total Revenue": 44,
        "Gross Profit": 42,
        "Operating Income": 9,
        "EBIT": NaN,
        "Net Income": 5
    },
    "2013-09-30": {
        "Diluted EPS": 0.3,
        "Total Revenue": 42,
        "Gross Profit": 39,
        "Operating Income": 11,
        "EBIT": NaN,
        "Net Income": 6
    },
    "2013-06-30": {
        "Diluted EPS": 0.27,
        "Total Revenue": 43,
        "Gross Profit": 40,
        "Operating Income": 9,
        "EBIT": NaN,
        "Net Income": 5
    },
    "2013-03-31": {
        "Diluted EPS": 0.14,
        "Total Revenue": 42,
        "Gross Profit": 39,
        "Operating Income": 5,
        "EBIT": NaN,
        "Net Income": 3
    },
    "2012-12-31": {
        "Diluted EPS": -1.56,
        "Total Revenue": 31,
        "Gross Profit": 27,
        "Operating Income": -43,
        "EBIT": NaN,
        "Net Income": -26
    },
    "2012-09-30": {
        "Diluted EPS": 0.22,
        "Total Revenue": 41,
        "Gross Profit": 37,
        "Operating Income": 7,
        "EBIT": NaN,
        "Net Income": 4
    },
    "2012-06-30": {
        "Diluted EPS": 0.15,
        "Total Revenue": 39,
        "Gross Profit": 35,
        "Operating Income": 5,
        "EBIT": NaN,
        "Net Income": 2
    },
    "2012-03-31": {
        "Diluted EPS": -0.35,
        "Total Revenue": 42,
        "Gross Profit": 37,
        "Operating Income": -8,
        "EBIT": NaN,
        "Net Income": -6
    },
    "2011-12-31": {
        "Diluted EPS": 0.0,
        "Total Revenue": 41,
        "Gross Profit": 35,
        "Operating Income": 1,
        "EBIT": NaN,
        "Net Income": 0
    },
    "2011-09-30": {
        "Diluted EPS": -0.04,
        "Total Revenue": 43,
        "Gross Profit": 37,
        "Operating Income": 4,
        "EBIT": NaN,
        "Net Income": -1
    },
    "2011-06-30": {
        "Diluted EPS": 0.16,
        "Total Revenue": 46,
        "Gross Profit": 40,
        "Operating Income": 6,
        "EBIT": NaN,
        "Net Income": 3
    },
    "2011-03-31": {
        "Diluted EPS": 0.32,
        "Total Revenue": 53,
        "Gross Profit": 47,
        "Operating Income": 10,
        "EBIT": NaN,
        "Net Income": 5
    },
    "2010-12-31": {
        "Diluted EPS": -0.19,
        "Total Revenue": 55,
        "Gross Profit": 48,
        "Operating Income": -4,
        "EBIT": NaN,
        "Net Income": -3
    },
    "2010-09-30": {
        "Diluted EPS": 0.17,
        "Total Revenue": 43,
        "Gross Profit": 35,
        "Operating Income": 6,
        "EBIT": NaN,
        "Net Income": 3
    },
    "2010-06-30": {
        "Diluted EPS": 0.17,
        "Total Revenue": 44,
        "Gross Profit": 36,
        "Operating Income": 6,
        "EBIT": NaN,
        "Net Income": 3
    },
    "2010-03-31": {
        "Diluted EPS": 0.2,
        "Total Revenue": 46,
        "Gross Profit": 37,
        "Operating Income": 7,
        "EBIT": NaN,
        "Net Income": 3
    },
    "2009-12-31": {
        "Diluted EPS": 0.25,
        "Total Revenue": 49,
        "Gross Profit": 37,
        "Operating Income": 9,
        "EBIT": NaN,
        "Net Income": 4
    },
    "2009-09-30": {
        "Diluted EPS": 0.32,
        "Total Revenue": 49,
        "Gross Profit": 36,
        "Operating Income": 10,
        "EBIT": NaN,
        "Net Income": 5
    },
    "2009-06-30": {
        "Diluted EPS": 2.61,
        "Total Revenue": 108,
        "Gross Profit": 96,
        "Operating Income": 74,
        "EBIT": NaN,
        "Net Income": 44
    },
    "2009-03-31": {
        "Diluted EPS": 0.19,
        "Total Revenue": 39,
        "Gross Profit": 27,
        "Operating Income": 6,
        "EBIT": NaN,
        "Net Income": 3
    },
    "2023-09-30": {
        "Tax Effect Of Unusual Items": NaN,
        "Tax Rate For Calcs": NaN,
        "Total Unusual Items": NaN,
        "Total Unusual Items Excluding Goodwill": NaN,
        "Net Income From Continuing Operation Net Minority Interest": NaN,
        "Reconciled Depreciation": NaN,
        "Net Interest Income": NaN,
        "Interest Expense": NaN,
        "Interest Income": NaN,
        "Normalized Income": NaN,
        "Net Income From Continuing And Discontinued Operation": NaN,
        "Diluted Average Shares": NaN,
        "Basic Average Shares": NaN,
        "Diluted EPS": NaN,
        "Basic EPS": NaN,
        "Diluted NI Availto Com Stockholders": NaN,
        "Average Dilution Earnings": 247000.0,
        "Net Income Common Stockholders": NaN,
        "Otherunder Preferred Stock Dividend": NaN,
        "Net Income": NaN,
        "Net Income Including Noncontrolling Interests": NaN,
        "Net Income Continuous Operations": NaN,
        "Tax Provision": NaN,
        "Pretax Income": NaN,
        "Special Income Charges": NaN,
        "Restructuring And Mergern Acquisition": NaN,
        "Gain On Sale Of Security": NaN,
        "Depreciation Amortization Depletion Income Statement": NaN,
        "Depreciation And Amortization In Income Statement": NaN,
        "Amortization": NaN,
        "Amortization Of Intangibles Income Statement": NaN,
        "Selling General And Administration": NaN,
        "Selling And Marketing Expense": 997000.0,
        "General And Administrative Expense": NaN,
        "Insurance And Claims": 2308000.0,
        "Salaries And Wages": NaN,
        "Total Revenue": NaN,
        "Operating Revenue": NaN,
        "Occupancy And Equipment": NaN,
        "Professional Expense And Contract Services Expense": 1765000.0,
        "Other Non Interest Expense": NaN
    },
    "2023-12-31": {
        "Tax Effect Of Unusual Items": -8294.613956,
        "Tax Rate For Calcs": 0.212682,
        "Total Unusual Items": -39000.0,
        "Total Unusual Items Excluding Goodwill": -39000.0,
        "Net Income From Continuing Operation Net Minority Interest": 29674000.0,
        "Reconciled Depreciation": 4972000.0,
        "Net Interest Income": 82484000.0,
        "Interest Expense": 44089000.0,
        "Interest Income": 126573000.0,
        "Normalized Income": 29704705.386044,
        "Net Income From Continuing And Discontinued Operation": 29674000.0,
        "Diluted Average Shares": 41207945.0,
        "Basic Average Shares": 41109987.0,
        "Diluted EPS": 0.72,
        "Basic EPS": 0.72182,
        "Diluted NI Availto Com Stockholders": 28989000.0,
        "Average Dilution Earnings": NaN,
        "Net Income Common Stockholders": 29528000.0,
        "Otherunder Preferred Stock Dividend": 146000.0,
        "Net Income": 29674000.0,
        "Net Income Including Noncontrolling Interests": 29674000.0,
        "Net Income Continuous Operations": 29674000.0,
        "Tax Provision": 8016000.0,
        "Pretax Income": 37690000.0,
        "Special Income Charges": -189000.0,
        "Restructuring And Mergern Acquisition": 189000.0,
        "Gain On Sale Of Security": NaN,
        "Depreciation Amortization Depletion Income Statement": 1856000.0,
        "Depreciation And Amortization In Income Statement": 1856000.0,
        "Amortization": 1856000.0,
        "Amortization Of Intangibles Income Statement": 1856000.0,
        "Selling General And Administration": 46675000.0,
        "Selling And Marketing Expense": NaN,
        "General And Administrative Expense": 42620000.0,
        "Insurance And Claims": NaN,
        "Salaries And Wages": 33363000.0,
        "Total Revenue": 91888000.0,
        "Operating Revenue": 91888000.0,
        "Occupancy And Equipment": 5948000.0,
        "Professional Expense And Contract Services Expense": NaN,
        "Other Non Interest Expense": -8828000.0
    },
    "2024-03-31": {
        "Tax Effect Of Unusual Items": NaN,
        "Tax Rate For Calcs": NaN,
        "Total Unusual Items": NaN,
        "Total Unusual Items Excluding Goodwill": NaN,
        "Net Income From Continuing Operation Net Minority Interest": NaN,
        "Reconciled Depreciation": NaN,
        "Net Interest Income": NaN,
        "Interest Expense": NaN,
        "Interest Income": NaN,
        "Normalized Income": NaN,
        "Net Income From Continuing And Discontinued Operation": NaN,
        "Diluted Average Shares": NaN,
        "Basic Average Shares": NaN,
        "Diluted EPS": NaN,
        "Basic EPS": NaN,
        "Diluted NI Availto Com Stockholders": NaN,
        "Average Dilution Earnings": 178000.0,
        "Net Income Common Stockholders": NaN,
        "Otherunder Preferred Stock Dividend": 178000.0,
        "Net Income": NaN,
        "Net Income Including Noncontrolling Interests": NaN,
        "Net Income Continuous Operations": NaN,
        "Tax Provision": NaN,
        "Pretax Income": NaN,
        "Special Income Charges": 0.0,
        "Restructuring And Mergern Acquisition": 0.0,
        "Gain On Sale Of Security": NaN,
        "Depreciation Amortization Depletion Income Statement": NaN,
        "Depreciation And Amortization In Income Statement": NaN,
        "Amortization": NaN,
        "Amortization Of Intangibles Income Statement": NaN,
        "Selling General And Administration": NaN,
        "Selling And Marketing Expense": NaN,
        "General And Administrative Expense": NaN,
        "Insurance And Claims": NaN,
        "Salaries And Wages": NaN,
        "Total Revenue": NaN,
        "Operating Revenue": NaN,
        "Occupancy And Equipment": NaN,
        "Professional Expense And Contract Services Expense": NaN,
        "Other Non Interest Expense": NaN
    },
    "2024-06-30": {
        "Tax Effect Of Unusual Items": 33522.0,
        "Tax Rate For Calcs": 0.222,
        "Total Unusual Items": 151000.0,
        "Total Unusual Items Excluding Goodwill": 151000.0,
        "Net Income From Continuing Operation Net Minority Interest": 28712000.0,
        "Reconciled Depreciation": 4610000.0,
        "Net Interest Income": 81115000.0,
        "Interest Expense": 47707000.0,
        "Interest Income": 128822000.0,
        "Normalized Income": 28594522.0,
        "Net Income From Continuing And Discontinued Operation": 28712000.0,
        "Diluted Average Shares": 41262091.0,
        "Basic Average Shares": 40879684.0,
        "Diluted EPS": 0.7,
        "Basic EPS": 0.7,
        "Diluted NI Availto Com Stockholders": 28712000.0,
        "Average Dilution Earnings": 205000.0,
        "Net Income Common Stockholders": 28712000.0,
        "Otherunder Preferred Stock Dividend": 205000.0,
        "Net Income": 28712000.0,
        "Net Income Including Noncontrolling Interests": 28712000.0,
        "Net Income Continuous Operations": 28712000.0,
        "Tax Provision": 8172000.0,
        "Pretax Income": 36884000.0,
        "Special Income Charges": 0.0,
        "Restructuring And Mergern Acquisition": 0.0,
        "Gain On Sale Of Security": -186000.0,
        "Depreciation Amortization Depletion Income Statement": 1669000.0,
        "Depreciation And Amortization In Income Statement": 1669000.0,
        "Amortization": 1669000.0,
        "Amortization Of Intangibles Income Statement": 1669000.0,
        "Selling General And Administration": 37937000.0,
        "Selling And Marketing Expense": 1127000.0,
        "General And Administrative Expense": 36810000.0,
        "Insurance And Claims": 2298000.0,
        "Salaries And Wages": 34512000.0,
        "Total Revenue": 94431000.0,
        "Operating Revenue": 94431000.0,
        "Occupancy And Equipment": 4877000.0,
        "Professional Expense And Contract Services Expense": 1530000.0,
        "Other Non Interest Expense": 10993000.0
    },
    "2024-09-30": {
        "Tax Effect Of Unusual Items": 10492.0,
        "Tax Rate For Calcs": 0.172,
        "Total Unusual Items": 61000.0,
        "Total Unusual Items Excluding Goodwill": 61000.0,
        "Net Income From Continuing Operation Net Minority Interest": 18680000.0,
        "Reconciled Depreciation": 4256000.0,
        "Net Interest Income": 83043000.0,
        "Interest Expense": 48366000.0,
        "Interest Income": 131409000.0,
        "Normalized Income": 18629492.0,
        "Net Income From Continuing And Discontinued Operation": 18680000.0,
        "Diluted Average Shares": 41366743.0,
        "Basic Average Shares": 40971520.0,
        "Diluted EPS": 0.45,
        "Basic EPS": 0.45,
        "Diluted NI Availto Com Stockholders": 18680000.0,
        "Average Dilution Earnings": 134000.0,
        "Net Income Common Stockholders": 18546000.0,
        "Otherunder Preferred Stock Dividend": 134000.0,
        "Net Income": 18680000.0,
        "Net Income Including Noncontrolling Interests": 18680000.0,
        "Net Income Continuous Operations": 18680000.0,
        "Tax Provision": 3892000.0,
        "Pretax Income": 22572000.0,
        "Special Income Charges": 0.0,
        "Restructuring And Mergern Acquisition": 0.0,
        "Gain On Sale Of Security": 0.0,
        "Depreciation Amortization Depletion Income Statement": 1613000.0,
        "Depreciation And Amortization In Income Statement": 1613000.0,
        "Amortization": 1613000.0,
        "Amortization Of Intangibles Income Statement": 1613000.0,
        "Selling General And Administration": 39205000.0,
        "Selling And Marketing Expense": 755000.0,
        "General And Administrative Expense": 38450000.0,
        "Insurance And Claims": 2000000.0,
        "Salaries And Wages": 36450000.0,
        "Total Revenue": 94870000.0,
        "Operating Revenue": 94870000.0,
        "Occupancy And Equipment": 4856000.0,
        "Professional Expense And Contract Services Expense": 1479000.0,
        "Other Non Interest Expense": 10945000.0
    },
    "2024-12-31": {
        "Tax Effect Of Unusual Items": 6510.0,
        "Tax Rate For Calcs": 0.21,
        "Total Unusual Items": 31000.0,
        "Total Unusual Items Excluding Goodwill": 31000.0,
        "Net Income From Continuing Operation Net Minority Interest": 3551000.0,
        "Reconciled Depreciation": 4285000.0,
        "Net Interest Income": 88841000.0,
        "Interest Expense": 43554000.0,
        "Interest Income": 132395000.0,
        "Normalized Income": 3526510.0,
        "Net Income From Continuing And Discontinued Operation": 3551000.0,
        "Diluted Average Shares": 41422973.0,
        "Basic Average Shares": 39455556.0,
        "Diluted EPS": 0.08,
        "Basic EPS": 0.09,
        "Diluted NI Availto Com Stockholders": 3160000.0,
        "Average Dilution Earnings": NaN,
        "Net Income Common Stockholders": 3631000.0,
        "Otherunder Preferred Stock Dividend": -80000.0,
        "Net Income": 3551000.0,
        "Net Income Including Noncontrolling Interests": 3551000.0,
        "Net Income Continuous Operations": 3551000.0,
        "Tax Provision": 3327000.0,
        "Pretax Income": 6878000.0,
        "Special Income Charges": 0.0,
        "Restructuring And Mergern Acquisition": 0.0,
        "Gain On Sale Of Security": -36820000.0,
        "Depreciation Amortization Depletion Income Statement": 1563000.0,
        "Depreciation And Amortization In Income Statement": 1563000.0,
        "Amortization": 1563000.0,
        "Amortization Of Intangibles Income Statement": 1563000.0,
        "Selling General And Administration": 37914000.0,
        "Selling And Marketing Expense": 731000.0,
        "General And Administrative Expense": 37183000.0,
        "Insurance And Claims": 2034000.0,
        "Salaries And Wages": 35149000.0,
        "Total Revenue": 63793000.0,
        "Operating Revenue": 63793000.0,
        "Occupancy And Equipment": 4690000.0,
        "Professional Expense And Contract Services Expense": 1513000.0,
        "Other Non Interest Expense": 10728000.0
    },
    "2025-03-31": {
        "Tax Effect Of Unusual Items": 3996.0,
        "Tax Rate For Calcs": 0.222,
        "Total Unusual Items": 18000.0,
        "Total Unusual Items Excluding Goodwill": 18000.0,
        "Net Income From Continuing Operation Net Minority Interest": 36406000.0,
        "Reconciled Depreciation": 3988000.0,
        "Net Interest Income": 92883000.0,
        "Interest Expense": 39777000.0,
        "Interest Income": 132660000.0,
        "Normalized Income": 36391996.0,
        "Net Income From Continuing And Discontinued Operation": 36406000.0,
        "Diluted Average Shares": 41406525.0,
        "Basic Average Shares": 41130779.0,
        "Diluted EPS": 0.88,
        "Basic EPS": 0.88,
        "Diluted NI Availto Com Stockholders": 36406000.0,
        "Average Dilution Earnings": 198000.0,
        "Net Income Common Stockholders": 36208000.0,
        "Otherunder Preferred Stock Dividend": 198000.0,
        "Net Income": 36406000.0,
        "Net Income Including Noncontrolling Interests": 36406000.0,
        "Net Income Continuous Operations": 36406000.0,
        "Tax Provision": 10370000.0,
        "Pretax Income": 46776000.0,
        "Special Income Charges": 0.0,
        "Restructuring And Mergern Acquisition": 0.0,
        "Gain On Sale Of Security": 0.0,
        "Depreciation Amortization Depletion Income Statement": 1516000.0,
        "Depreciation And Amortization In Income Statement": 1516000.0,
        "Amortization": 1516000.0,
        "Amortization Of Intangibles Income Statement": 1516000.0,
        "Selling General And Administration": 37628000.0,
        "Selling And Marketing Expense": 811000.0,
        "General And Administrative Expense": 36817000.0,
        "Insurance And Claims": 2061000.0,
        "Salaries And Wages": 34756000.0,
        "Total Revenue": 104625000.0,
        "Operating Revenue": 104625000.0,
        "Occupancy And Equipment": 5192000.0,
        "Professional Expense And Contract Services Expense": 1304000.0,
        "Other Non Interest Expense": 11093000.0
    },
    "2025-06-30": {
        "Tax Effect Of Unusual Items": -13334.0,
        "Tax Rate For Calcs": 0.226,
        "Total Unusual Items": -59000.0,
        "Total Unusual Items Excluding Goodwill": -59000.0,
        "Net Income From Continuing Operation Net Minority Interest": 38566000.0,
        "Reconciled Depreciation": 3731000.0,
        "Net Interest Income": 96676000.0,
        "Interest Expense": 40065000.0,
        "Interest Income": 136741000.0,
        "Normalized Income": 38611666.0,
        "Net Income From Continuing And Discontinued Operation": 38566000.0,
        "Diluted Average Shares": 41441393.0,
        "Basic Average Shares": 41168260.0,
        "Diluted EPS": 0.93,
        "Basic EPS": 0.93,
        "Diluted NI Availto Com Stockholders": 38566000.0,
        "Average Dilution Earnings": NaN,
        "Net Income Common Stockholders": 38566000.0,
        "Otherunder Preferred Stock Dividend": NaN,
        "Net Income": 38566000.0,
        "Net Income Including Noncontrolling Interests": 38566000.0,
        "Net Income Continuous Operations": 38566000.0,
        "Tax Provision": 11256000.0,
        "Pretax Income": 49822000.0,
        "Special Income Charges": NaN,
        "Restructuring And Mergern Acquisition": NaN,
        "Gain On Sale Of Security": 0.0,
        "Depreciation Amortization Depletion Income Statement": 1468000.0,
        "Depreciation And Amortization In Income Statement": 1468000.0,
        "Amortization": 1468000.0,
        "Amortization Of Intangibles Income Statement": 1468000.0,
        "Selling General And Administration": 37934000.0,
        "Selling And Marketing Expense": 904000.0,
        "General And Administrative Expense": 37030000.0,
        "Insurance And Claims": 1838000.0,
        "Salaries And Wages": 35192000.0,
        "Total Revenue": 109443000.0,
        "Operating Revenue": 109443000.0,
        "Occupancy And Equipment": 5195000.0,
        "Professional Expense And Contract Services Expense": 1170000.0,
        "Other Non Interest Expense": 11642000.0
    }
}