{
    "2023-06-30": {
        "Tax Effect Of Unusual Items": NaN,
        "Tax Rate For Calcs": NaN,
        "Total Unusual Items": NaN,
        "Total Unusual Items Excluding Goodwill": NaN,
        "Net Income From Continuing Operation Net Minority Interest": NaN,
        "Reconciled Depreciation": NaN,
        "Net Interest Income": NaN,
        "Interest Expense": NaN,
        "Interest Income": NaN,
        "Normalized Income": NaN,
        "Net Income From Continuing And Discontinued Operation": NaN,
        "Diluted Average Shares": NaN,
        "Basic Average Shares": NaN,
        "Diluted EPS": NaN,
        "Basic EPS": NaN,
        "Diluted NI Availto Com Stockholders": NaN,
        "Net Income Common Stockholders": NaN,
        "Net Income": NaN,
        "Net Income Including Noncontrolling Interests": NaN,
        "Net Income Continuous Operations": NaN,
        "Tax Provision": NaN,
        "Pretax Income": NaN,
        "Special Income Charges": 1605000.0,
        "Gain On Sale Of Security": NaN,
        "Selling General And Administration": NaN,
        "Selling And Marketing Expense": NaN,
        "General And Administrative Expense": NaN,
        "Insurance And Claims": NaN,
        "Salaries And Wages": NaN,
        "Total Revenue": NaN,
        "Operating Revenue": NaN,
        "Occupancy And Equipment": NaN,
        "Professional Expense And Contract Services Expense": NaN,
        "Other Non Interest Expense": NaN
    },
    "2023-03-31": {
        "Tax Effect Of Unusual Items": 621069.831341,
        "Tax Rate For Calcs": 0.311157,
        "Total Unusual Items": 1996000.0,
        "Total Unusual Items Excluding Goodwill": 1996000.0,
        "Net Income From Continuing Operation Net Minority Interest": 70698000.0,
        "Reconciled Depreciation": 7125000.0,
        "Net Interest Income": 200885000.0,
        "Interest Expense": 41511000.0,
        "Interest Income": 242396000.0,
        "Normalized Income": 69323069.831341,
        "Net Income From Continuing And Discontinued Operation": 70698000.0,
        "Diluted Average Shares": 181236000.0,
        "Basic Average Shares": 180215000.0,
        "Diluted EPS": 0.39,
        "Basic EPS": 0.39,
        "Diluted NI Availto Com Stockholders": 70698000.0,
        "Net Income Common Stockholders": 70698000.0,
        "Net Income": 70698000.0,
        "Net Income Including Noncontrolling Interests": 70698000.0,
        "Net Income Continuous Operations": 70698000.0,
        "Tax Provision": 31935000.0,
        "Pretax Income": 102633000.0,
        "Special Income Charges": NaN,
        "Restructuring And Mergern Acquisition": NaN,
        "Gain On Sale Of Security": 649000.0,
        "Selling General And Administration": 62530000.0,
        "Selling And Marketing Expense": 3975000.0,
        "General And Administrative Expense": 58555000.0,
        "Other Gand A": NaN,
        "Insurance And Claims": 2133000.0,
        "Salaries And Wages": 56422000.0,
        "Total Revenue": 230730000.0,
        "Operating Revenue": 230730000.0,
        "Occupancy And Equipment": 21186000.0,
        "Professional Expense And Contract Services Expense": 11973000.0,
        "Other Non Interest Expense": 16257000.0
    },
    "2022-12-31": {
        "Tax Effect Of Unusual Items": NaN,
        "Tax Rate For Calcs": NaN,
        "Total Unusual Items": NaN,
        "Total Unusual Items Excluding Goodwill": NaN,
        "Net Income From Continuing Operation Net Minority Interest": NaN,
        "Reconciled Depreciation": NaN,
        "Net Interest Income": NaN,
        "Interest Expense": NaN,
        "Interest Income": NaN,
        "Normalized Income": NaN,
        "Net Income From Continuing And Discontinued Operation": NaN,
        "Diluted Average Shares": NaN,
        "Basic Average Shares": NaN,
        "Diluted EPS": NaN,
        "Basic EPS": NaN,
        "Diluted NI Availto Com Stockholders": NaN,
        "Net Income Common Stockholders": NaN,
        "Net Income": NaN,
        "Net Income Including Noncontrolling Interests": NaN,
        "Net Income Continuous Operations": NaN,
        "Tax Provision": NaN,
        "Pretax Income": NaN,
        "Special Income Charges": 924000.0,
        "Restructuring And Mergern Acquisition": 0.0,
        "Gain On Sale Of Security": NaN,
        "Selling General And Administration": NaN,
        "Selling And Marketing Expense": NaN,
        "General And Administrative Expense": NaN,
        "Other Gand A": -4896000.0,
        "Insurance And Claims": NaN,
        "Salaries And Wages": NaN,
        "Total Revenue": NaN,
        "Operating Revenue": NaN,
        "Occupancy And Equipment": NaN,
        "Professional Expense And Contract Services Expense": NaN,
        "Other Non Interest Expense": NaN
    },
    "2022-09-30": {
        "Tax Effect Of Unusual Items": NaN,
        "Tax Rate For Calcs": NaN,
        "Total Unusual Items": NaN,
        "Total Unusual Items Excluding Goodwill": NaN,
        "Net Income From Continuing Operation Net Minority Interest": NaN,
        "Reconciled Depreciation": NaN,
        "Net Interest Income": NaN,
        "Interest Expense": NaN,
        "Interest Income": NaN,
        "Normalized Income": NaN,
        "Net Income From Continuing And Discontinued Operation": NaN,
        "Diluted Average Shares": NaN,
        "Basic Average Shares": NaN,
        "Diluted EPS": NaN,
        "Basic EPS": NaN,
        "Diluted NI Availto Com Stockholders": NaN,
        "Net Income Common Stockholders": NaN,
        "Net Income": NaN,
        "Net Income Including Noncontrolling Interests": NaN,
        "Net Income Continuous Operations": NaN,
        "Tax Provision": NaN,
        "Pretax Income": NaN,
        "Special Income Charges": 0.0,
        "Restructuring And Mergern Acquisition": 0.0,
        "Gain On Sale Of Security": NaN,
        "Selling General And Administration": NaN,
        "Selling And Marketing Expense": NaN,
        "General And Administrative Expense": NaN,
        "Other Gand A": 2272000.0,
        "Insurance And Claims": NaN,
        "Salaries And Wages": NaN,
        "Total Revenue": NaN,
        "Operating Revenue": NaN
    },
    "2022-06-30": {
        "Tax Effect Of Unusual Items": 465476.892958,
        "Tax Rate For Calcs": 0.313452,
        "Total Unusual Items": 1485000.0,
        "Total Unusual Items Excluding Goodwill": 1485000.0,
        "Net Income From Continuing Operation Net Minority Interest": 74695000.0,
        "Reconciled Depreciation": 7643000.0,
        "Net Interest Income": 196186000.0,
        "Interest Expense": 12439000.0,
        "Interest Income": 208625000.0,
        "Normalized Income": 73675476.892958,
        "Net Income From Continuing And Discontinued Operation": 74695000.0,
        "Diluted Average Shares": 195366000.0,
        "Basic Average Shares": 194405000.0,
        "Diluted EPS": 0.38,
        "Basic EPS": 0.38,
        "Diluted NI Availto Com Stockholders": 74695000.0,
        "Net Income Common Stockholders": 74695000.0,
        "Net Income": 74695000.0,
        "Net Income Including Noncontrolling Interests": 74695000.0,
        "Net Income Continuous Operations": 74695000.0,
        "Tax Provision": 34103000.0,
        "Pretax Income": 108798000.0,
        "Special Income Charges": 0.0,
        "Restructuring And Mergern Acquisition": 0.0,
        "Gain On Sale Of Security": 3474000.0,
        "Selling General And Administration": 55346000.0,
        "Selling And Marketing Expense": 4042000.0,
        "General And Administrative Expense": 51304000.0,
        "Other Gand A": 1978000.0,
        "Insurance And Claims": 1466000.0,
        "Salaries And Wages": 51304000.0,
        "Total Revenue": 228317000.0,
        "Operating Revenue": 228317000.0
    },
    "2022-03-31": {
        "Diluted EPS": 0.41,
        "Total Revenue": 231,
        "Gross Profit": 218,
        "Operating Income": 126,
        "EBIT": NaN,
        "Net Income": 83
    },
    "2021-12-31": {
        "Diluted EPS": 0.34,
        "Total Revenue": 229,
        "Gross Profit": 215,
        "Operating Income": 117,
        "EBIT": NaN,
        "Net Income": 72
    },
    "2021-09-30": {
        "Diluted EPS": 0.36,
        "Total Revenue": 230,
        "Gross Profit": 215,
        "Operating Income": 115,
        "EBIT": NaN,
        "Net Income": 75
    },
    "2021-06-30": {
        "Diluted EPS": 0.33,
        "Total Revenue": 231,
        "Gross Profit": 215,
        "Operating Income": 122,
        "EBIT": NaN,
        "Net Income": 70
    },
    "2021-03-31": {
        "Diluted EPS": 0.28,
        "Total Revenue": 226,
        "Gross Profit": 207,
        "Operating Income": 100,
        "EBIT": NaN,
        "Net Income": 60
    },
    "2020-12-31": {
        "Diluted EPS": 0.23,
        "Total Revenue": 229,
        "Gross Profit": 208,
        "Operating Income": 78,
        "EBIT": NaN,
        "Net Income": 49
    },
    "2020-09-30": {
        "Diluted EPS": 0.13,
        "Total Revenue": 200,
        "Gross Profit": 179,
        "Operating Income": 35,
        "EBIT": NaN,
        "Net Income": 28
    },
    "2020-06-30": {
        "Diluted EPS": 0.09,
        "Total Revenue": 180,
        "Gross Profit": 156,
        "Operating Income": 30,
        "EBIT": NaN,
        "Net Income": 21
    },
    "2020-03-31": {
        "Diluted EPS": 0.01,
        "Total Revenue": 195,
        "Gross Profit": 169,
        "Operating Income": 0,
        "EBIT": NaN,
        "Net Income": 2
    },
    "2019-12-31": {
        "Diluted EPS": 0.16,
        "Total Revenue": 192,
        "Gross Profit": 164,
        "Operating Income": 64,
        "EBIT": NaN,
        "Net Income": 36
    },
    "2019-09-30": {
        "Diluted EPS": 0.21,
        "Total Revenue": 194,
        "Gross Profit": 166,
        "Operating Income": 66,
        "EBIT": NaN,
        "Net Income": 46
    },
    "2019-06-30": {
        "Diluted EPS": 0.19,
        "Total Revenue": 192,
        "Gross Profit": 165,
        "Operating Income": 59,
        "EBIT": NaN,
        "Net Income": 41
    },
    "2019-03-31": {
        "Diluted EPS": 0.2,
        "Total Revenue": 189,
        "Gross Profit": 163,
        "Operating Income": 61,
        "EBIT": NaN,
        "Net Income": 43
    },
    "2018-12-31": {
        "Diluted EPS": 0.47,
        "Total Revenue": 183,
        "Gross Profit": 158,
        "Operating Income": 60,
        "EBIT": NaN,
        "Net Income": 100
    },
    "2018-09-30": {
        "Diluted EPS": 0.16,
        "Total Revenue": 176,
        "Gross Profit": 151,
        "Operating Income": 49,
        "EBIT": NaN,
        "Net Income": 36
    },
    "2018-06-30": {
        "Diluted EPS": 0.14,
        "Total Revenue": 176,
        "Gross Profit": 151,
        "Operating Income": 41,
        "EBIT": NaN,
        "Net Income": 30
    },
    "2018-03-31": {
        "Diluted EPS": 0.15,
        "Total Revenue": 172,
        "Gross Profit": 147,
        "Operating Income": 41,
        "EBIT": NaN,
        "Net Income": 32
    },
    "2017-12-31": {
        "Diluted EPS": 0.11,
        "Total Revenue": 163,
        "Gross Profit": 137,
        "Operating Income": 26,
        "EBIT": NaN,
        "Net Income": 24
    },
    "2017-09-30": {
        "Diluted EPS": -0.05,
        "Total Revenue": 167,
        "Gross Profit": 141,
        "Operating Income": -19,
        "EBIT": NaN,
        "Net Income": -11
    },
    "2017-06-30": {
        "Diluted EPS": 0.13,
        "Total Revenue": 168,
        "Gross Profit": 144,
        "Operating Income": 37,
        "EBIT": NaN,
        "Net Income": 27
    },
    "2017-03-31": {
        "Diluted EPS": 0.11,
        "Total Revenue": 153,
        "Gross Profit": 131,
        "Operating Income": 17,
        "EBIT": NaN,
        "Net Income": 25
    },
    "2016-12-31": {
        "Diluted EPS": 0.11,
        "Total Revenue": 168,
        "Gross Profit": 145,
        "Operating Income": 37,
        "EBIT": NaN,
        "Net Income": 24
    },
    "2016-09-30": {
        "Diluted EPS": 0.11,
        "Total Revenue": 170,
        "Gross Profit": 144,
        "Operating Income": 35,
        "EBIT": NaN,
        "Net Income": 24
    },
    "2016-06-30": {
        "Diluted EPS": 0.1,
        "Total Revenue": 167,
        "Gross Profit": 140,
        "Operating Income": 29,
        "EBIT": NaN,
        "Net Income": 22
    },
    "2016-03-31": {
        "Diluted EPS": 0.11,
        "Total Revenue": 169,
        "Gross Profit": 143,
        "Operating Income": 29,
        "EBIT": NaN,
        "Net Income": 23
    },
    "2015-12-31": {
        "Diluted EPS": 0.07,
        "Total Revenue": 175,
        "Gross Profit": 148,
        "Operating Income": 19,
        "EBIT": NaN,
        "Net Income": 15
    },
    "2015-09-30": {
        "Diluted EPS": 0.07,
        "Total Revenue": 169,
        "Gross Profit": 144,
        "Operating Income": 19,
        "EBIT": NaN,
        "Net Income": 15
    },
    "2015-06-30": {
        "Diluted EPS": -0.16,
        "Total Revenue": 158,
        "Gross Profit": 133,
        "Operating Income": -44,
        "EBIT": NaN,
        "Net Income": -34
    },
    "2015-03-31": {
        "Diluted EPS": 0.12,
        "Total Revenue": 185,
        "Gross Profit": 158,
        "Operating Income": 34,
        "EBIT": NaN,
        "Net Income": 26
    },
    "2014-12-31": {
        "Diluted EPS": 1.57,
        "Total Revenue": 176,
        "Gross Profit": 147,
        "Operating Income": 29,
        "EBIT": NaN,
        "Net Income": 331
    },
    "2014-09-30": {
        "Diluted EPS": 0.11,
        "Total Revenue": 173,
        "Gross Profit": 144,
        "Operating Income": 23,
        "EBIT": NaN,
        "Net Income": 23
    },
    "2014-06-30": {
        "Diluted EPS": 0.11,
        "Total Revenue": 174,
        "Gross Profit": 146,
        "Operating Income": 21,
        "EBIT": NaN,
        "Net Income": 23
    },
    "2014-03-31": {
        "Diluted EPS": 0.08,
        "Total Revenue": 172,
        "Gross Profit": 143,
        "Operating Income": 18,
        "EBIT": NaN,
        "Net Income": 17
    },
    "2013-12-31": {
        "Diluted EPS": 0.07,
        "Total Revenue": 175,
        "Gross Profit": 145,
        "Operating Income": 16,
        "EBIT": NaN,
        "Net Income": 15
    },
    "2013-09-30": {
        "Diluted EPS": 0.08,
        "Total Revenue": 172,
        "Gross Profit": 141,
        "Operating Income": 20,
        "EBIT": NaN,
        "Net Income": 16
    },
    "2013-06-30": {
        "Diluted EPS": -0.6,
        "Total Revenue": 109,
        "Gross Profit": 75,
        "Operating Income": -124,
        "EBIT": NaN,
        "Net Income": -123
    },
    "2013-03-31": {
        "Diluted EPS": -0.35,
        "Total Revenue": 174,
        "Gross Profit": 138,
        "Operating Income": -71,
        "EBIT": NaN,
        "Net Income": -73
    },
    "2012-12-31": {
        "Diluted EPS": 0.06,
        "Total Revenue": 177,
        "Gross Profit": 137,
        "Operating Income": 16,
        "EBIT": NaN,
        "Net Income": 15
    },
    "2012-09-30": {
        "Diluted EPS": 0.09,
        "Total Revenue": 182,
        "Gross Profit": 141,
        "Operating Income": 20,
        "EBIT": NaN,
        "Net Income": 19
    },
    "2012-06-30": {
        "Diluted EPS": 0.05,
        "Total Revenue": 168,
        "Gross Profit": 123,
        "Operating Income": 11,
        "EBIT": NaN,
        "Net Income": 9
    },
    "2012-03-31": {
        "Diluted EPS": -0.06,
        "Total Revenue": 161,
        "Gross Profit": 110,
        "Operating Income": -11,
        "EBIT": NaN,
        "Net Income": -13
    },
    "2011-12-31": {
        "Diluted EPS": 6.34,
        "Total Revenue": 171,
        "Gross Profit": 113,
        "Operating Income": -15,
        "EBIT": NaN,
        "Net Income": 262
    },
    "2011-09-30": {
        "Diluted EPS": -1.46,
        "Total Revenue": 173,
        "Gross Profit": 108,
        "Operating Income": -21,
        "EBIT": NaN,
        "Net Income": -31
    },
    "2011-06-30": {
        "Diluted EPS": -1.04,
        "Total Revenue": 202,
        "Gross Profit": 133,
        "Operating Income": -12,
        "EBIT": NaN,
        "Net Income": -22
    },
    "2011-03-31": {
        "Diluted EPS": -1.66,
        "Total Revenue": 221,
        "Gross Profit": 147,
        "Operating Income": -25,
        "EBIT": NaN,
        "Net Income": -35
    },
    "2010-12-31": {
        "Diluted EPS": 19.05,
        "Total Revenue": 207,
        "Gross Profit": 126,
        "Operating Income": -158,
        "EBIT": NaN,
        "Net Income": -270
    },
    "2010-09-30": {
        "Diluted EPS": 4.2,
        "Total Revenue": 223,
        "Gross Profit": 133,
        "Operating Income": -76,
        "EBIT": NaN,
        "Net Income": 358
    },
    "2010-06-30": {
        "Diluted EPS": -15.7,
        "Total Revenue": 254,
        "Gross Profit": 159,
        "Operating Income": -87,
        "EBIT": NaN,
        "Net Income": -97
    },
    "2010-03-31": {
        "Diluted EPS": -18.34,
        "Total Revenue": 266,
        "Gross Profit": 162,
        "Operating Income": -100,
        "EBIT": NaN,
        "Net Income": -113
    },
    "2009-12-31": {
        "Diluted EPS": -9.49,
        "Total Revenue": 282,
        "Gross Profit": 176,
        "Operating Income": -50,
        "EBIT": NaN,
        "Net Income": -59
    },
    "2009-09-30": {
        "Diluted EPS": -28.34,
        "Total Revenue": 292,
        "Gross Profit": 179,
        "Operating Income": -52,
        "EBIT": NaN,
        "Net Income": -175
    },
    "2009-06-30": {
        "Diluted EPS": -15.44,
        "Total Revenue": 276,
        "Gross Profit": 154,
        "Operating Income": -177,
        "EBIT": NaN,
        "Net Income": -95
    },
    "2009-03-31": {
        "Diluted EPS": 1.05,
        "Total Revenue": 288,
        "Gross Profit": 152,
        "Operating Income": 8,
        "EBIT": NaN,
        "Net Income": 7
    },
    "2023-09-30": {
        "Tax Effect Of Unusual Items": NaN,
        "Tax Rate For Calcs": NaN,
        "Total Unusual Items": NaN,
        "Total Unusual Items Excluding Goodwill": NaN,
        "Net Income From Continuing Operation Net Minority Interest": NaN,
        "Reconciled Depreciation": NaN,
        "Net Interest Income": NaN,
        "Interest Expense": NaN,
        "Interest Income": NaN,
        "Normalized Income": NaN,
        "Net Income From Continuing And Discontinued Operation": NaN,
        "Diluted Average Shares": NaN,
        "Basic Average Shares": NaN,
        "Diluted EPS": NaN,
        "Basic EPS": NaN,
        "Diluted NI Availto Com Stockholders": NaN,
        "Net Income Common Stockholders": NaN,
        "Net Income": NaN,
        "Net Income Including Noncontrolling Interests": NaN,
        "Net Income Continuous Operations": NaN,
        "Tax Provision": NaN,
        "Pretax Income": NaN,
        "Special Income Charges": 0.0,
        "Gain On Sale Of Security": NaN,
        "Selling General And Administration": NaN,
        "Selling And Marketing Expense": NaN,
        "General And Administrative Expense": NaN,
        "Insurance And Claims": NaN,
        "Salaries And Wages": NaN,
        "Total Revenue": NaN,
        "Operating Revenue": NaN,
        "Occupancy And Equipment": NaN,
        "Professional Expense And Contract Services Expense": NaN,
        "Other Non Interest Expense": NaN
    },
    "2023-12-31": {
        "Tax Effect Of Unusual Items": NaN,
        "Tax Rate For Calcs": NaN,
        "Total Unusual Items": NaN,
        "Total Unusual Items Excluding Goodwill": NaN,
        "Net Income From Continuing Operation Net Minority Interest": NaN,
        "Reconciled Depreciation": NaN,
        "Net Interest Income": NaN,
        "Interest Expense": NaN,
        "Interest Income": NaN,
        "Normalized Income": NaN,
        "Net Income From Continuing And Discontinued Operation": NaN,
        "Diluted Average Shares": NaN,
        "Basic Average Shares": NaN,
        "Diluted EPS": NaN,
        "Basic EPS": NaN,
        "Diluted NI Availto Com Stockholders": NaN,
        "Net Income Common Stockholders": NaN,
        "Net Income": NaN,
        "Net Income Including Noncontrolling Interests": NaN,
        "Net Income Continuous Operations": NaN,
        "Tax Provision": NaN,
        "Pretax Income": NaN,
        "Special Income Charges": 3514000.0,
        "Gain On Sale Of Security": NaN,
        "Selling General And Administration": NaN,
        "Selling And Marketing Expense": NaN,
        "General And Administrative Expense": NaN,
        "Insurance And Claims": NaN,
        "Salaries And Wages": NaN,
        "Total Revenue": NaN,
        "Operating Revenue": NaN,
        "Occupancy And Equipment": NaN,
        "Professional Expense And Contract Services Expense": NaN,
        "Other Non Interest Expense": NaN
    },
    "2024-03-31": {
        "Tax Effect Of Unusual Items": 357063.841582,
        "Tax Rate For Calcs": 0.245912,
        "Total Unusual Items": 1452000.0,
        "Total Unusual Items Excluding Goodwill": 1452000.0,
        "Net Income From Continuing Operation Net Minority Interest": 73458000.0,
        "Reconciled Depreciation": 6521000.0,
        "Net Interest Income": 196520000.0,
        "Interest Expense": 71985000.0,
        "Interest Income": 268505000.0,
        "Normalized Income": 72363063.841582,
        "Net Income From Continuing And Discontinued Operation": 73458000.0,
        "Diluted Average Shares": 167798000.0,
        "Basic Average Shares": 167142000.0,
        "Diluted EPS": 0.44,
        "Basic EPS": 0.44,
        "Diluted NI Availto Com Stockholders": 73458000.0,
        "Net Income Common Stockholders": 73458000.0,
        "Net Income": 73458000.0,
        "Net Income Including Noncontrolling Interests": 73458000.0,
        "Net Income Continuous Operations": 73458000.0,
        "Tax Provision": 23955000.0,
        "Pretax Income": 97413000.0,
        "Special Income Charges": NaN,
        "Gain On Sale Of Security": 1031000.0,
        "Selling General And Administration": 66450000.0,
        "Selling And Marketing Expense": 3842000.0,
        "General And Administrative Expense": 62608000.0,
        "Insurance And Claims": 3102000.0,
        "Salaries And Wages": 59506000.0,
        "Total Revenue": 227235000.0,
        "Operating Revenue": 227235000.0,
        "Occupancy And Equipment": 21381000.0,
        "Professional Expense And Contract Services Expense": 12676000.0,
        "Other Non Interest Expense": 16117000.0
    },
    "2024-06-30": {
        "Tax Effect Of Unusual Items": 909236.321132,
        "Tax Rate For Calcs": 0.251936,
        "Total Unusual Items": 3609000.0,
        "Total Unusual Items Excluding Goodwill": 3609000.0,
        "Net Income From Continuing Operation Net Minority Interest": 75838000.0,
        "Reconciled Depreciation": 6475000.0,
        "Net Interest Income": 199628000.0,
        "Interest Expense": 72617000.0,
        "Interest Income": 272245000.0,
        "Normalized Income": 73138236.321132,
        "Net Income From Continuing And Discontinued Operation": 75838000.0,
        "Diluted Average Shares": 165543000.0,
        "Basic Average Shares": 164945000.0,
        "Diluted EPS": 0.46,
        "Basic EPS": 0.46,
        "Diluted NI Availto Com Stockholders": 75838000.0,
        "Net Income Common Stockholders": 75838000.0,
        "Net Income": 75838000.0,
        "Net Income Including Noncontrolling Interests": 75838000.0,
        "Net Income Continuous Operations": 75838000.0,
        "Tax Provision": 25541000.0,
        "Pretax Income": 101379000.0,
        "Special Income Charges": 0.0,
        "Gain On Sale Of Security": -92000.0,
        "Selling General And Administration": 64131000.0,
        "Selling And Marketing Expense": 4359000.0,
        "General And Administrative Expense": 59772000.0,
        "Insurance And Claims": 2316000.0,
        "Salaries And Wages": 57456000.0,
        "Total Revenue": 227576000.0,
        "Operating Revenue": 227576000.0,
        "Occupancy And Equipment": 21851000.0,
        "Professional Expense And Contract Services Expense": 12431000.0,
        "Other Non Interest Expense": 16271000.0
    },
    "2024-09-30": {
        "Tax Effect Of Unusual Items": 314780.165169,
        "Tax Rate For Calcs": 0.235086,
        "Total Unusual Items": 1339000.0,
        "Total Unusual Items Excluding Goodwill": 1339000.0,
        "Net Income From Continuing Operation Net Minority Interest": 73727000.0,
        "Reconciled Depreciation": 6122000.0,
        "Net Interest Income": 202064000.0,
        "Interest Expense": 72611000.0,
        "Interest Income": 274675000.0,
        "Normalized Income": 72702780.165169,
        "Net Income From Continuing And Discontinued Operation": 73727000.0,
        "Diluted Average Shares": 163872000.0,
        "Basic Average Shares": 163059000.0,
        "Diluted EPS": 0.45,
        "Basic EPS": 0.45,
        "Diluted NI Availto Com Stockholders": 73727000.0,
        "Net Income Common Stockholders": 73727000.0,
        "Net Income": 73727000.0,
        "Net Income Including Noncontrolling Interests": 73727000.0,
        "Net Income Continuous Operations": 73727000.0,
        "Tax Provision": 22659000.0,
        "Pretax Income": 96386000.0,
        "Special Income Charges": 0.0,
        "Gain On Sale Of Security": 184000.0,
        "Selling General And Administration": 65361000.0,
        "Selling And Marketing Expense": 4116000.0,
        "General And Administrative Expense": 61245000.0,
        "Insurance And Claims": 2164000.0,
        "Salaries And Wages": 59081000.0,
        "Total Revenue": 228994000.0,
        "Operating Revenue": 228994000.0,
        "Occupancy And Equipment": 22424000.0,
        "Professional Expense And Contract Services Expense": 12538000.0,
        "Other Non Interest Expense": 16856000.0
    },
    "2024-12-31": {
        "Tax Effect Of Unusual Items": 249154.484583,
        "Tax Rate For Calcs": 0.211686,
        "Total Unusual Items": 1177000.0,
        "Total Unusual Items Excluding Goodwill": 1177000.0,
        "Net Income From Continuing Operation Net Minority Interest": 75701000.0,
        "Reconciled Depreciation": 5878000.0,
        "Net Interest Income": 209267000.0,
        "Interest Expense": 70461000.0,
        "Interest Income": 279728000.0,
        "Normalized Income": 74773154.484583,
        "Net Income From Continuing And Discontinued Operation": 75701000.0,
        "Diluted Average Shares": 163893000.0,
        "Basic Average Shares": 163084000.0,
        "Diluted EPS": 0.46,
        "Basic EPS": 0.46,
        "Diluted NI Availto Com Stockholders": 75701000.0,
        "Net Income Common Stockholders": 75701000.0,
        "Net Income": 75701000.0,
        "Net Income Including Noncontrolling Interests": 75701000.0,
        "Net Income Continuous Operations": 75701000.0,
        "Tax Provision": 20328000.0,
        "Pretax Income": 96029000.0,
        "Special Income Charges": 103000.0,
        "Gain On Sale Of Security": 303000.0,
        "Selling General And Administration": 66813000.0,
        "Selling And Marketing Expense": 5328000.0,
        "General And Administrative Expense": 61485000.0,
        "Insurance And Claims": 2236000.0,
        "Salaries And Wages": 59249000.0,
        "Total Revenue": 221279000.0,
        "Operating Revenue": 221279000.0,
        "Occupancy And Equipment": 22771000.0,
        "Professional Expense And Contract Services Expense": 11810000.0,
        "Other Non Interest Expense": -3683000.0
    },
    "2025-03-31": {
        "Tax Effect Of Unusual Items": 261597.423703,
        "Tax Rate For Calcs": 0.231707,
        "Total Unusual Items": 1129000.0,
        "Total Unusual Items Excluding Goodwill": 1129000.0,
        "Net Income From Continuing Operation Net Minority Interest": 77059000.0,
        "Reconciled Depreciation": 5705000.0,
        "Net Interest Income": 212397000.0,
        "Interest Expense": 64668000.0,
        "Interest Income": 277065000.0,
        "Normalized Income": 76191597.423703,
        "Net Income From Continuing And Discontinued Operation": 77059000.0,
        "Diluted Average Shares": 163749000.0,
        "Basic Average Shares": 162934000.0,
        "Diluted EPS": 0.47,
        "Basic EPS": 0.47,
        "Diluted NI Availto Com Stockholders": 77059000.0,
        "Net Income Common Stockholders": 77059000.0,
        "Net Income": 77059000.0,
        "Net Income Including Noncontrolling Interests": 77059000.0,
        "Net Income Continuous Operations": 77059000.0,
        "Tax Provision": 23240000.0,
        "Pretax Income": 100299000.0,
        "Special Income Charges": NaN,
        "Gain On Sale Of Security": -36000.0,
        "Selling General And Administration": 67651000.0,
        "Selling And Marketing Expense": 3278000.0,
        "General And Administrative Expense": 64373000.0,
        "Insurance And Claims": 2236000.0,
        "Salaries And Wages": 62137000.0,
        "Total Revenue": 244114000.0,
        "Operating Revenue": 244114000.0,
        "Occupancy And Equipment": 22630000.0,
        "Professional Expense And Contract Services Expense": 11486000.0,
        "Other Non Interest Expense": 17274000.0
    },
    "2025-06-30": {
        "Tax Effect Of Unusual Items": 130423.822715,
        "Tax Rate For Calcs": 0.220683,
        "Total Unusual Items": 591000.0,
        "Total Unusual Items Excluding Goodwill": 591000.0,
        "Net Income From Continuing Operation Net Minority Interest": 80180000.0,
        "Reconciled Depreciation": 5536000.0,
        "Net Interest Income": 215859000.0,
        "Interest Expense": 62331000.0,
        "Interest Income": 278190000.0,
        "Normalized Income": 79719423.822715,
        "Net Income From Continuing And Discontinued Operation": 80180000.0,
        "Diluted Average Shares": 161513000.0,
        "Basic Average Shares": 160884000.0,
        "Diluted EPS": 0.5,
        "Basic EPS": 0.5,
        "Diluted NI Availto Com Stockholders": 80180000.0,
        "Net Income Common Stockholders": 80180000.0,
        "Net Income": 80180000.0,
        "Net Income Including Noncontrolling Interests": 80180000.0,
        "Net Income Continuous Operations": 80180000.0,
        "Tax Provision": 22705000.0,
        "Pretax Income": 102885000.0,
        "Special Income Charges": NaN,
        "Gain On Sale Of Security": 81000.0,
        "Selling General And Administration": 65788000.0,
        "Selling And Marketing Expense": 3495000.0,
        "General And Administrative Expense": 62293000.0,
        "Insurance And Claims": 2235000.0,
        "Salaries And Wages": 60058000.0,
        "Total Revenue": 239734000.0,
        "Operating Revenue": 239734000.0,
        "Occupancy And Equipment": 22297000.0,
        "Professional Expense And Contract Services Expense": 11609000.0,
        "Other Non Interest Expense": 16487000.0
    }
}