{
    "2023-03-31": {
        "Tax Effect Of Unusual Items": 0.0,
        "Tax Rate For Calcs": 0.168,
        "Net Income From Continuing Operation Net Minority Interest": 3816000.0,
        "Reconciled Depreciation": 254000.0,
        "Net Interest Income": 9180000.0,
        "Interest Expense": 996000.0,
        "Interest Income": 10176000.0,
        "Normalized Income": 3816000.0,
        "Net Income From Continuing And Discontinued Operation": 3816000.0,
        "Diluted Average Shares": 3353623.0,
        "Basic Average Shares": 3353623.0,
        "Diluted EPS": 1.14,
        "Basic EPS": 1.14,
        "Diluted NI Availto Com Stockholders": 3816000.0,
        "Net Income Common Stockholders": 3816000.0,
        "Net Income": 3816000.0,
        "Minority Interests": -3000.0,
        "Net Income Including Noncontrolling Interests": 3819000.0,
        "Net Income Continuous Operations": 3819000.0,
        "Tax Provision": 769000.0,
        "Pretax Income": 4588000.0,
        "Gain On Sale Of Security": 137000.0,
        "Selling General And Administration": 3872000.0,
        "Selling And Marketing Expense": 83000.0,
        "General And Administrative Expense": 3789000.0,
        "Salaries And Wages": 3789000.0,
        "Total Revenue": 11182000.0,
        "Operating Revenue": 11182000.0,
        "Occupancy And Equipment": 447000.0,
        "Professional Expense And Contract Services Expense": 186000.0,
        "Other Non Interest Expense": 1896000.0
    },
    "2022-12-31": {
        "Tax Effect Of Unusual Items": 0.0,
        "Tax Rate For Calcs": 0.184955,
        "Net Income From Continuing Operation Net Minority Interest": 3540000.0,
        "Reconciled Depreciation": 261000.0,
        "Net Interest Income": 9097000.0,
        "Interest Expense": 684000.0,
        "Interest Income": 9781000.0,
        "Normalized Income": 3540000.0,
        "Net Income From Continuing And Discontinued Operation": 3540000.0,
        "Diluted Average Shares": NaN,
        "Basic Average Shares": NaN,
        "Diluted EPS": NaN,
        "Basic EPS": NaN,
        "Diluted NI Availto Com Stockholders": 3540000.0,
        "Net Income Common Stockholders": 3540000.0,
        "Net Income": 3540000.0,
        "Minority Interests": -3000.0,
        "Net Income Including Noncontrolling Interests": 3543000.0,
        "Net Income Continuous Operations": 3543000.0,
        "Tax Provision": 804000.0,
        "Pretax Income": 4347000.0,
        "Gain On Sale Of Security": -149000.0,
        "Selling General And Administration": 3870000.0,
        "Selling And Marketing Expense": 150000.0,
        "General And Administrative Expense": 3720000.0,
        "Salaries And Wages": 3720000.0,
        "Total Revenue": 11050000.0,
        "Operating Revenue": 11050000.0
    },
    "2022-09-30": {
        "Tax Effect Of Unusual Items": NaN,
        "Tax Rate For Calcs": NaN,
        "Net Income From Continuing Operation Net Minority Interest": NaN,
        "Reconciled Depreciation": NaN,
        "Net Interest Income": NaN,
        "Interest Expense": NaN,
        "Interest Income": NaN,
        "Normalized Income": NaN,
        "Net Income From Continuing And Discontinued Operation": NaN,
        "Diluted Average Shares": NaN,
        "Basic Average Shares": NaN,
        "Diluted EPS": NaN,
        "Basic EPS": NaN,
        "Diluted NI Availto Com Stockholders": NaN,
        "Net Income Common Stockholders": NaN,
        "Net Income": NaN,
        "Minority Interests": NaN,
        "Net Income Including Noncontrolling Interests": NaN,
        "Net Income Continuous Operations": NaN,
        "Tax Provision": NaN,
        "Pretax Income": NaN,
        "Gain On Sale Of Security": NaN,
        "Selling General And Administration": NaN,
        "Selling And Marketing Expense": NaN,
        "General And Administrative Expense": NaN,
        "Other Gand A": 1047000.0,
        "Salaries And Wages": NaN,
        "Total Revenue": NaN,
        "Operating Revenue": NaN
    },
    "2022-06-30": {
        "Tax Effect Of Unusual Items": 0.0,
        "Tax Rate For Calcs": 0.141,
        "Net Income From Continuing Operation Net Minority Interest": 2710000.0,
        "Reconciled Depreciation": 269000.0,
        "Net Interest Income": 7627000.0,
        "Interest Expense": 267000.0,
        "Interest Income": 7894000.0,
        "Normalized Income": 2710000.0,
        "Net Income From Continuing And Discontinued Operation": 2710000.0,
        "Diluted Average Shares": 3350745.0,
        "Basic Average Shares": 3350745.0,
        "Diluted EPS": 0.81,
        "Basic EPS": 0.81,
        "Diluted NI Availto Com Stockholders": 2710000.0,
        "Net Income Common Stockholders": 2710000.0,
        "Net Income": 2710000.0,
        "Minority Interests": -4000.0,
        "Net Income Including Noncontrolling Interests": 2714000.0,
        "Net Income Continuous Operations": 2714000.0,
        "Tax Provision": 447000.0,
        "Pretax Income": 3161000.0,
        "Gain On Sale Of Security": -99000.0,
        "Selling General And Administration": 3730000.0,
        "Selling And Marketing Expense": 79000.0,
        "General And Administrative Expense": 3651000.0,
        "Other Gand A": 993000.0,
        "Salaries And Wages": 3651000.0,
        "Total Revenue": 9596000.0,
        "Operating Revenue": 9596000.0
    },
    "2022-03-31": {
        "Diluted EPS": 0.75,
        "Total Revenue": 9,
        "Gross Profit": 9,
        "Operating Income": 3,
        "EBIT": NaN,
        "Net Income": 3
    },
    "2021-12-31": {
        "Diluted EPS": 0.83,
        "Total Revenue": 10,
        "Gross Profit": 9,
        "Operating Income": 3,
        "EBIT": NaN,
        "Net Income": 3
    },
    "2021-09-30": {
        "Diluted EPS": 0.88,
        "Total Revenue": 10,
        "Gross Profit": 10,
        "Operating Income": 4,
        "EBIT": NaN,
        "Net Income": 3
    },
    "2021-06-30": {
        "Diluted EPS": 0.82,
        "Total Revenue": 10,
        "Gross Profit": 9,
        "Operating Income": 3,
        "EBIT": NaN,
        "Net Income": 3
    },
    "2021-03-31": {
        "Diluted EPS": 0.88,
        "Total Revenue": 10,
        "Gross Profit": 9,
        "Operating Income": 4,
        "EBIT": NaN,
        "Net Income": 3
    },
    "2020-12-31": {
        "Diluted EPS": 0.84,
        "Total Revenue": 10,
        "Gross Profit": 9,
        "Operating Income": 3,
        "EBIT": NaN,
        "Net Income": 3
    },
    "2020-09-30": {
        "Diluted EPS": 0.82,
        "Total Revenue": 10,
        "Gross Profit": 9,
        "Operating Income": 3,
        "EBIT": NaN,
        "Net Income": 3
    },
    "2020-06-30": {
        "Diluted EPS": 0.73,
        "Total Revenue": 10,
        "Gross Profit": 9,
        "Operating Income": 3,
        "EBIT": NaN,
        "Net Income": 2
    },
    "2020-03-31": {
        "Diluted EPS": 0.63,
        "Total Revenue": 9,
        "Gross Profit": 9,
        "Operating Income": 2,
        "EBIT": NaN,
        "Net Income": 2
    },
    "2019-12-31": {
        "Diluted EPS": 0.72,
        "Total Revenue": 10,
        "Gross Profit": 9,
        "Operating Income": 3,
        "EBIT": NaN,
        "Net Income": 2
    },
    "2019-09-30": {
        "Diluted EPS": 0.87,
        "Total Revenue": 10,
        "Gross Profit": 10,
        "Operating Income": 3,
        "EBIT": NaN,
        "Net Income": 3
    },
    "2019-06-30": {
        "Diluted EPS": 0.86,
        "Total Revenue": 10,
        "Gross Profit": 9,
        "Operating Income": 3,
        "EBIT": NaN,
        "Net Income": 3
    },
    "2019-03-31": {
        "Diluted EPS": 0.64,
        "Total Revenue": 9,
        "Gross Profit": 9,
        "Operating Income": 3,
        "EBIT": NaN,
        "Net Income": 2
    },
    "2018-12-31": {
        "Diluted EPS": 0.74,
        "Total Revenue": 9,
        "Gross Profit": 8,
        "Operating Income": 3,
        "EBIT": NaN,
        "Net Income": 2
    },
    "2018-09-30": {
        "Diluted EPS": 0.76,
        "Total Revenue": 9,
        "Gross Profit": 9,
        "Operating Income": 3,
        "EBIT": NaN,
        "Net Income": 3
    },
    "2018-06-30": {
        "Diluted EPS": 0.63,
        "Total Revenue": 9,
        "Gross Profit": 8,
        "Operating Income": 2,
        "EBIT": NaN,
        "Net Income": 2
    },
    "2018-03-31": {
        "Diluted EPS": 0.64,
        "Total Revenue": 8,
        "Gross Profit": 8,
        "Operating Income": 2,
        "EBIT": NaN,
        "Net Income": 2
    },
    "2017-12-31": {
        "Diluted EPS": 0.48,
        "Total Revenue": 8,
        "Gross Profit": 8,
        "Operating Income": 3,
        "EBIT": NaN,
        "Net Income": 2
    },
    "2017-09-30": {
        "Diluted EPS": 0.63,
        "Total Revenue": 8,
        "Gross Profit": 8,
        "Operating Income": 3,
        "EBIT": NaN,
        "Net Income": 2
    },
    "2017-06-30": {
        "Diluted EPS": 0.66,
        "Total Revenue": 8,
        "Gross Profit": 8,
        "Operating Income": 3,
        "EBIT": NaN,
        "Net Income": 2
    },
    "2017-03-31": {
        "Diluted EPS": 0.46,
        "Total Revenue": 8,
        "Gross Profit": 7,
        "Operating Income": 2,
        "EBIT": NaN,
        "Net Income": 2
    },
    "2016-12-31": {
        "Diluted EPS": 0.52,
        "Total Revenue": 8,
        "Gross Profit": 7,
        "Operating Income": 2,
        "EBIT": NaN,
        "Net Income": 2
    },
    "2016-09-30": {
        "Diluted EPS": 0.53,
        "Total Revenue": 8,
        "Gross Profit": 8,
        "Operating Income": 2,
        "EBIT": NaN,
        "Net Income": 2
    },
    "2016-06-30": {
        "Diluted EPS": 0.53,
        "Total Revenue": 8,
        "Gross Profit": 7,
        "Operating Income": 2,
        "EBIT": NaN,
        "Net Income": 2
    },
    "2016-03-31": {
        "Diluted EPS": 0.47,
        "Total Revenue": 8,
        "Gross Profit": 7,
        "Operating Income": 2,
        "EBIT": NaN,
        "Net Income": 2
    },
    "2015-12-31": {
        "Diluted EPS": 0.38,
        "Total Revenue": 6,
        "Gross Profit": 6,
        "Operating Income": 3,
        "EBIT": NaN,
        "Net Income": 1
    },
    "2015-09-30": {
        "Diluted EPS": 0.51,
        "Total Revenue": 6,
        "Gross Profit": 6,
        "Operating Income": 2,
        "EBIT": NaN,
        "Net Income": 1
    },
    "2015-06-30": {
        "Diluted EPS": 0.45,
        "Total Revenue": 6,
        "Gross Profit": 6,
        "Operating Income": 2,
        "EBIT": NaN,
        "Net Income": 1
    },
    "2015-03-31": {
        "Diluted EPS": 0.53,
        "Total Revenue": 6,
        "Gross Profit": 6,
        "Operating Income": 2,
        "EBIT": NaN,
        "Net Income": 1
    },
    "2014-12-31": {
        "Diluted EPS": 0.45,
        "Total Revenue": 6,
        "Gross Profit": 6,
        "Operating Income": 2,
        "EBIT": NaN,
        "Net Income": 1
    },
    "2014-09-30": {
        "Diluted EPS": 0.56,
        "Total Revenue": 6,
        "Gross Profit": 6,
        "Operating Income": 2,
        "EBIT": NaN,
        "Net Income": 2
    },
    "2014-06-30": {
        "Diluted EPS": 0.55,
        "Total Revenue": 6,
        "Gross Profit": 6,
        "Operating Income": 2,
        "EBIT": NaN,
        "Net Income": 2
    },
    "2014-03-31": {
        "Diluted EPS": 0.47,
        "Total Revenue": 5,
        "Gross Profit": 5,
        "Operating Income": 2,
        "EBIT": NaN,
        "Net Income": 1
    },
    "2013-12-31": {
        "Diluted EPS": 0.45,
        "Total Revenue": 6,
        "Gross Profit": 5,
        "Operating Income": 2,
        "EBIT": NaN,
        "Net Income": 1
    },
    "2013-09-30": {
        "Diluted EPS": 0.51,
        "Total Revenue": 6,
        "Gross Profit": 5,
        "Operating Income": 2,
        "EBIT": NaN,
        "Net Income": 1
    },
    "2013-06-30": {
        "Diluted EPS": 0.43,
        "Total Revenue": 6,
        "Gross Profit": 5,
        "Operating Income": 2,
        "EBIT": NaN,
        "Net Income": 1
    },
    "2013-03-31": {
        "Diluted EPS": 0.43,
        "Total Revenue": 6,
        "Gross Profit": 5,
        "Operating Income": 2,
        "EBIT": NaN,
        "Net Income": 1
    },
    "2012-12-31": {
        "Diluted EPS": 0.45,
        "Total Revenue": 6,
        "Gross Profit": 5,
        "Operating Income": 2,
        "EBIT": NaN,
        "Net Income": 1
    },
    "2012-09-30": {
        "Diluted EPS": 0.26,
        "Total Revenue": 6,
        "Gross Profit": 5,
        "Operating Income": 1,
        "EBIT": NaN,
        "Net Income": 1
    },
    "2012-06-30": {
        "Diluted EPS": 0.37,
        "Total Revenue": 6,
        "Gross Profit": 5,
        "Operating Income": 1,
        "EBIT": NaN,
        "Net Income": 1
    },
    "2012-03-31": {
        "Diluted EPS": 0.33,
        "Total Revenue": 6,
        "Gross Profit": 5,
        "Operating Income": 1,
        "EBIT": NaN,
        "Net Income": 1
    },
    "2011-12-31": {
        "Diluted EPS": 0.38,
        "Total Revenue": 6,
        "Gross Profit": 5,
        "Operating Income": 1,
        "EBIT": NaN,
        "Net Income": 1
    },
    "2011-09-30": {
        "Diluted EPS": 0.39,
        "Total Revenue": 6,
        "Gross Profit": 5,
        "Operating Income": 2,
        "EBIT": NaN,
        "Net Income": 1
    },
    "2011-06-30": {
        "Diluted EPS": 0.34,
        "Total Revenue": 6,
        "Gross Profit": 5,
        "Operating Income": 1,
        "EBIT": NaN,
        "Net Income": 1
    },
    "2011-03-31": {
        "Diluted EPS": 0.32,
        "Total Revenue": 6,
        "Gross Profit": 5,
        "Operating Income": 1,
        "EBIT": NaN,
        "Net Income": 1
    },
    "2010-12-31": {
        "Diluted EPS": 0.35,
        "Total Revenue": 6,
        "Gross Profit": 5,
        "Operating Income": 1,
        "EBIT": NaN,
        "Net Income": 1
    },
    "2010-09-30": {
        "Diluted EPS": 0.33,
        "Total Revenue": 7,
        "Gross Profit": 5,
        "Operating Income": 1,
        "EBIT": NaN,
        "Net Income": 1
    },
    "2010-06-30": {
        "Diluted EPS": 0.35,
        "Total Revenue": 7,
        "Gross Profit": 5,
        "Operating Income": 1,
        "EBIT": NaN,
        "Net Income": 1
    },
    "2010-03-31": {
        "Diluted EPS": 0.36,
        "Total Revenue": 6,
        "Gross Profit": 5,
        "Operating Income": 1,
        "EBIT": NaN,
        "Net Income": 1
    },
    "2009-12-31": {
        "Diluted EPS": 0.14,
        "Total Revenue": 6,
        "Gross Profit": 4,
        "Operating Income": 1,
        "EBIT": NaN,
        "Net Income": 0
    },
    "2009-09-30": {
        "Diluted EPS": 0.0,
        "Total Revenue": 7,
        "Gross Profit": 5,
        "Operating Income": 0,
        "EBIT": NaN,
        "Net Income": 0
    },
    "2009-06-30": {
        "Diluted EPS": -0.15,
        "Total Revenue": 7,
        "Gross Profit": 5,
        "Operating Income": -1,
        "EBIT": NaN,
        "Net Income": 0
    },
    "2009-03-31": {
        "Diluted EPS": 0.29,
        "Total Revenue": 7,
        "Gross Profit": 5,
        "Operating Income": 1,
        "EBIT": NaN,
        "Net Income": 1
    },
    "2023-06-30": {
        "Tax Effect Of Unusual Items": 0.0,
        "Tax Rate For Calcs": 0.135802,
        "Net Income From Continuing Operation Net Minority Interest": 2726000.0,
        "Reconciled Depreciation": 255000.0,
        "Net Interest Income": 8301000.0,
        "Interest Expense": 2288000.0,
        "Interest Income": 10589000.0,
        "Normalized Income": 2726000.0,
        "Net Income From Continuing And Discontinued Operation": 2726000.0,
        "Diluted Average Shares": 3344063.0,
        "Basic Average Shares": 3344063.0,
        "Diluted EPS": 0.82,
        "Basic EPS": 0.82,
        "Diluted NI Availto Com Stockholders": 2726000.0,
        "Net Income Common Stockholders": 2726000.0,
        "Net Income": 2726000.0,
        "Minority Interests": -4000.0,
        "Net Income Including Noncontrolling Interests": 2730000.0,
        "Net Income Continuous Operations": 2730000.0,
        "Tax Provision": 429000.0,
        "Pretax Income": 3159000.0,
        "Gain On Sale Of Security": -106000.0,
        "Selling General And Administration": 3896000.0,
        "Selling And Marketing Expense": 94000.0,
        "General And Administrative Expense": 3802000.0,
        "Salaries And Wages": 3802000.0,
        "Total Revenue": 10175000.0,
        "Operating Revenue": 10175000.0,
        "Occupancy And Equipment": 446000.0,
        "Professional Expense And Contract Services Expense": 165000.0,
        "Other Non Interest Expense": 2159000.0
    },
    "2023-09-30": {
        "Tax Effect Of Unusual Items": NaN,
        "Tax Rate For Calcs": NaN,
        "Net Income From Continuing Operation Net Minority Interest": NaN,
        "Reconciled Depreciation": NaN,
        "Net Interest Income": NaN,
        "Interest Expense": NaN,
        "Interest Income": NaN,
        "Normalized Income": NaN,
        "Net Income From Continuing And Discontinued Operation": NaN,
        "Diluted Average Shares": 3345869.0,
        "Basic Average Shares": 3345869.0,
        "Diluted EPS": 0.94,
        "Basic EPS": 0.94,
        "Diluted NI Availto Com Stockholders": NaN,
        "Net Income Common Stockholders": NaN,
        "Net Income": NaN,
        "Minority Interests": NaN,
        "Net Income Including Noncontrolling Interests": NaN,
        "Net Income Continuous Operations": NaN,
        "Tax Provision": NaN,
        "Pretax Income": NaN,
        "Gain On Sale Of Security": NaN,
        "Selling General And Administration": NaN,
        "Selling And Marketing Expense": NaN,
        "General And Administrative Expense": NaN,
        "Salaries And Wages": NaN,
        "Total Revenue": NaN,
        "Operating Revenue": NaN,
        "Occupancy And Equipment": NaN,
        "Professional Expense And Contract Services Expense": NaN,
        "Other Non Interest Expense": NaN
    },
    "2023-12-31": {
        "Tax Effect Of Unusual Items": 0.0,
        "Tax Rate For Calcs": 0.133111,
        "Net Income From Continuing Operation Net Minority Interest": 3110000.0,
        "Reconciled Depreciation": 261000.0,
        "Net Interest Income": 8530000.0,
        "Interest Expense": 3091000.0,
        "Interest Income": 11621000.0,
        "Normalized Income": 3110000.0,
        "Net Income From Continuing And Discontinued Operation": 3110000.0,
        "Diluted Average Shares": 3345910.0,
        "Basic Average Shares": 3345910.0,
        "Diluted EPS": 0.93,
        "Basic EPS": 0.93,
        "Diluted NI Availto Com Stockholders": 3110000.0,
        "Net Income Common Stockholders": 3110000.0,
        "Net Income": 3110000.0,
        "Minority Interests": -3000.0,
        "Net Income Including Noncontrolling Interests": 3113000.0,
        "Net Income Continuous Operations": 3113000.0,
        "Tax Provision": 478000.0,
        "Pretax Income": 3591000.0,
        "Gain On Sale Of Security": -130000.0,
        "Selling General And Administration": 3770000.0,
        "Selling And Marketing Expense": 90000.0,
        "General And Administrative Expense": 3680000.0,
        "Salaries And Wages": 3680000.0,
        "Total Revenue": 10379000.0,
        "Operating Revenue": 10379000.0,
        "Occupancy And Equipment": 434000.0,
        "Professional Expense And Contract Services Expense": 221000.0,
        "Other Non Interest Expense": 2055000.0
    },
    "2024-03-31": {
        "Tax Effect Of Unusual Items": 0.0,
        "Tax Rate For Calcs": 0.146,
        "Net Income From Continuing Operation Net Minority Interest": 2952000.0,
        "Reconciled Depreciation": 265000.0,
        "Net Interest Income": 8588000.0,
        "Interest Expense": 3237000.0,
        "Interest Income": 11825000.0,
        "Normalized Income": 2952000.0,
        "Net Income From Continuing And Discontinued Operation": 2952000.0,
        "Diluted Average Shares": 3345060.0,
        "Basic Average Shares": 3345060.0,
        "Diluted EPS": 0.88,
        "Basic EPS": 0.88,
        "Diluted NI Availto Com Stockholders": 2952000.0,
        "Net Income Common Stockholders": 2952000.0,
        "Net Income": 2952000.0,
        "Minority Interests": -3000.0,
        "Net Income Including Noncontrolling Interests": 2955000.0,
        "Net Income Continuous Operations": 2955000.0,
        "Tax Provision": 507000.0,
        "Pretax Income": 3462000.0,
        "Gain On Sale Of Security": -36000.0,
        "Selling General And Administration": 3931000.0,
        "Selling And Marketing Expense": 88000.0,
        "General And Administrative Expense": 3843000.0,
        "Salaries And Wages": 3843000.0,
        "Total Revenue": 10499000.0,
        "Operating Revenue": 10499000.0,
        "Occupancy And Equipment": 463000.0,
        "Professional Expense And Contract Services Expense": 259000.0,
        "Other Non Interest Expense": 2104000.0
    },
    "2024-06-30": {
        "Tax Effect Of Unusual Items": 0.0,
        "Tax Rate For Calcs": 0.147,
        "Net Income From Continuing Operation Net Minority Interest": 2828000.0,
        "Reconciled Depreciation": 270000.0,
        "Net Interest Income": 8633000.0,
        "Interest Expense": 3561000.0,
        "Interest Income": 12194000.0,
        "Normalized Income": 2828000.0,
        "Net Income From Continuing And Discontinued Operation": 2828000.0,
        "Diluted Average Shares": 3345401.0,
        "Basic Average Shares": 3345278.0,
        "Diluted EPS": 0.85,
        "Basic EPS": 0.85,
        "Diluted NI Availto Com Stockholders": 2828000.0,
        "Net Income Common Stockholders": 2828000.0,
        "Net Income": 2828000.0,
        "Minority Interests": -4000.0,
        "Net Income Including Noncontrolling Interests": 2832000.0,
        "Net Income Continuous Operations": 2832000.0,
        "Tax Provision": 488000.0,
        "Pretax Income": 3320000.0,
        "Gain On Sale Of Security": -6000.0,
        "Selling General And Administration": 4041000.0,
        "Selling And Marketing Expense": 79000.0,
        "General And Administrative Expense": 3962000.0,
        "Salaries And Wages": 3962000.0,
        "Total Revenue": 10680000.0,
        "Operating Revenue": 10680000.0,
        "Occupancy And Equipment": 480000.0,
        "Professional Expense And Contract Services Expense": 303000.0,
        "Other Non Interest Expense": 2176000.0
    },
    "2024-09-30": {
        "Tax Effect Of Unusual Items": 0.0,
        "Tax Rate For Calcs": 0.156,
        "Net Income From Continuing Operation Net Minority Interest": 2898000.0,
        "Reconciled Depreciation": 274000.0,
        "Net Interest Income": 9098000.0,
        "Interest Expense": 4099000.0,
        "Interest Income": 13197000.0,
        "Normalized Income": 2898000.0,
        "Net Income From Continuing And Discontinued Operation": 2898000.0,
        "Diluted Average Shares": 3347236.0,
        "Basic Average Shares": 3347236.0,
        "Diluted EPS": 0.87,
        "Basic EPS": 0.87,
        "Diluted NI Availto Com Stockholders": 2898000.0,
        "Net Income Common Stockholders": 2898000.0,
        "Net Income": 2898000.0,
        "Minority Interests": -3000.0,
        "Net Income Including Noncontrolling Interests": 2901000.0,
        "Net Income Continuous Operations": 2901000.0,
        "Tax Provision": 537000.0,
        "Pretax Income": 3438000.0,
        "Gain On Sale Of Security": -196000.0,
        "Selling General And Administration": 3998000.0,
        "Selling And Marketing Expense": 107000.0,
        "General And Administrative Expense": 3891000.0,
        "Salaries And Wages": 3891000.0,
        "Total Revenue": 10925000.0,
        "Operating Revenue": 10925000.0,
        "Occupancy And Equipment": 476000.0,
        "Professional Expense And Contract Services Expense": 334000.0,
        "Other Non Interest Expense": 2216000.0
    },
    "2024-12-31": {
        "Tax Effect Of Unusual Items": 0.0,
        "Tax Rate For Calcs": 0.173208,
        "Net Income From Continuing Operation Net Minority Interest": 3262000.0,
        "Reconciled Depreciation": 288000.0,
        "Net Interest Income": 9383000.0,
        "Interest Expense": 3784000.0,
        "Interest Income": 13167000.0,
        "Normalized Income": 3262000.0,
        "Net Income From Continuing And Discontinued Operation": 3262000.0,
        "Diluted Average Shares": NaN,
        "Basic Average Shares": NaN,
        "Diluted EPS": NaN,
        "Basic EPS": NaN,
        "Diluted NI Availto Com Stockholders": 3262000.0,
        "Net Income Common Stockholders": 3262000.0,
        "Net Income": 3262000.0,
        "Minority Interests": -3000.0,
        "Net Income Including Noncontrolling Interests": 3265000.0,
        "Net Income Continuous Operations": 3265000.0,
        "Tax Provision": 684000.0,
        "Pretax Income": 3949000.0,
        "Gain On Sale Of Security": -104000.0,
        "Selling General And Administration": 3925000.0,
        "Selling And Marketing Expense": 83000.0,
        "General And Administrative Expense": 3842000.0,
        "Salaries And Wages": 3842000.0,
        "Total Revenue": 11342000.0,
        "Operating Revenue": 11342000.0,
        "Occupancy And Equipment": 500000.0,
        "Professional Expense And Contract Services Expense": 460000.0,
        "Other Non Interest Expense": 2162000.0
    }
}