{
    "2023-06-30": {
        "Tax Effect Of Unusual Items": NaN,
        "Tax Rate For Calcs": NaN,
        "Total Unusual Items": NaN,
        "Total Unusual Items Excluding Goodwill": NaN,
        "Net Income From Continuing Operation Net Minority Interest": NaN,
        "Reconciled Depreciation": NaN,
        "Net Interest Income": NaN,
        "Interest Expense": NaN,
        "Interest Income": NaN,
        "Normalized Income": NaN,
        "Net Income From Continuing And Discontinued Operation": NaN,
        "Diluted Average Shares": NaN,
        "Basic Average Shares": NaN,
        "Diluted EPS": NaN,
        "Basic EPS": NaN,
        "Diluted NI Availto Com Stockholders": NaN,
        "Net Income Common Stockholders": NaN,
        "Net Income": NaN,
        "Net Income Including Noncontrolling Interests": NaN,
        "Net Income Continuous Operations": NaN,
        "Tax Provision": NaN,
        "Pretax Income": NaN,
        "Special Income Charges": 121000.0,
        "Other Special Charges": -121000.0,
        "Gain On Sale Of Security": NaN,
        "Depreciation Amortization Depletion Income Statement": NaN,
        "Depreciation And Amortization In Income Statement": NaN,
        "Amortization": NaN,
        "Amortization Of Intangibles Income Statement": NaN,
        "Selling General And Administration": NaN,
        "Selling And Marketing Expense": NaN,
        "General And Administrative Expense": NaN,
        "Insurance And Claims": NaN,
        "Salaries And Wages": NaN,
        "Total Revenue": NaN,
        "Operating Revenue": NaN,
        "Occupancy And Equipment": NaN,
        "Professional Expense And Contract Services Expense": NaN,
        "Other Non Interest Expense": NaN
    },
    "2023-03-31": {
        "Tax Effect Of Unusual Items": NaN,
        "Tax Rate For Calcs": NaN,
        "Total Unusual Items": NaN,
        "Total Unusual Items Excluding Goodwill": NaN,
        "Net Income From Continuing Operation Net Minority Interest": NaN,
        "Reconciled Depreciation": NaN,
        "Net Interest Income": NaN,
        "Interest Expense": NaN,
        "Interest Income": NaN,
        "Normalized Income": NaN,
        "Net Income From Continuing And Discontinued Operation": NaN,
        "Diluted Average Shares": NaN,
        "Basic Average Shares": NaN,
        "Diluted EPS": NaN,
        "Basic EPS": NaN,
        "Diluted NI Availto Com Stockholders": NaN,
        "Net Income Common Stockholders": NaN,
        "Net Income": NaN,
        "Net Income Including Noncontrolling Interests": NaN,
        "Net Income Continuous Operations": NaN,
        "Tax Provision": NaN,
        "Pretax Income": NaN,
        "Special Income Charges": 0.0,
        "Other Special Charges": NaN,
        "Gain On Sale Of Security": NaN,
        "Depreciation Amortization Depletion Income Statement": NaN,
        "Depreciation And Amortization In Income Statement": NaN,
        "Amortization": NaN,
        "Amortization Of Intangibles Income Statement": NaN,
        "Selling General And Administration": NaN,
        "Selling And Marketing Expense": NaN,
        "General And Administrative Expense": NaN,
        "Insurance And Claims": NaN,
        "Salaries And Wages": NaN,
        "Total Revenue": NaN,
        "Operating Revenue": NaN,
        "Occupancy And Equipment": NaN,
        "Professional Expense And Contract Services Expense": NaN,
        "Other Non Interest Expense": NaN
    },
    "2022-12-31": {
        "Tax Effect Of Unusual Items": NaN,
        "Tax Rate For Calcs": NaN,
        "Total Unusual Items": NaN,
        "Total Unusual Items Excluding Goodwill": NaN,
        "Net Income From Continuing Operation Net Minority Interest": NaN,
        "Reconciled Depreciation": NaN,
        "Net Interest Income": NaN,
        "Interest Expense": NaN,
        "Interest Income": NaN,
        "Normalized Income": NaN,
        "Net Income From Continuing And Discontinued Operation": NaN,
        "Diluted Average Shares": NaN,
        "Basic Average Shares": NaN,
        "Diluted EPS": NaN,
        "Basic EPS": NaN,
        "Diluted NI Availto Com Stockholders": NaN,
        "Net Income Common Stockholders": NaN,
        "Net Income": NaN,
        "Net Income Including Noncontrolling Interests": NaN,
        "Net Income Continuous Operations": NaN,
        "Tax Provision": NaN,
        "Pretax Income": NaN,
        "Special Income Charges": NaN,
        "Other Special Charges": NaN,
        "Gain On Sale Of Security": NaN,
        "Depreciation Amortization Depletion Income Statement": NaN,
        "Depreciation And Amortization In Income Statement": NaN,
        "Amortization": NaN,
        "Amortization Of Intangibles Income Statement": NaN,
        "Selling General And Administration": NaN,
        "Selling And Marketing Expense": NaN,
        "General And Administrative Expense": NaN,
        "Other Gand A": -3010000.0,
        "Insurance And Claims": NaN,
        "Salaries And Wages": NaN,
        "Total Revenue": NaN,
        "Operating Revenue": NaN,
        "Occupancy And Equipment": NaN,
        "Professional Expense And Contract Services Expense": NaN,
        "Other Non Interest Expense": NaN
    },
    "2022-09-30": {
        "Tax Effect Of Unusual Items": NaN,
        "Tax Rate For Calcs": NaN,
        "Total Unusual Items": NaN,
        "Total Unusual Items Excluding Goodwill": NaN,
        "Net Income From Continuing Operation Net Minority Interest": NaN,
        "Reconciled Depreciation": NaN,
        "Net Interest Income": NaN,
        "Interest Expense": NaN,
        "Interest Income": NaN,
        "Normalized Income": NaN,
        "Net Income From Continuing And Discontinued Operation": NaN,
        "Diluted Average Shares": NaN,
        "Basic Average Shares": NaN,
        "Diluted EPS": NaN,
        "Basic EPS": NaN,
        "Diluted NI Availto Com Stockholders": NaN,
        "Net Income Common Stockholders": NaN,
        "Net Income": NaN,
        "Net Income Including Noncontrolling Interests": NaN,
        "Net Income Continuous Operations": NaN,
        "Tax Provision": NaN,
        "Pretax Income": NaN,
        "Special Income Charges": NaN,
        "Gain On Sale Of Security": 0.0,
        "Depreciation Amortization Depletion Income Statement": NaN,
        "Depreciation And Amortization In Income Statement": NaN,
        "Amortization": NaN,
        "Amortization Of Intangibles Income Statement": NaN,
        "Selling General And Administration": NaN,
        "Selling And Marketing Expense": NaN,
        "General And Administrative Expense": NaN,
        "Other Gand A": 1102000.0,
        "Insurance And Claims": NaN,
        "Salaries And Wages": NaN,
        "Total Revenue": NaN,
        "Operating Revenue": NaN
    },
    "2022-06-30": {
        "Tax Effect Of Unusual Items": -8239.472349,
        "Tax Rate For Calcs": 0.205987,
        "Total Unusual Items": -40000.0,
        "Total Unusual Items Excluding Goodwill": -40000.0,
        "Net Income From Continuing Operation Net Minority Interest": 3130000.0,
        "Reconciled Depreciation": 40000.0,
        "Net Interest Income": 11051000.0,
        "Interest Expense": 462000.0,
        "Interest Income": 11513000.0,
        "Normalized Income": 3161760.527651,
        "Net Income From Continuing And Discontinued Operation": 3130000.0,
        "Diluted Average Shares": 7605000.0,
        "Basic Average Shares": 7522000.0,
        "Diluted EPS": 0.41,
        "Basic EPS": 0.42,
        "Diluted NI Availto Com Stockholders": 3130000.0,
        "Net Income Common Stockholders": 3130000.0,
        "Net Income": 3130000.0,
        "Net Income Including Noncontrolling Interests": 3130000.0,
        "Net Income Continuous Operations": 3130000.0,
        "Tax Provision": 812000.0,
        "Pretax Income": 3942000.0,
        "Special Income Charges": 5000.0,
        "Other Special Charges": -5000.0,
        "Depreciation Amortization Depletion Income Statement": 40000.0,
        "Depreciation And Amortization In Income Statement": 40000.0,
        "Amortization": 40000.0,
        "Amortization Of Intangibles Income Statement": 40000.0,
        "Selling General And Administration": 6726000.0,
        "Selling And Marketing Expense": 446000.0,
        "General And Administrative Expense": 6280000.0,
        "Other Gand A": 1285000.0,
        "Insurance And Claims": 105000.0,
        "Salaries And Wages": 6175000.0,
        "Total Revenue": 14055000.0,
        "Operating Revenue": 14055000.0
    },
    "2022-03-31": {
        "Diluted EPS": 0.46,
        "Total Revenue": 15,
        "Gross Profit": 14,
        "Operating Income": 4,
        "EBIT": NaN,
        "Net Income": 3
    },
    "2021-12-31": {
        "Diluted EPS": 0.52,
        "Total Revenue": 15,
        "Gross Profit": 15,
        "Operating Income": 5,
        "EBIT": NaN,
        "Net Income": 4
    },
    "2021-09-30": {
        "Diluted EPS": 0.63,
        "Total Revenue": 17,
        "Gross Profit": 16,
        "Operating Income": 6,
        "EBIT": NaN,
        "Net Income": 5
    },
    "2021-06-30": {
        "Diluted EPS": 0.47,
        "Total Revenue": 15,
        "Gross Profit": 15,
        "Operating Income": 4,
        "EBIT": NaN,
        "Net Income": 4
    },
    "2021-03-31": {
        "Diluted EPS": 0.43,
        "Total Revenue": 15,
        "Gross Profit": 14,
        "Operating Income": 4,
        "EBIT": NaN,
        "Net Income": 3
    },
    "2020-12-31": {
        "Diluted EPS": 0.46,
        "Total Revenue": 15,
        "Gross Profit": 14,
        "Operating Income": 4,
        "EBIT": NaN,
        "Net Income": 3
    },
    "2020-09-30": {
        "Diluted EPS": 0.35,
        "Total Revenue": 15,
        "Gross Profit": 14,
        "Operating Income": 3,
        "EBIT": NaN,
        "Net Income": 3
    },
    "2020-06-30": {
        "Diluted EPS": 0.3,
        "Total Revenue": 14,
        "Gross Profit": 13,
        "Operating Income": 3,
        "EBIT": NaN,
        "Net Income": 2
    },
    "2020-03-31": {
        "Diluted EPS": 0.24,
        "Total Revenue": 14,
        "Gross Profit": 12,
        "Operating Income": 2,
        "EBIT": NaN,
        "Net Income": 2
    },
    "2019-12-31": {
        "Diluted EPS": 0.37,
        "Total Revenue": 14,
        "Gross Profit": 12,
        "Operating Income": 3,
        "EBIT": NaN,
        "Net Income": 3
    },
    "2019-09-30": {
        "Diluted EPS": 0.39,
        "Total Revenue": 14,
        "Gross Profit": 12,
        "Operating Income": 4,
        "EBIT": NaN,
        "Net Income": 3
    },
    "2019-06-30": {
        "Diluted EPS": 0.37,
        "Total Revenue": 14,
        "Gross Profit": 12,
        "Operating Income": 4,
        "EBIT": NaN,
        "Net Income": 3
    },
    "2019-03-31": {
        "Diluted EPS": 0.32,
        "Total Revenue": 13,
        "Gross Profit": 12,
        "Operating Income": 3,
        "EBIT": NaN,
        "Net Income": 2
    },
    "2018-12-31": {
        "Diluted EPS": 0.34,
        "Total Revenue": 13,
        "Gross Profit": 12,
        "Operating Income": 3,
        "EBIT": NaN,
        "Net Income": 3
    },
    "2018-09-30": {
        "Diluted EPS": 0.37,
        "Total Revenue": 13,
        "Gross Profit": 12,
        "Operating Income": 4,
        "EBIT": NaN,
        "Net Income": 3
    },
    "2018-06-30": {
        "Diluted EPS": 0.39,
        "Total Revenue": 13,
        "Gross Profit": 12,
        "Operating Income": 4,
        "EBIT": NaN,
        "Net Income": 3
    },
    "2018-03-31": {
        "Diluted EPS": 0.35,
        "Total Revenue": 12,
        "Gross Profit": 11,
        "Operating Income": 3,
        "EBIT": NaN,
        "Net Income": 3
    },
    "2017-12-31": {
        "Diluted EPS": 0.05,
        "Total Revenue": 11,
        "Gross Profit": 11,
        "Operating Income": 3,
        "EBIT": NaN,
        "Net Income": 1
    },
    "2017-09-30": {
        "Diluted EPS": 0.28,
        "Total Revenue": 10,
        "Gross Profit": 10,
        "Operating Income": 3,
        "EBIT": NaN,
        "Net Income": 2
    },
    "2017-06-30": {
        "Diluted EPS": 0.24,
        "Total Revenue": 10,
        "Gross Profit": 10,
        "Operating Income": 2,
        "EBIT": NaN,
        "Net Income": 2
    },
    "2017-03-31": {
        "Diluted EPS": 0.26,
        "Total Revenue": 10,
        "Gross Profit": 9,
        "Operating Income": 2,
        "EBIT": NaN,
        "Net Income": 2
    },
    "2016-12-31": {
        "Diluted EPS": 0.25,
        "Total Revenue": 10,
        "Gross Profit": 9,
        "Operating Income": 2,
        "EBIT": NaN,
        "Net Income": 2
    },
    "2016-09-30": {
        "Diluted EPS": 0.25,
        "Total Revenue": 10,
        "Gross Profit": 9,
        "Operating Income": 2,
        "EBIT": NaN,
        "Net Income": 2
    },
    "2016-06-30": {
        "Diluted EPS": 0.26,
        "Total Revenue": 10,
        "Gross Profit": 9,
        "Operating Income": 2,
        "EBIT": NaN,
        "Net Income": 2
    },
    "2016-03-31": {
        "Diluted EPS": 0.22,
        "Total Revenue": 9,
        "Gross Profit": 8,
        "Operating Income": 2,
        "EBIT": NaN,
        "Net Income": 1
    },
    "2015-12-31": {
        "Diluted EPS": 0.23,
        "Total Revenue": 9,
        "Gross Profit": 8,
        "Operating Income": 2,
        "EBIT": NaN,
        "Net Income": 2
    },
    "2015-09-30": {
        "Diluted EPS": 0.25,
        "Total Revenue": 9,
        "Gross Profit": 9,
        "Operating Income": 2,
        "EBIT": NaN,
        "Net Income": 2
    },
    "2015-06-30": {
        "Diluted EPS": 0.22,
        "Total Revenue": 10,
        "Gross Profit": 9,
        "Operating Income": 2,
        "EBIT": NaN,
        "Net Income": 1
    },
    "2015-03-31": {
        "Diluted EPS": 0.21,
        "Total Revenue": 9,
        "Gross Profit": 8,
        "Operating Income": 2,
        "EBIT": NaN,
        "Net Income": 1
    },
    "2014-12-31": {
        "Diluted EPS": 0.23,
        "Total Revenue": 9,
        "Gross Profit": 8,
        "Operating Income": 2,
        "EBIT": NaN,
        "Net Income": 2
    },
    "2014-09-30": {
        "Diluted EPS": 0.23,
        "Total Revenue": 9,
        "Gross Profit": 8,
        "Operating Income": 2,
        "EBIT": NaN,
        "Net Income": 2
    },
    "2014-06-30": {
        "Diluted EPS": 0.18,
        "Total Revenue": 9,
        "Gross Profit": 8,
        "Operating Income": 2,
        "EBIT": NaN,
        "Net Income": 1
    },
    "2014-03-31": {
        "Diluted EPS": 0.14,
        "Total Revenue": 8,
        "Gross Profit": 7,
        "Operating Income": 2,
        "EBIT": NaN,
        "Net Income": 1
    },
    "2013-12-31": {
        "Diluted EPS": 0.15,
        "Total Revenue": 8,
        "Gross Profit": 7,
        "Operating Income": 1,
        "EBIT": NaN,
        "Net Income": 1
    },
    "2013-09-30": {
        "Diluted EPS": 0.2,
        "Total Revenue": 7,
        "Gross Profit": 7,
        "Operating Income": 1,
        "EBIT": NaN,
        "Net Income": 1
    },
    "2013-06-30": {
        "Diluted EPS": 0.23,
        "Total Revenue": 8,
        "Gross Profit": 7,
        "Operating Income": 2,
        "EBIT": NaN,
        "Net Income": 1
    },
    "2013-03-31": {
        "Diluted EPS": 0.2,
        "Total Revenue": 7,
        "Gross Profit": 6,
        "Operating Income": 1,
        "EBIT": NaN,
        "Net Income": 1
    },
    "2012-12-31": {
        "Diluted EPS": 0.18,
        "Total Revenue": 8,
        "Gross Profit": 7,
        "Operating Income": 1,
        "EBIT": NaN,
        "Net Income": 1
    },
    "2012-09-30": {
        "Diluted EPS": 0.19,
        "Total Revenue": 8,
        "Gross Profit": 7,
        "Operating Income": 2,
        "EBIT": NaN,
        "Net Income": 1
    },
    "2012-06-30": {
        "Diluted EPS": 0.23,
        "Total Revenue": 8,
        "Gross Profit": 6,
        "Operating Income": 1,
        "EBIT": NaN,
        "Net Income": 1
    },
    "2012-03-31": {
        "Diluted EPS": 0.19,
        "Total Revenue": 8,
        "Gross Profit": 6,
        "Operating Income": 1,
        "EBIT": NaN,
        "Net Income": 1
    },
    "2011-12-31": {
        "Diluted EPS": 0.28,
        "Total Revenue": 8,
        "Gross Profit": 7,
        "Operating Income": 2,
        "EBIT": NaN,
        "Net Income": 1
    },
    "2011-09-30": {
        "Diluted EPS": 0.24,
        "Total Revenue": 8,
        "Gross Profit": 6,
        "Operating Income": 1,
        "EBIT": NaN,
        "Net Income": 1
    },
    "2011-06-30": {
        "Diluted EPS": 0.17,
        "Total Revenue": 8,
        "Gross Profit": 6,
        "Operating Income": 1,
        "EBIT": NaN,
        "Net Income": 1
    },
    "2011-03-31": {
        "Diluted EPS": 0.12,
        "Total Revenue": 8,
        "Gross Profit": 6,
        "Operating Income": 1,
        "EBIT": NaN,
        "Net Income": 0
    },
    "2010-12-31": {
        "Diluted EPS": 0.06,
        "Total Revenue": 8,
        "Gross Profit": 6,
        "Operating Income": 0,
        "EBIT": NaN,
        "Net Income": 0
    },
    "2010-09-30": {
        "Diluted EPS": 0.07,
        "Total Revenue": 8,
        "Gross Profit": 5,
        "Operating Income": 1,
        "EBIT": NaN,
        "Net Income": 0
    },
    "2010-06-30": {
        "Diluted EPS": 0.1,
        "Total Revenue": 8,
        "Gross Profit": 5,
        "Operating Income": 1,
        "EBIT": NaN,
        "Net Income": 0
    },
    "2010-03-31": {
        "Diluted EPS": 0.13,
        "Total Revenue": 8,
        "Gross Profit": 6,
        "Operating Income": 1,
        "EBIT": NaN,
        "Net Income": 0
    },
    "2009-12-31": {
        "Diluted EPS": 0.19,
        "Total Revenue": 9,
        "Gross Profit": 6,
        "Operating Income": 1,
        "EBIT": NaN,
        "Net Income": 1
    },
    "2009-09-30": {
        "Diluted EPS": -8.35,
        "Total Revenue": 9,
        "Gross Profit": 6,
        "Operating Income": -27,
        "EBIT": NaN,
        "Net Income": -27
    },
    "2009-06-30": {
        "Diluted EPS": 0.08,
        "Total Revenue": 9,
        "Gross Profit": 6,
        "Operating Income": 0,
        "EBIT": NaN,
        "Net Income": 0
    },
    "2009-03-31": {
        "Diluted EPS": 0.13,
        "Total Revenue": 9,
        "Gross Profit": 5,
        "Operating Income": 1,
        "EBIT": NaN,
        "Net Income": 0
    },
    "2023-09-30": {
        "Tax Effect Of Unusual Items": NaN,
        "Tax Rate For Calcs": NaN,
        "Total Unusual Items": 46000.0,
        "Total Unusual Items Excluding Goodwill": 46000.0,
        "Net Income From Continuing Operation Net Minority Interest": NaN,
        "Reconciled Depreciation": NaN,
        "Net Interest Income": NaN,
        "Interest Expense": NaN,
        "Interest Income": NaN,
        "Normalized Income": NaN,
        "Net Income From Continuing And Discontinued Operation": NaN,
        "Diluted Average Shares": NaN,
        "Basic Average Shares": NaN,
        "Diluted EPS": NaN,
        "Basic EPS": NaN,
        "Diluted NI Availto Com Stockholders": NaN,
        "Net Income Common Stockholders": NaN,
        "Net Income": NaN,
        "Net Income Including Noncontrolling Interests": NaN,
        "Net Income Continuous Operations": NaN,
        "Tax Provision": NaN,
        "Pretax Income": NaN,
        "Special Income Charges": NaN,
        "Other Special Charges": NaN,
        "Gain On Sale Of Security": -1249000.0,
        "Depreciation Amortization Depletion Income Statement": NaN,
        "Depreciation And Amortization In Income Statement": NaN,
        "Amortization": NaN,
        "Amortization Of Intangibles Income Statement": NaN,
        "Selling General And Administration": NaN,
        "Selling And Marketing Expense": NaN,
        "General And Administrative Expense": NaN,
        "Insurance And Claims": NaN,
        "Salaries And Wages": NaN,
        "Total Revenue": NaN,
        "Operating Revenue": NaN,
        "Occupancy And Equipment": NaN,
        "Professional Expense And Contract Services Expense": NaN,
        "Other Non Interest Expense": NaN
    },
    "2023-12-31": {
        "Tax Effect Of Unusual Items": NaN,
        "Tax Rate For Calcs": NaN,
        "Total Unusual Items": 121000.0,
        "Total Unusual Items Excluding Goodwill": 121000.0,
        "Net Income From Continuing Operation Net Minority Interest": NaN,
        "Reconciled Depreciation": NaN,
        "Net Interest Income": NaN,
        "Interest Expense": NaN,
        "Interest Income": NaN,
        "Normalized Income": NaN,
        "Net Income From Continuing And Discontinued Operation": NaN,
        "Diluted Average Shares": NaN,
        "Basic Average Shares": NaN,
        "Diluted EPS": NaN,
        "Basic EPS": NaN,
        "Diluted NI Availto Com Stockholders": NaN,
        "Net Income Common Stockholders": NaN,
        "Net Income": NaN,
        "Net Income Including Noncontrolling Interests": NaN,
        "Net Income Continuous Operations": NaN,
        "Tax Provision": NaN,
        "Pretax Income": NaN,
        "Special Income Charges": NaN,
        "Other Special Charges": NaN,
        "Gain On Sale Of Security": 0.0,
        "Depreciation Amortization Depletion Income Statement": NaN,
        "Depreciation And Amortization In Income Statement": NaN,
        "Amortization": NaN,
        "Amortization Of Intangibles Income Statement": NaN,
        "Selling General And Administration": NaN,
        "Selling And Marketing Expense": NaN,
        "General And Administrative Expense": NaN,
        "Insurance And Claims": NaN,
        "Salaries And Wages": NaN,
        "Total Revenue": NaN,
        "Operating Revenue": NaN,
        "Occupancy And Equipment": NaN,
        "Professional Expense And Contract Services Expense": NaN,
        "Other Non Interest Expense": NaN
    },
    "2024-03-31": {
        "Tax Effect Of Unusual Items": 0.0,
        "Tax Rate For Calcs": 0.219417,
        "Total Unusual Items": NaN,
        "Total Unusual Items Excluding Goodwill": NaN,
        "Net Income From Continuing Operation Net Minority Interest": 2597000.0,
        "Reconciled Depreciation": 463000.0,
        "Net Interest Income": 12077000.0,
        "Interest Expense": 9179000.0,
        "Interest Income": 21256000.0,
        "Normalized Income": 2597000.0,
        "Net Income From Continuing And Discontinued Operation": 2597000.0,
        "Diluted Average Shares": 7679771.0,
        "Basic Average Shares": 7600450.0,
        "Diluted EPS": 0.34,
        "Basic EPS": 0.34,
        "Diluted NI Availto Com Stockholders": 2597000.0,
        "Net Income Common Stockholders": 2597000.0,
        "Net Income": 2597000.0,
        "Net Income Including Noncontrolling Interests": 2597000.0,
        "Net Income Continuous Operations": 2597000.0,
        "Tax Provision": 730000.0,
        "Pretax Income": 3327000.0,
        "Special Income Charges": NaN,
        "Other Special Charges": NaN,
        "Gain On Sale Of Security": NaN,
        "Depreciation Amortization Depletion Income Statement": 39000.0,
        "Depreciation And Amortization In Income Statement": 39000.0,
        "Amortization": 39000.0,
        "Amortization Of Intangibles Income Statement": 39000.0,
        "Selling General And Administration": 8181000.0,
        "Selling And Marketing Expense": 566000.0,
        "General And Administrative Expense": 7615000.0,
        "Insurance And Claims": 377000.0,
        "Salaries And Wages": 7238000.0,
        "Total Revenue": 14071000.0,
        "Operating Revenue": 14071000.0,
        "Occupancy And Equipment": 1120000.0,
        "Professional Expense And Contract Services Expense": 357000.0,
        "Other Non Interest Expense": 918000.0
    },
    "2024-06-30": {
        "Tax Effect Of Unusual Items": 18202.0,
        "Tax Rate For Calcs": 0.1916,
        "Total Unusual Items": 95000.0,
        "Total Unusual Items Excluding Goodwill": 95000.0,
        "Net Income From Continuing Operation Net Minority Interest": 3265000.0,
        "Reconciled Depreciation": 480000.0,
        "Net Interest Income": 12694000.0,
        "Interest Expense": 9237000.0,
        "Interest Income": 21931000.0,
        "Normalized Income": 3188202.0,
        "Net Income From Continuing And Discontinued Operation": 3265000.0,
        "Diluted Average Shares": 7695476.0,
        "Basic Average Shares": 7617266.0,
        "Diluted EPS": 0.42,
        "Basic EPS": 0.43,
        "Diluted NI Availto Com Stockholders": 3265000.0,
        "Net Income Common Stockholders": 3265000.0,
        "Net Income": 3265000.0,
        "Net Income Including Noncontrolling Interests": 3265000.0,
        "Net Income Continuous Operations": 3265000.0,
        "Tax Provision": 774000.0,
        "Pretax Income": 4039000.0,
        "Special Income Charges": 95000.0,
        "Other Special Charges": -95000.0,
        "Gain On Sale Of Security": NaN,
        "Depreciation Amortization Depletion Income Statement": 39000.0,
        "Depreciation And Amortization In Income Statement": 39000.0,
        "Amortization": 39000.0,
        "Amortization Of Intangibles Income Statement": 39000.0,
        "Selling General And Administration": 8115000.0,
        "Selling And Marketing Expense": 258000.0,
        "General And Administrative Expense": 7857000.0,
        "Insurance And Claims": 399000.0,
        "Salaries And Wages": 7458000.0,
        "Total Revenue": 15092000.0,
        "Operating Revenue": 15092000.0,
        "Occupancy And Equipment": 1055000.0,
        "Professional Expense And Contract Services Expense": 400000.0,
        "Other Non Interest Expense": 1085000.0
    },
    "2024-09-30": {
        "Tax Effect Of Unusual Items": 1144.5,
        "Tax Rate For Calcs": 0.2289,
        "Total Unusual Items": 5000.0,
        "Total Unusual Items Excluding Goodwill": 5000.0,
        "Net Income From Continuing Operation Net Minority Interest": 3861000.0,
        "Reconciled Depreciation": 460000.0,
        "Net Interest Income": 13412000.0,
        "Interest Expense": 9749000.0,
        "Interest Income": 23161000.0,
        "Normalized Income": 3857144.5,
        "Net Income From Continuing And Discontinued Operation": 3861000.0,
        "Diluted Average Shares": 7722276.0,
        "Basic Average Shares": 7623260.0,
        "Diluted EPS": 0.5,
        "Basic EPS": 0.51,
        "Diluted NI Availto Com Stockholders": 3861000.0,
        "Net Income Common Stockholders": 3861000.0,
        "Net Income": 3861000.0,
        "Net Income Including Noncontrolling Interests": 3861000.0,
        "Net Income Continuous Operations": 3861000.0,
        "Tax Provision": 1146000.0,
        "Pretax Income": 5007000.0,
        "Special Income Charges": NaN,
        "Other Special Charges": NaN,
        "Gain On Sale Of Security": 0.0,
        "Depreciation Amortization Depletion Income Statement": 40000.0,
        "Depreciation And Amortization In Income Statement": 40000.0,
        "Amortization": 40000.0,
        "Amortization Of Intangibles Income Statement": 40000.0,
        "Selling General And Administration": 8442000.0,
        "Selling And Marketing Expense": 477000.0,
        "General And Administrative Expense": 7965000.0,
        "Insurance And Claims": 387000.0,
        "Salaries And Wages": 7578000.0,
        "Total Revenue": 15775000.0,
        "Operating Revenue": 15775000.0,
        "Occupancy And Equipment": 1184000.0,
        "Professional Expense And Contract Services Expense": 224000.0,
        "Other Non Interest Expense": 894000.0
    },
    "2024-12-31": {
        "Tax Effect Of Unusual Items": 20506.763016,
        "Tax Rate For Calcs": 0.215861,
        "Total Unusual Items": 95000.0,
        "Total Unusual Items Excluding Goodwill": 95000.0,
        "Net Income From Continuing Operation Net Minority Interest": 4232000.0,
        "Reconciled Depreciation": 461000.0,
        "Net Interest Income": 13857000.0,
        "Interest Expense": 9217000.0,
        "Interest Income": 23074000.0,
        "Normalized Income": 4157506.763016,
        "Net Income From Continuing And Discontinued Operation": 4232000.0,
        "Diluted Average Shares": 7738048.0,
        "Basic Average Shares": 7628421.0,
        "Diluted EPS": 0.55,
        "Basic EPS": 0.55,
        "Diluted NI Availto Com Stockholders": 4232000.0,
        "Net Income Common Stockholders": 4232000.0,
        "Net Income": 4232000.0,
        "Net Income Including Noncontrolling Interests": 4232000.0,
        "Net Income Continuous Operations": 4232000.0,
        "Tax Provision": 1165000.0,
        "Pretax Income": 5397000.0,
        "Special Income Charges": NaN,
        "Other Special Charges": NaN,
        "Gain On Sale Of Security": 0.0,
        "Depreciation Amortization Depletion Income Statement": 40000.0,
        "Depreciation And Amortization In Income Statement": 40000.0,
        "Amortization": 40000.0,
        "Amortization Of Intangibles Income Statement": 40000.0,
        "Selling General And Administration": 8222000.0,
        "Selling And Marketing Expense": 210000.0,
        "General And Administrative Expense": 8012000.0,
        "Insurance And Claims": 420000.0,
        "Salaries And Wages": 7592000.0,
        "Total Revenue": 16112000.0,
        "Operating Revenue": 16112000.0,
        "Occupancy And Equipment": 1186000.0,
        "Professional Expense And Contract Services Expense": 224000.0,
        "Other Non Interest Expense": 906000.0
    },
    "2025-03-31": {
        "Tax Effect Of Unusual Items": 0.0,
        "Tax Rate For Calcs": 0.2285,
        "Total Unusual Items": NaN,
        "Total Unusual Items Excluding Goodwill": NaN,
        "Net Income From Continuing Operation Net Minority Interest": 3997000.0,
        "Reconciled Depreciation": 463000.0,
        "Net Interest Income": 14390000.0,
        "Interest Expense": 8692000.0,
        "Interest Income": 23082000.0,
        "Normalized Income": 3997000.0,
        "Net Income From Continuing And Discontinued Operation": 3997000.0,
        "Diluted Average Shares": 7767978.0,
        "Basic Average Shares": 7647537.0,
        "Diluted EPS": 0.51,
        "Basic EPS": 0.52,
        "Diluted NI Availto Com Stockholders": 3997000.0,
        "Net Income Common Stockholders": 3997000.0,
        "Net Income": 3997000.0,
        "Net Income Including Noncontrolling Interests": 3997000.0,
        "Net Income Continuous Operations": 3997000.0,
        "Tax Provision": 1184000.0,
        "Pretax Income": 5181000.0,
        "Special Income Charges": NaN,
        "Other Special Charges": NaN,
        "Gain On Sale Of Security": NaN,
        "Depreciation Amortization Depletion Income Statement": 39000.0,
        "Depreciation And Amortization In Income Statement": 39000.0,
        "Amortization": 39000.0,
        "Amortization Of Intangibles Income Statement": 39000.0,
        "Selling General And Administration": 8731000.0,
        "Selling And Marketing Expense": 514000.0,
        "General And Administrative Expense": 8217000.0,
        "Insurance And Claims": 408000.0,
        "Salaries And Wages": 7809000.0,
        "Total Revenue": 17055000.0,
        "Operating Revenue": 17055000.0,
        "Occupancy And Equipment": 1167000.0,
        "Professional Expense And Contract Services Expense": 465000.0,
        "Other Non Interest Expense": 1035000.0
    },
    "2025-06-30": {
        "Tax Effect Of Unusual Items": 28460.7,
        "Tax Rate For Calcs": 0.2241,
        "Total Unusual Items": 127000.0,
        "Total Unusual Items Excluding Goodwill": 127000.0,
        "Net Income From Continuing Operation Net Minority Interest": 5186000.0,
        "Reconciled Depreciation": 471000.0,
        "Net Interest Income": 15324000.0,
        "Interest Expense": 8849000.0,
        "Interest Income": 24173000.0,
        "Normalized Income": 5087460.7,
        "Net Income From Continuing And Discontinued Operation": 5186000.0,
        "Diluted Average Shares": 7786757.0,
        "Basic Average Shares": 7663964.0,
        "Diluted EPS": 0.67,
        "Basic EPS": 0.68,
        "Diluted NI Availto Com Stockholders": 5186000.0,
        "Net Income Common Stockholders": 5186000.0,
        "Net Income": 5186000.0,
        "Net Income Including Noncontrolling Interests": 5186000.0,
        "Net Income Continuous Operations": 5186000.0,
        "Tax Provision": 1498000.0,
        "Pretax Income": 6684000.0,
        "Special Income Charges": 0.0,
        "Other Special Charges": NaN,
        "Gain On Sale Of Security": NaN,
        "Depreciation Amortization Depletion Income Statement": 40000.0,
        "Depreciation And Amortization In Income Statement": 40000.0,
        "Amortization": 40000.0,
        "Amortization Of Intangibles Income Statement": 40000.0,
        "Selling General And Administration": 8805000.0,
        "Selling And Marketing Expense": 208000.0,
        "General And Administrative Expense": 8597000.0,
        "Insurance And Claims": 382000.0,
        "Salaries And Wages": 8215000.0,
        "Total Revenue": 18231000.0,
        "Operating Revenue": 18231000.0,
        "Occupancy And Equipment": 1162000.0,
        "Professional Expense And Contract Services Expense": 614000.0,
        "Other Non Interest Expense": 1101000.0
    }
}