{
    "2023-04-30": {
        "Tax Effect Of Unusual Items": 0.0,
        "Tax Rate For Calcs": 0.21,
        "Normalized EBITDA": -25775000.0,
        "Total Unusual Items": NaN,
        "Total Unusual Items Excluding Goodwill": NaN,
        "Net Income From Continuing Operation Net Minority Interest": -34303000.0,
        "Reconciled Depreciation": 6631000.0,
        "Reconciled Cost Of Revenue": 44442000.0,
        "EBITDA": -25775000.0,
        "EBIT": -32406000.0,
        "Net Interest Income": 2186000.0,
        "Interest Expense": 1502000.0,
        "Interest Income": 3688000.0,
        "Normalized Income": -34303000.0,
        "Net Income From Continuing And Discontinued Operation": -34303000.0,
        "Total Expenses": 74207000.0,
        "Total Operating Income As Reported": -35858000.0,
        "Diluted Average Shares": 406316070.0,
        "Basic Average Shares": 406316070.0,
        "Diluted EPS": -0.09,
        "Basic EPS": -0.09,
        "Diluted NI Availto Com Stockholders": -35103000.0,
        "Net Income Common Stockholders": -35103000.0,
        "Preferred Stock Dividends": 800000.0,
        "Net Income": -34303000.0,
        "Minority Interests": -392000.0,
        "Net Income Including Noncontrolling Interests": -33911000.0,
        "Net Income Continuous Operations": -33911000.0,
        "Tax Provision": 3000.0,
        "Pretax Income": -33908000.0,
        "Other Income Expense": -236000.0,
        "Other Non Operating Income Expenses": -236000.0,
        "Special Income Charges": NaN,
        "Other Special Charges": NaN,
        "Net Non Operating Interest Income Expense": 2186000.0,
        "Interest Expense Non Operating": 1502000.0,
        "Interest Income Non Operating": 3688000.0,
        "Operating Income": -35858000.0,
        "Operating Expense": 29765000.0,
        "Research And Development": 14697000.0,
        "Selling General And Administration": 15068000.0,
        "Gross Profit": -6093000.0,
        "Cost Of Revenue": 44442000.0,
        "Total Revenue": 38349000.0,
        "Operating Revenue": 38349000.0
    },
    "2023-01-31": {
        "Tax Effect Of Unusual Items": 0.0,
        "Tax Rate For Calcs": 0.21,
        "Normalized EBITDA": -13591000.0,
        "Total Unusual Items": NaN,
        "Total Unusual Items Excluding Goodwill": NaN,
        "Net Income From Continuing Operation Net Minority Interest": -18622000.0,
        "Reconciled Depreciation": 5405000.0,
        "Reconciled Cost Of Revenue": 31836000.0,
        "EBITDA": -13591000.0,
        "EBIT": -18996000.0,
        "Net Interest Income": 1898000.0,
        "Interest Expense": 1512000.0,
        "Interest Income": 3410000.0,
        "Normalized Income": -18622000.0,
        "Net Income From Continuing And Discontinued Operation": -18622000.0,
        "Total Expenses": 59528000.0,
        "Total Operating Income As Reported": -22455000.0,
        "Diluted Average Shares": 405803753.0,
        "Basic Average Shares": 405803753.0,
        "Diluted EPS": -0.05,
        "Basic EPS": -0.05,
        "Diluted NI Availto Com Stockholders": -19422000.0,
        "Net Income Common Stockholders": -19422000.0,
        "Preferred Stock Dividends": 800000.0,
        "Net Income": -18622000.0,
        "Minority Interests": 2464000.0,
        "Net Income Including Noncontrolling Interests": -21086000.0,
        "Net Income Continuous Operations": -21086000.0,
        "Tax Provision": 578000.0,
        "Pretax Income": -20508000.0,
        "Other Income Expense": 49000.0,
        "Other Non Operating Income Expenses": 49000.0,
        "Special Income Charges": NaN,
        "Other Special Charges": NaN,
        "Net Non Operating Interest Income Expense": 1898000.0,
        "Interest Expense Non Operating": 1512000.0,
        "Interest Income Non Operating": 3410000.0,
        "Operating Income": -22455000.0,
        "Operating Expense": 27692000.0,
        "Research And Development": 12683000.0,
        "Selling General And Administration": 15009000.0,
        "Gross Profit": 5237000.0,
        "Cost Of Revenue": 31836000.0,
        "Total Revenue": 37073000.0,
        "Operating Revenue": 37073000.0
    },
    "2022-10-31": {
        "Tax Effect Of Unusual Items": NaN,
        "Tax Rate For Calcs": NaN,
        "Normalized EBITDA": NaN,
        "Total Unusual Items": 0.0,
        "Total Unusual Items Excluding Goodwill": 0.0,
        "Net Income From Continuing Operation Net Minority Interest": NaN,
        "Reconciled Depreciation": NaN,
        "Reconciled Cost Of Revenue": NaN,
        "EBITDA": NaN,
        "EBIT": NaN,
        "Net Interest Income": NaN,
        "Interest Expense": NaN,
        "Interest Income": NaN,
        "Normalized Income": NaN,
        "Net Income From Continuing And Discontinued Operation": NaN,
        "Total Expenses": NaN,
        "Total Operating Income As Reported": NaN,
        "Diluted Average Shares": NaN,
        "Basic Average Shares": NaN,
        "Diluted EPS": NaN,
        "Basic EPS": NaN,
        "Diluted NI Availto Com Stockholders": NaN,
        "Net Income Common Stockholders": NaN,
        "Preferred Stock Dividends": NaN,
        "Net Income": NaN,
        "Minority Interests": NaN,
        "Net Income Including Noncontrolling Interests": NaN,
        "Net Income Continuous Operations": NaN,
        "Tax Provision": NaN,
        "Pretax Income": NaN,
        "Other Income Expense": NaN,
        "Other Non Operating Income Expenses": NaN,
        "Special Income Charges": 0.0,
        "Other Special Charges": NaN,
        "Net Non Operating Interest Income Expense": NaN,
        "Interest Expense Non Operating": NaN,
        "Interest Income Non Operating": NaN,
        "Operating Income": NaN,
        "Operating Expense": NaN,
        "Research And Development": NaN,
        "Selling General And Administration": NaN,
        "Gross Profit": NaN,
        "Cost Of Revenue": NaN,
        "Total Revenue": NaN,
        "Operating Revenue": NaN
    },
    "2022-07-31": {
        "Tax Effect Of Unusual Items": 0.0,
        "Tax Rate For Calcs": 0.4,
        "Normalized EBITDA": -26861000.0,
        "Total Unusual Items": NaN,
        "Total Unusual Items Excluding Goodwill": NaN,
        "Net Income From Continuing Operation Net Minority Interest": -29414000.0,
        "Reconciled Depreciation": 5266000.0,
        "Reconciled Cost Of Revenue": 47284000.0,
        "EBITDA": -26861000.0,
        "EBIT": -26861000.0,
        "Net Interest Income": -1622000.0,
        "Interest Expense": 1622000.0,
        "Interest Income": NaN,
        "Normalized Income": -29414000.0,
        "Net Income From Continuing And Discontinued Operation": -29414000.0,
        "Total Expenses": 71101000.0,
        "Total Operating Income As Reported": -27997000.0,
        "Diluted Average Shares": 387465758.0,
        "Basic Average Shares": 387465758.0,
        "Diluted EPS": -0.08,
        "Basic EPS": -0.08,
        "Diluted NI Availto Com Stockholders": -30214000.0,
        "Net Income Common Stockholders": -30214000.0,
        "Preferred Stock Dividends": 800000.0,
        "Net Income": -29414000.0,
        "Minority Interests": -437000.0,
        "Net Income Including Noncontrolling Interests": -28977000.0,
        "Net Income Continuous Operations": -28977000.0,
        "Tax Provision": 494000.0,
        "Pretax Income": -28483000.0,
        "Other Income Expense": 1136000.0,
        "Other Non Operating Income Expenses": 1136000.0,
        "Special Income Charges": NaN,
        "Other Special Charges": NaN,
        "Net Non Operating Interest Income Expense": -1622000.0,
        "Interest Expense Non Operating": 1622000.0,
        "Interest Income Non Operating": NaN,
        "Operating Income": -27997000.0,
        "Operating Expense": 23817000.0,
        "Research And Development": 9659000.0,
        "Selling General And Administration": 14158000.0,
        "Gross Profit": -4180000.0,
        "Cost Of Revenue": 47284000.0,
        "Total Revenue": 43104000.0,
        "Operating Revenue": 43104000.0
    },
    "2022-04-30": {
        "Diluted EPS": -0.08,
        "Total Revenue": 16,
        "Gross Profit": -7,
        "Operating Income": -28,
        "EBIT": -23,
        "Net Income": -31
    },
    "2022-01-31": {
        "Diluted EPS": -0.11,
        "Total Revenue": 32,
        "Gross Profit": -3,
        "Operating Income": -45,
        "EBIT": -39,
        "Net Income": -41
    },
    "2021-10-31": {
        "Diluted EPS": -0.06,
        "Total Revenue": 14,
        "Gross Profit": -8,
        "Operating Income": -23,
        "EBIT": -18,
        "Net Income": -25
    },
    "2021-07-31": {
        "Diluted EPS": -0.04,
        "Total Revenue": 27,
        "Gross Profit": 1,
        "Operating Income": -11,
        "EBIT": -6,
        "Net Income": -13
    },
    "2021-04-30": {
        "Diluted EPS": -0.06,
        "Total Revenue": 14,
        "Gross Profit": -5,
        "Operating Income": -17,
        "EBIT": -13,
        "Net Income": -20
    },
    "2021-01-31": {
        "Diluted EPS": -0.15,
        "Total Revenue": 15,
        "Gross Profit": -4,
        "Operating Income": -14,
        "EBIT": -9,
        "Net Income": -47
    },
    "2020-10-31": {
        "Diluted EPS": -0.08,
        "Total Revenue": 17,
        "Gross Profit": -8,
        "Operating Income": -17,
        "EBIT": -12,
        "Net Income": -20
    },
    "2020-07-31": {
        "Diluted EPS": -0.07,
        "Total Revenue": 19,
        "Gross Profit": -3,
        "Operating Income": -11,
        "EBIT": -6,
        "Net Income": -16
    },
    "2020-04-30": {
        "Diluted EPS": -0.07,
        "Total Revenue": 19,
        "Gross Profit": 0,
        "Operating Income": -8,
        "EBIT": -4,
        "Net Income": -16
    },
    "2020-01-31": {
        "Diluted EPS": -0.2,
        "Total Revenue": 16,
        "Gross Profit": 3,
        "Operating Income": -3,
        "EBIT": 1,
        "Net Income": -41
    },
    "2019-10-31": {
        "Diluted EPS": 4.39,
        "Total Revenue": 11,
        "Gross Profit": -23,
        "Operating Income": -33,
        "EBIT": -29,
        "Net Income": -36
    },
    "2019-07-31": {
        "Diluted EPS": -0.18,
        "Total Revenue": 23,
        "Gross Profit": 8,
        "Operating Income": -1,
        "EBIT": 3,
        "Net Income": -8
    },
    "2019-04-30": {
        "Diluted EPS": -2.06,
        "Total Revenue": 9,
        "Gross Profit": -4,
        "Operating Income": -18,
        "EBIT": -15,
        "Net Income": -23
    },
    "2019-01-31": {
        "Diluted EPS": -3.97,
        "Total Revenue": 18,
        "Gross Profit": -2,
        "Operating Income": -15,
        "EBIT": -13,
        "Net Income": -33
    },
    "2018-10-31": {
        "Diluted EPS": -2.38,
        "Total Revenue": 18,
        "Gross Profit": 1,
        "Operating Income": -12,
        "EBIT": -10,
        "Net Income": -18
    },
    "2018-07-31": {
        "Diluted EPS": -2.45,
        "Total Revenue": 12,
        "Gross Profit": -2,
        "Operating Income": -14,
        "EBIT": -12,
        "Net Income": -18
    },
    "2018-04-30": {
        "Diluted EPS": -2.74,
        "Total Revenue": 21,
        "Gross Profit": -1,
        "Operating Income": -13,
        "EBIT": -11,
        "Net Income": -18
    },
    "2018-01-31": {
        "Diluted EPS": -1.44,
        "Total Revenue": 39,
        "Gross Profit": 5,
        "Operating Income": -6,
        "EBIT": -3,
        "Net Income": -8
    },
    "2017-10-31": {
        "Diluted EPS": -1.37,
        "Total Revenue": 48,
        "Gross Profit": 3,
        "Operating Income": -8,
        "EBIT": -6,
        "Net Income": -11
    },
    "2017-07-31": {
        "Diluted EPS": -3.72,
        "Total Revenue": 10,
        "Gross Profit": -3,
        "Operating Income": -14,
        "EBIT": -12,
        "Net Income": -18
    },
    "2017-04-30": {
        "Diluted EPS": -3.96,
        "Total Revenue": 20,
        "Gross Profit": 0,
        "Operating Income": -11,
        "EBIT": -9,
        "Net Income": -14
    },
    "2017-01-31": {
        "Diluted EPS": -4.68,
        "Total Revenue": 17,
        "Gross Profit": 2,
        "Operating Income": -11,
        "EBIT": -9,
        "Net Income": -14
    },
    "2016-10-31": {
        "Diluted EPS": -4.8,
        "Total Revenue": 24,
        "Gross Profit": 0,
        "Operating Income": -12,
        "EBIT": -7,
        "Net Income": -14
    },
    "2016-07-31": {
        "Diluted EPS": -4.56,
        "Total Revenue": 22,
        "Gross Profit": 0,
        "Operating Income": -10,
        "EBIT": -9,
        "Net Income": -12
    },
    "2016-04-30": {
        "Diluted EPS": -6.72,
        "Total Revenue": 29,
        "Gross Profit": 0,
        "Operating Income": -13,
        "EBIT": -12,
        "Net Income": -16
    },
    "2016-01-31": {
        "Diluted EPS": -5.76,
        "Total Revenue": 33,
        "Gross Profit": 0,
        "Operating Income": -12,
        "EBIT": -10,
        "Net Income": -13
    },
    "2015-10-31": {
        "Diluted EPS": -4.8,
        "Total Revenue": 51,
        "Gross Profit": 3,
        "Operating Income": -8,
        "EBIT": -5,
        "Net Income": -10
    },
    "2015-07-31": {
        "Diluted EPS": -3.48,
        "Total Revenue": 41,
        "Gross Profit": 4,
        "Operating Income": -7,
        "EBIT": -6,
        "Net Income": -7
    },
    "2015-04-30": {
        "Diluted EPS": -5.28,
        "Total Revenue": 29,
        "Gross Profit": 2,
        "Operating Income": -9,
        "EBIT": -8,
        "Net Income": -11
    },
    "2015-01-31": {
        "Diluted EPS": -2.4,
        "Total Revenue": 42,
        "Gross Profit": 4,
        "Operating Income": -5,
        "EBIT": -4,
        "Net Income": -5
    },
    "2014-10-31": {
        "Diluted EPS": -1.19,
        "Total Revenue": 54,
        "Gross Profit": 6,
        "Operating Income": -5,
        "EBIT": -2,
        "Net Income": -6
    },
    "2014-07-31": {
        "Diluted EPS": -4.32,
        "Total Revenue": 43,
        "Gross Profit": 4,
        "Operating Income": -6,
        "EBIT": -5,
        "Net Income": -8
    },
    "2014-04-30": {
        "Diluted EPS": -10.09,
        "Total Revenue": 38,
        "Gross Profit": 2,
        "Operating Income": -9,
        "EBIT": -8,
        "Net Income": -17
    },
    "2014-01-31": {
        "Diluted EPS": -8.65,
        "Total Revenue": 44,
        "Gross Profit": 2,
        "Operating Income": -8,
        "EBIT": -7,
        "Net Income": -11
    },
    "2013-10-31": {
        "Diluted EPS": -8.88,
        "Total Revenue": 55,
        "Gross Profit": 3,
        "Operating Income": -7,
        "EBIT": -3,
        "Net Income": -11
    },
    "2013-07-31": {
        "Diluted EPS": -4.32,
        "Total Revenue": 54,
        "Gross Profit": 5,
        "Operating Income": -5,
        "EBIT": -4,
        "Net Income": -6
    },
    "2013-04-30": {
        "Diluted EPS": -5.77,
        "Total Revenue": 42,
        "Gross Profit": 2,
        "Operating Income": -7,
        "EBIT": -6,
        "Net Income": -8
    },
    "2013-01-31": {
        "Diluted EPS": -10.09,
        "Total Revenue": 36,
        "Gross Profit": -2,
        "Operating Income": -11,
        "EBIT": -10,
        "Net Income": -12
    },
    "2012-10-31": {
        "Diluted EPS": -8.65,
        "Total Revenue": 35,
        "Gross Profit": 1,
        "Operating Income": -8,
        "EBIT": -5,
        "Net Income": -12
    },
    "2012-07-31": {
        "Diluted EPS": -8.65,
        "Total Revenue": 30,
        "Gross Profit": -3,
        "Operating Income": -11,
        "EBIT": -10,
        "Net Income": -11
    },
    "2012-04-30": {
        "Diluted EPS": -8.65,
        "Total Revenue": 24,
        "Gross Profit": 0,
        "Operating Income": -8,
        "EBIT": -6,
        "Net Income": -9
    },
    "2012-01-31": {
        "Diluted EPS": -7.21,
        "Total Revenue": 31,
        "Gross Profit": 2,
        "Operating Income": -5,
        "EBIT": -3,
        "Net Income": -7
    },
    "2011-10-31": {
        "Diluted EPS": -8.65,
        "Total Revenue": 35,
        "Gross Profit": 0,
        "Operating Income": -8,
        "EBIT": -6,
        "Net Income": -8
    },
    "2011-07-31": {
        "Diluted EPS": -10.09,
        "Total Revenue": 31,
        "Gross Profit": 0,
        "Operating Income": -7,
        "EBIT": -4,
        "Net Income": -9
    },
    "2011-04-30": {
        "Diluted EPS": -34.59,
        "Total Revenue": 29,
        "Gross Profit": -11,
        "Operating Income": -20,
        "EBIT": -18,
        "Net Income": -30
    },
    "2011-01-31": {
        "Diluted EPS": -14.41,
        "Total Revenue": 28,
        "Gross Profit": -2,
        "Operating Income": -11,
        "EBIT": -9,
        "Net Income": -12
    },
    "2010-10-31": {
        "Diluted EPS": -14.41,
        "Total Revenue": 20,
        "Gross Profit": -4,
        "Operating Income": -12,
        "EBIT": -10,
        "Net Income": -13
    },
    "2010-07-31": {
        "Diluted EPS": -21.62,
        "Total Revenue": 19,
        "Gross Profit": -4,
        "Operating Income": -13,
        "EBIT": -11,
        "Net Income": -14
    },
    "2010-04-30": {
        "Diluted EPS": -28.82,
        "Total Revenue": 17,
        "Gross Profit": -6,
        "Operating Income": -15,
        "EBIT": -14,
        "Net Income": -17
    },
    "2010-01-31": {
        "Diluted EPS": -25.94,
        "Total Revenue": 15,
        "Gross Profit": -5,
        "Operating Income": -14,
        "EBIT": -12,
        "Net Income": -15
    },
    "2009-10-31": {
        "Diluted EPS": -27.38,
        "Total Revenue": 20,
        "Gross Profit": -6,
        "Operating Income": -14,
        "EBIT": -12,
        "Net Income": -16
    },
    "2009-07-31": {
        "Diluted EPS": -30.26,
        "Total Revenue": 23,
        "Gross Profit": -6,
        "Operating Income": -14,
        "EBIT": -12,
        "Net Income": -16
    },
    "2009-04-30": {
        "Diluted EPS": -41.79,
        "Total Revenue": 23,
        "Gross Profit": -9,
        "Operating Income": -18,
        "EBIT": -16,
        "Net Income": -20
    },
    "2009-01-31": {
        "Diluted EPS": -43.24,
        "Total Revenue": 22,
        "Gross Profit": -9,
        "Operating Income": -19,
        "EBIT": -17,
        "Net Income": -21
    },
    "2023-07-31": {
        "Tax Effect Of Unusual Items": NaN,
        "Tax Rate For Calcs": NaN,
        "Normalized EBITDA": NaN,
        "Total Unusual Items": NaN,
        "Total Unusual Items Excluding Goodwill": NaN,
        "Net Income From Continuing Operation Net Minority Interest": NaN,
        "Reconciled Depreciation": NaN,
        "Reconciled Cost Of Revenue": NaN,
        "EBITDA": NaN,
        "EBIT": NaN,
        "Net Interest Income": NaN,
        "Interest Expense": NaN,
        "Interest Income": NaN,
        "Normalized Income": NaN,
        "Net Income From Continuing And Discontinued Operation": NaN,
        "Total Expenses": NaN,
        "Total Operating Income As Reported": NaN,
        "Diluted Average Shares": NaN,
        "Basic Average Shares": NaN,
        "Diluted EPS": NaN,
        "Basic EPS": NaN,
        "Diluted NI Availto Com Stockholders": NaN,
        "Net Income Common Stockholders": NaN,
        "Preferred Stock Dividends": NaN,
        "Net Income": NaN,
        "Minority Interests": NaN,
        "Net Income Including Noncontrolling Interests": NaN,
        "Net Income Continuous Operations": NaN,
        "Tax Provision": NaN,
        "Pretax Income": NaN,
        "Other Income Expense": NaN,
        "Other Non Operating Income Expenses": NaN,
        "Special Income Charges": NaN,
        "Other Special Charges": -15337000.0,
        "Restructuring And Mergern Acquisition": NaN,
        "Net Non Operating Interest Income Expense": NaN,
        "Interest Expense Non Operating": NaN,
        "Interest Income Non Operating": NaN,
        "Operating Income": NaN,
        "Operating Expense": NaN,
        "Research And Development": NaN,
        "Selling General And Administration": NaN,
        "Gross Profit": NaN,
        "Cost Of Revenue": NaN,
        "Total Revenue": NaN,
        "Operating Revenue": NaN
    },
    "2023-10-31": {
        "Tax Effect Of Unusual Items": NaN,
        "Tax Rate For Calcs": NaN,
        "Normalized EBITDA": NaN,
        "Total Unusual Items": NaN,
        "Total Unusual Items Excluding Goodwill": NaN,
        "Net Income From Continuing Operation Net Minority Interest": NaN,
        "Reconciled Depreciation": NaN,
        "Reconciled Cost Of Revenue": NaN,
        "EBITDA": NaN,
        "EBIT": NaN,
        "Net Interest Income": NaN,
        "Interest Expense": NaN,
        "Interest Income": NaN,
        "Normalized Income": NaN,
        "Net Income From Continuing And Discontinued Operation": NaN,
        "Total Expenses": NaN,
        "Total Operating Income As Reported": NaN,
        "Diluted Average Shares": NaN,
        "Basic Average Shares": NaN,
        "Diluted EPS": NaN,
        "Basic EPS": NaN,
        "Diluted NI Availto Com Stockholders": NaN,
        "Net Income Common Stockholders": NaN,
        "Preferred Stock Dividends": NaN,
        "Net Income": NaN,
        "Minority Interests": NaN,
        "Net Income Including Noncontrolling Interests": NaN,
        "Net Income Continuous Operations": NaN,
        "Tax Provision": NaN,
        "Pretax Income": NaN,
        "Other Income Expense": NaN,
        "Other Non Operating Income Expenses": NaN,
        "Special Income Charges": NaN,
        "Other Special Charges": 0.0,
        "Restructuring And Mergern Acquisition": NaN,
        "Net Non Operating Interest Income Expense": NaN,
        "Interest Expense Non Operating": NaN,
        "Interest Income Non Operating": NaN,
        "Operating Income": NaN,
        "Operating Expense": NaN,
        "Research And Development": NaN,
        "Selling General And Administration": NaN,
        "Gross Profit": NaN,
        "Cost Of Revenue": NaN,
        "Total Revenue": NaN,
        "Operating Revenue": NaN
    },
    "2024-01-31": {
        "Tax Effect Of Unusual Items": NaN,
        "Tax Rate For Calcs": NaN,
        "Normalized EBITDA": NaN,
        "Total Unusual Items": NaN,
        "Total Unusual Items Excluding Goodwill": NaN,
        "Net Income From Continuing Operation Net Minority Interest": NaN,
        "Reconciled Depreciation": NaN,
        "Reconciled Cost Of Revenue": NaN,
        "EBITDA": NaN,
        "EBIT": NaN,
        "Net Interest Income": NaN,
        "Interest Expense": NaN,
        "Interest Income": NaN,
        "Normalized Income": NaN,
        "Net Income From Continuing And Discontinued Operation": NaN,
        "Total Expenses": NaN,
        "Total Operating Income As Reported": NaN,
        "Diluted Average Shares": NaN,
        "Basic Average Shares": NaN,
        "Diluted EPS": NaN,
        "Basic EPS": NaN,
        "Diluted NI Availto Com Stockholders": NaN,
        "Net Income Common Stockholders": NaN,
        "Preferred Stock Dividends": NaN,
        "Net Income": NaN,
        "Minority Interests": NaN,
        "Net Income Including Noncontrolling Interests": NaN,
        "Net Income Continuous Operations": NaN,
        "Tax Provision": NaN,
        "Pretax Income": NaN,
        "Other Income Expense": NaN,
        "Other Non Operating Income Expenses": NaN,
        "Special Income Charges": NaN,
        "Other Special Charges": NaN,
        "Restructuring And Mergern Acquisition": 0.0,
        "Net Non Operating Interest Income Expense": NaN,
        "Interest Expense Non Operating": NaN,
        "Interest Income Non Operating": NaN,
        "Operating Income": NaN,
        "Operating Expense": NaN,
        "Research And Development": NaN,
        "Selling General And Administration": NaN,
        "Gross Profit": NaN,
        "Cost Of Revenue": NaN,
        "Total Revenue": NaN,
        "Operating Revenue": NaN
    },
    "2024-04-30": {
        "Tax Effect Of Unusual Items": 0.0,
        "Tax Rate For Calcs": 0.0,
        "Normalized EBITDA": -25829000.0,
        "Total Unusual Items": 0.0,
        "Total Unusual Items Excluding Goodwill": 0.0,
        "Net Income From Continuing Operation Net Minority Interest": -32140000.0,
        "Reconciled Depreciation": 9552000.0,
        "Reconciled Cost Of Revenue": 29494000.0,
        "EBITDA": -25829000.0,
        "EBIT": -35381000.0,
        "Net Interest Income": 1115000.0,
        "Interest Expense": 2275000.0,
        "Interest Income": 3390000.0,
        "Normalized Income": -32140000.0,
        "Net Income From Continuing And Discontinued Operation": -32140000.0,
        "Total Expenses": 63781000.0,
        "Total Operating Income As Reported": -41361000.0,
        "Diluted Average Shares": 15099482.0,
        "Basic Average Shares": 15099482.0,
        "Diluted EPS": -2.18,
        "Basic EPS": -2.18,
        "Diluted NI Availto Com Stockholders": -32940000.0,
        "Net Income Common Stockholders": -32940000.0,
        "Preferred Stock Dividends": 800000.0,
        "Net Income": -32140000.0,
        "Minority Interests": 5516000.0,
        "Net Income Including Noncontrolling Interests": -37656000.0,
        "Net Income Continuous Operations": -37656000.0,
        "Tax Provision": 0.0,
        "Pretax Income": -37656000.0,
        "Other Income Expense": 2590000.0,
        "Other Non Operating Income Expenses": 2590000.0,
        "Special Income Charges": 0.0,
        "Other Special Charges": NaN,
        "Restructuring And Mergern Acquisition": 0.0,
        "Net Non Operating Interest Income Expense": 1115000.0,
        "Interest Expense Non Operating": 2275000.0,
        "Interest Income Non Operating": 3390000.0,
        "Operating Income": -41361000.0,
        "Operating Expense": 34287000.0,
        "Research And Development": 16627000.0,
        "Selling General And Administration": 17660000.0,
        "Gross Profit": -7074000.0,
        "Cost Of Revenue": 29494000.0,
        "Total Revenue": 22420000.0,
        "Operating Revenue": 22420000.0
    },
    "2024-07-31": {
        "Tax Effect Of Unusual Items": 0.0,
        "Tax Rate For Calcs": 0.21,
        "Normalized EBITDA": -23328000.0,
        "Total Unusual Items": 0.0,
        "Total Unusual Items Excluding Goodwill": 0.0,
        "Net Income From Continuing Operation Net Minority Interest": -32660000.0,
        "Reconciled Depreciation": 9238000.0,
        "Reconciled Cost Of Revenue": 29897000.0,
        "EBITDA": -23328000.0,
        "EBIT": -32566000.0,
        "Net Interest Income": 714000.0,
        "Interest Expense": 2555000.0,
        "Interest Income": 3269000.0,
        "Normalized Income": -32660000.0,
        "Net Income From Continuing And Discontinued Operation": -32660000.0,
        "Total Expenses": 57312000.0,
        "Total Operating Income As Reported": -33617000.0,
        "Diluted Average Shares": 16772790.0,
        "Basic Average Shares": 16772790.0,
        "Diluted EPS": -2.1,
        "Basic EPS": -2.1,
        "Diluted NI Availto Com Stockholders": -33460000.0,
        "Net Income Common Stockholders": -33460000.0,
        "Preferred Stock Dividends": 800000.0,
        "Net Income": -32660000.0,
        "Minority Interests": 2463000.0,
        "Net Income Including Noncontrolling Interests": -35123000.0,
        "Net Income Continuous Operations": -35123000.0,
        "Tax Provision": 2000.0,
        "Pretax Income": -35121000.0,
        "Other Income Expense": -2218000.0,
        "Other Non Operating Income Expenses": -2218000.0,
        "Special Income Charges": 0.0,
        "Other Special Charges": NaN,
        "Restructuring And Mergern Acquisition": NaN,
        "Net Non Operating Interest Income Expense": 714000.0,
        "Interest Expense Non Operating": 2555000.0,
        "Interest Income Non Operating": 3269000.0,
        "Operating Income": -33617000.0,
        "Operating Expense": 27415000.0,
        "Research And Development": 12816000.0,
        "Selling General And Administration": 14599000.0,
        "Gross Profit": -6202000.0,
        "Cost Of Revenue": 29897000.0,
        "Total Revenue": 23695000.0,
        "Operating Revenue": 23695000.0
    },
    "2024-10-31": {
        "Tax Effect Of Unusual Items": -538020.0,
        "Tax Rate For Calcs": 0.21,
        "Normalized EBITDA": -25689000.0,
        "Total Unusual Items": -2562000.0,
        "Total Unusual Items Excluding Goodwill": -2562000.0,
        "Net Income From Continuing Operation Net Minority Interest": -41416000.0,
        "Reconciled Depreciation": 8804000.0,
        "Reconciled Cost Of Revenue": 60243000.0,
        "EBITDA": -28251000.0,
        "EBIT": -37055000.0,
        "Net Interest Income": 472000.0,
        "Interest Expense": 2522000.0,
        "Interest Income": 2994000.0,
        "Normalized Income": -39392020.0,
        "Net Income From Continuing And Discontinued Operation": -41416000.0,
        "Total Expenses": 87796000.0,
        "Total Operating Income As Reported": -41032000.0,
        "Diluted Average Shares": 19063628.0,
        "Basic Average Shares": 19063628.0,
        "Diluted EPS": -2.21001,
        "Basic EPS": -2.21001,
        "Diluted NI Availto Com Stockholders": -42216000.0,
        "Net Income Common Stockholders": -42216000.0,
        "Preferred Stock Dividends": 800000.0,
        "Net Income": -41416000.0,
        "Minority Interests": -1816000.0,
        "Net Income Including Noncontrolling Interests": -39600000.0,
        "Net Income Continuous Operations": -39600000.0,
        "Tax Provision": 23000.0,
        "Pretax Income": -39577000.0,
        "Other Income Expense": -1579000.0,
        "Other Non Operating Income Expenses": 983000.0,
        "Special Income Charges": -2562000.0,
        "Other Special Charges": NaN,
        "Restructuring And Mergern Acquisition": NaN,
        "Net Non Operating Interest Income Expense": 472000.0,
        "Interest Expense Non Operating": 2522000.0,
        "Interest Income Non Operating": 2994000.0,
        "Operating Income": -38470000.0,
        "Operating Expense": 27553000.0,
        "Research And Development": 11608000.0,
        "Selling General And Administration": 15945000.0,
        "Gross Profit": -10917000.0,
        "Cost Of Revenue": 60243000.0,
        "Total Revenue": 49326000.0,
        "Operating Revenue": 49326000.0
    },
    "2025-01-31": {
        "Tax Effect Of Unusual Items": 0.0,
        "Tax Rate For Calcs": 0.0,
        "Normalized EBITDA": -18297000.0,
        "Total Unusual Items": -1536000.0,
        "Total Unusual Items Excluding Goodwill": -1536000.0,
        "Net Income From Continuing Operation Net Minority Interest": -28326000.0,
        "Reconciled Depreciation": 9946000.0,
        "Reconciled Cost Of Revenue": 24201000.0,
        "EBITDA": -19833000.0,
        "EBIT": -29779000.0,
        "Net Interest Income": -219000.0,
        "Interest Expense": 2607000.0,
        "Interest Income": 2388000.0,
        "Normalized Income": -26790000.0,
        "Net Income From Continuing And Discontinued Operation": -28326000.0,
        "Total Expenses": 50312000.0,
        "Total Operating Income As Reported": -32851000.0,
        "Diluted Average Shares": 20501663.0,
        "Basic Average Shares": 20501663.0,
        "Diluted EPS": -1.42,
        "Basic EPS": -1.42,
        "Diluted NI Availto Com Stockholders": -29126000.0,
        "Net Income Common Stockholders": -29126000.0,
        "Preferred Stock Dividends": 800000.0,
        "Net Income": -28326000.0,
        "Minority Interests": 4060000.0,
        "Net Income Including Noncontrolling Interests": -32386000.0,
        "Net Income Continuous Operations": -32386000.0,
        "Tax Provision": 0.0,
        "Pretax Income": -32386000.0,
        "Other Income Expense": -852000.0,
        "Other Non Operating Income Expenses": 684000.0,
        "Special Income Charges": -1536000.0,
        "Other Special Charges": NaN,
        "Restructuring And Mergern Acquisition": 1536000.0,
        "Net Non Operating Interest Income Expense": -219000.0,
        "Interest Expense Non Operating": 2607000.0,
        "Interest Income Non Operating": 2388000.0,
        "Operating Income": -31315000.0,
        "Operating Expense": 26111000.0,
        "Research And Development": 11081000.0,
        "Selling General And Administration": 15030000.0,
        "Gross Profit": -5204000.0,
        "Cost Of Revenue": 24201000.0,
        "Total Revenue": 18997000.0,
        "Operating Revenue": 18997000.0
    },
    "2025-04-30": {
        "Tax Effect Of Unusual Items": -1260.0,
        "Tax Rate For Calcs": 0.21,
        "Normalized EBITDA": -24221000.0,
        "Total Unusual Items": -6000.0,
        "Total Unusual Items Excluding Goodwill": -6000.0,
        "Net Income From Continuing Operation Net Minority Interest": -38049000.0,
        "Reconciled Depreciation": 10890000.0,
        "Reconciled Cost Of Revenue": 46844000.0,
        "EBITDA": -24227000.0,
        "EBIT": -35117000.0,
        "Net Interest Income": -723000.0,
        "Interest Expense": 2548000.0,
        "Interest Income": 1825000.0,
        "Normalized Income": -38044260.0,
        "Net Income From Continuing And Discontinued Operation": -38049000.0,
        "Total Expenses": 73210000.0,
        "Total Operating Income As Reported": -35810000.0,
        "Diluted Average Shares": 21740193.0,
        "Basic Average Shares": 21740193.0,
        "Diluted EPS": -1.79,
        "Basic EPS": -1.79,
        "Diluted NI Availto Com Stockholders": -38849000.0,
        "Net Income Common Stockholders": -38849000.0,
        "Preferred Stock Dividends": 800000.0,
        "Net Income": -38049000.0,
        "Minority Interests": -300000.0,
        "Net Income Including Noncontrolling Interests": -37749000.0,
        "Net Income Continuous Operations": -37749000.0,
        "Tax Provision": 84000.0,
        "Pretax Income": -37665000.0,
        "Other Income Expense": -1138000.0,
        "Other Non Operating Income Expenses": -1132000.0,
        "Special Income Charges": -6000.0,
        "Other Special Charges": NaN,
        "Restructuring And Mergern Acquisition": 6000.0,
        "Net Non Operating Interest Income Expense": -723000.0,
        "Interest Expense Non Operating": 2548000.0,
        "Interest Income Non Operating": 1825000.0,
        "Operating Income": -35804000.0,
        "Operating Expense": 26366000.0,
        "Research And Development": 9896000.0,
        "Selling General And Administration": 16470000.0,
        "Gross Profit": -9438000.0,
        "Cost Of Revenue": 46844000.0,
        "Total Revenue": 37406000.0,
        "Operating Revenue": 37406000.0
    }
}