{
    "2023-06-30": {
        "Tax Effect Of Unusual Items": -169680.0,
        "Tax Rate For Calcs": 0.202,
        "Total Unusual Items": -840000.0,
        "Total Unusual Items Excluding Goodwill": -840000.0,
        "Net Income From Continuing Operation Net Minority Interest": 42781000.0,
        "Reconciled Depreciation": 48000.0,
        "Net Interest Income": 97042000.0,
        "Interest Expense": 33443000.0,
        "Interest Income": 130485000.0,
        "Normalized Income": 43451320.0,
        "Net Income From Continuing And Discontinued Operation": 42781000.0,
        "Diluted Average Shares": 102760266.0,
        "Basic Average Shares": 102530052.0,
        "Diluted EPS": 0.42,
        "Basic EPS": 0.42,
        "Diluted NI Availto Com Stockholders": 42781000.0,
        "Net Income Common Stockholders": 42781000.0,
        "Net Income": 42781000.0,
        "Net Income Including Noncontrolling Interests": 42781000.0,
        "Net Income Continuous Operations": 42781000.0,
        "Tax Provision": 10833000.0,
        "Pretax Income": 53614000.0,
        "Special Income Charges": -834000.0,
        "Other Special Charges": 894000.0,
        "Restructuring And Mergern Acquisition": -60000.0,
        "Gain On Sale Of Security": 81000.0,
        "Depreciation Amortization Depletion Income Statement": 1282000.0,
        "Depreciation And Amortization In Income Statement": 1282000.0,
        "Amortization": 1282000.0,
        "Amortization Of Intangibles Income Statement": 1282000.0,
        "Selling General And Administration": 39339000.0,
        "Selling And Marketing Expense": 1327000.0,
        "General And Administrative Expense": 38012000.0,
        "Other Gand A": NaN,
        "Insurance And Claims": 1277000.0,
        "Salaries And Wages": 36735000.0,
        "Total Revenue": 122341000.0,
        "Operating Revenue": 122341000.0,
        "Occupancy And Equipment": 9068000.0,
        "Professional Expense And Contract Services Expense": 1182000.0,
        "Other Non Interest Expense": 14232000.0
    },
    "2023-03-31": {
        "Tax Effect Of Unusual Items": NaN,
        "Tax Rate For Calcs": NaN,
        "Total Unusual Items": NaN,
        "Total Unusual Items Excluding Goodwill": NaN,
        "Net Income From Continuing Operation Net Minority Interest": NaN,
        "Reconciled Depreciation": NaN,
        "Net Interest Income": NaN,
        "Interest Expense": NaN,
        "Interest Income": NaN,
        "Normalized Income": NaN,
        "Net Income From Continuing And Discontinued Operation": NaN,
        "Diluted Average Shares": NaN,
        "Basic Average Shares": NaN,
        "Diluted EPS": NaN,
        "Basic EPS": NaN,
        "Diluted NI Availto Com Stockholders": NaN,
        "Net Income Common Stockholders": NaN,
        "Net Income": NaN,
        "Net Income Including Noncontrolling Interests": NaN,
        "Net Income Continuous Operations": NaN,
        "Tax Provision": NaN,
        "Pretax Income": NaN,
        "Special Income Charges": NaN,
        "Other Special Charges": NaN,
        "Restructuring And Mergern Acquisition": NaN,
        "Gain On Sale Of Security": NaN,
        "Depreciation Amortization Depletion Income Statement": NaN,
        "Depreciation And Amortization In Income Statement": NaN,
        "Amortization": NaN,
        "Amortization Of Intangibles Income Statement": NaN,
        "Selling General And Administration": NaN,
        "Selling And Marketing Expense": NaN,
        "General And Administrative Expense": NaN,
        "Other Gand A": 3404000.0,
        "Insurance And Claims": NaN,
        "Salaries And Wages": NaN,
        "Total Revenue": NaN,
        "Operating Revenue": NaN,
        "Occupancy And Equipment": NaN,
        "Professional Expense And Contract Services Expense": NaN,
        "Other Non Interest Expense": NaN
    },
    "2022-12-31": {
        "Tax Effect Of Unusual Items": -461098.83695,
        "Tax Rate For Calcs": 0.203846,
        "Total Unusual Items": -2262000.0,
        "Total Unusual Items Excluding Goodwill": -2262000.0,
        "Net Income From Continuing Operation Net Minority Interest": 35733000.0,
        "Reconciled Depreciation": 2762000.0,
        "Net Interest Income": 87638000.0,
        "Interest Expense": 8254000.0,
        "Interest Income": 95892000.0,
        "Normalized Income": 37533901.16305,
        "Net Income From Continuing And Discontinued Operation": 35733000.0,
        "Diluted Average Shares": 93489398.0,
        "Basic Average Shares": 93376314.0,
        "Diluted EPS": 0.38,
        "Basic EPS": 0.382677,
        "Diluted NI Availto Com Stockholders": 35733000.0,
        "Net Income Common Stockholders": 35733000.0,
        "Net Income": 35733000.0,
        "Net Income Including Noncontrolling Interests": 35733000.0,
        "Net Income Continuous Operations": 35733000.0,
        "Tax Provision": 9149000.0,
        "Pretax Income": 44882000.0,
        "Special Income Charges": -2262000.0,
        "Other Special Charges": 1008000.0,
        "Restructuring And Mergern Acquisition": 1254000.0,
        "Gain On Sale Of Security": -27000.0,
        "Depreciation Amortization Depletion Income Statement": 726000.0,
        "Depreciation And Amortization In Income Statement": 726000.0,
        "Amortization": 726000.0,
        "Amortization Of Intangibles Income Statement": 726000.0,
        "Selling General And Administration": 23053000.0,
        "Selling And Marketing Expense": 1093000.0,
        "General And Administrative Expense": 21960000.0,
        "Other Gand A": NaN,
        "Insurance And Claims": 675000.0,
        "Salaries And Wages": 31664000.0,
        "Total Revenue": 112336000.0,
        "Operating Revenue": 112336000.0
    },
    "2022-09-30": {
        "Tax Effect Of Unusual Items": NaN,
        "Tax Rate For Calcs": NaN,
        "Total Unusual Items": NaN,
        "Total Unusual Items Excluding Goodwill": NaN,
        "Net Income From Continuing Operation Net Minority Interest": NaN,
        "Reconciled Depreciation": NaN,
        "Net Interest Income": NaN,
        "Interest Expense": NaN,
        "Interest Income": NaN,
        "Normalized Income": NaN,
        "Net Income From Continuing And Discontinued Operation": NaN,
        "Diluted Average Shares": NaN,
        "Basic Average Shares": NaN,
        "Diluted EPS": NaN,
        "Basic EPS": NaN,
        "Diluted NI Availto Com Stockholders": NaN,
        "Net Income Common Stockholders": NaN,
        "Net Income": NaN,
        "Net Income Including Noncontrolling Interests": NaN,
        "Net Income Continuous Operations": NaN,
        "Tax Provision": NaN,
        "Pretax Income": NaN,
        "Special Income Charges": NaN,
        "Other Special Charges": NaN,
        "Restructuring And Mergern Acquisition": NaN,
        "Gain On Sale Of Security": NaN,
        "Depreciation Amortization Depletion Income Statement": NaN,
        "Depreciation And Amortization In Income Statement": NaN,
        "Amortization": NaN,
        "Amortization Of Intangibles Income Statement": NaN,
        "Selling General And Administration": NaN,
        "Selling And Marketing Expense": NaN,
        "General And Administrative Expense": NaN,
        "Other Gand A": 3721000.0,
        "Insurance And Claims": NaN,
        "Salaries And Wages": NaN,
        "Total Revenue": NaN,
        "Operating Revenue": NaN
    },
    "2022-06-30": {
        "Tax Effect Of Unusual Items": -114406.923137,
        "Tax Rate For Calcs": 0.198969,
        "Total Unusual Items": -575000.0,
        "Total Unusual Items Excluding Goodwill": -575000.0,
        "Net Income From Continuing Operation Net Minority Interest": 30754000.0,
        "Reconciled Depreciation": 862000.0,
        "Net Interest Income": 73662000.0,
        "Interest Expense": 3066000.0,
        "Interest Income": 76728000.0,
        "Normalized Income": 31214593.076863,
        "Net Income From Continuing And Discontinued Operation": 30754000.0,
        "Diluted Average Shares": 94245770.0,
        "Basic Average Shares": 94020240.0,
        "Diluted EPS": 0.33,
        "Basic EPS": 0.33,
        "Diluted NI Availto Com Stockholders": 30754000.0,
        "Net Income Common Stockholders": 30754000.0,
        "Net Income": 30754000.0,
        "Net Income Including Noncontrolling Interests": 30754000.0,
        "Net Income Continuous Operations": 30754000.0,
        "Tax Provision": 7639000.0,
        "Pretax Income": 38393000.0,
        "Special Income Charges": -575000.0,
        "Other Special Charges": 777000.0,
        "Restructuring And Mergern Acquisition": -202000.0,
        "Gain On Sale Of Security": 42000.0,
        "Depreciation Amortization Depletion Income Statement": 862000.0,
        "Depreciation And Amortization In Income Statement": 862000.0,
        "Amortization": 862000.0,
        "Amortization Of Intangibles Income Statement": 862000.0,
        "Selling General And Administration": 36555000.0,
        "Selling And Marketing Expense": 1434000.0,
        "General And Administrative Expense": 35121000.0,
        "Other Gand A": 3470000.0,
        "Insurance And Claims": 702000.0,
        "Salaries And Wages": 30949000.0,
        "Total Revenue": 98171000.0,
        "Operating Revenue": 98171000.0
    },
    "2022-03-31": {
        "Diluted EPS": 0.29,
        "Total Revenue": 95,
        "Gross Profit": 92,
        "Operating Income": 34,
        "EBIT": NaN,
        "Net Income": 28
    },
    "2021-12-31": {
        "Diluted EPS": 0.36,
        "Total Revenue": 100,
        "Gross Profit": 96,
        "Operating Income": 44,
        "EBIT": NaN,
        "Net Income": 35
    },
    "2021-09-30": {
        "Diluted EPS": 0.36,
        "Total Revenue": 101,
        "Gross Profit": 98,
        "Operating Income": 43,
        "EBIT": NaN,
        "Net Income": 34
    },
    "2021-06-30": {
        "Diluted EPS": 0.31,
        "Total Revenue": 98,
        "Gross Profit": 94,
        "Operating Income": 37,
        "EBIT": NaN,
        "Net Income": 30
    },
    "2021-03-31": {
        "Diluted EPS": 0.41,
        "Total Revenue": 101,
        "Gross Profit": 97,
        "Operating Income": 49,
        "EBIT": NaN,
        "Net Income": 40
    },
    "2020-12-31": {
        "Diluted EPS": 0.26,
        "Total Revenue": 100,
        "Gross Profit": 94,
        "Operating Income": 32,
        "EBIT": NaN,
        "Net Income": 26
    },
    "2020-09-30": {
        "Diluted EPS": 0.2,
        "Total Revenue": 100,
        "Gross Profit": 93,
        "Operating Income": 24,
        "EBIT": NaN,
        "Net Income": 19
    },
    "2020-06-30": {
        "Diluted EPS": 0.24,
        "Total Revenue": 97,
        "Gross Profit": 88,
        "Operating Income": 29,
        "EBIT": NaN,
        "Net Income": 24
    },
    "2020-03-31": {
        "Diluted EPS": 0.05,
        "Total Revenue": 99,
        "Gross Profit": 87,
        "Operating Income": 6,
        "EBIT": NaN,
        "Net Income": 5
    },
    "2019-12-31": {
        "Diluted EPS": 0.27,
        "Total Revenue": 104,
        "Gross Profit": 91,
        "Operating Income": 33,
        "EBIT": NaN,
        "Net Income": 27
    },
    "2019-09-30": {
        "Diluted EPS": 0.27,
        "Total Revenue": 105,
        "Gross Profit": 91,
        "Operating Income": 37,
        "EBIT": NaN,
        "Net Income": 27
    },
    "2019-06-30": {
        "Diluted EPS": 0.28,
        "Total Revenue": 104,
        "Gross Profit": 89,
        "Operating Income": 34,
        "EBIT": NaN,
        "Net Income": 27
    },
    "2019-03-31": {
        "Diluted EPS": 0.25,
        "Total Revenue": 98,
        "Gross Profit": 84,
        "Operating Income": 31,
        "EBIT": NaN,
        "Net Income": 25
    },
    "2018-12-31": {
        "Diluted EPS": 0.27,
        "Total Revenue": 98,
        "Gross Profit": 86,
        "Operating Income": 34,
        "EBIT": NaN,
        "Net Income": 27
    },
    "2018-09-30": {
        "Diluted EPS": 0.25,
        "Total Revenue": 95,
        "Gross Profit": 84,
        "Operating Income": 31,
        "EBIT": NaN,
        "Net Income": 25
    },
    "2018-06-30": {
        "Diluted EPS": 0.32,
        "Total Revenue": 99,
        "Gross Profit": 90,
        "Operating Income": 41,
        "EBIT": NaN,
        "Net Income": 32
    },
    "2018-03-31": {
        "Diluted EPS": 0.24,
        "Total Revenue": 89,
        "Gross Profit": 82,
        "Operating Income": 28,
        "EBIT": NaN,
        "Net Income": 23
    },
    "2017-12-31": {
        "Diluted EPS": 0.04,
        "Total Revenue": 91,
        "Gross Profit": 84,
        "Operating Income": 30,
        "EBIT": NaN,
        "Net Income": 4
    },
    "2017-09-30": {
        "Diluted EPS": 0.22,
        "Total Revenue": 85,
        "Gross Profit": 79,
        "Operating Income": 31,
        "EBIT": NaN,
        "Net Income": 21
    },
    "2017-06-30": {
        "Diluted EPS": 0.14,
        "Total Revenue": 82,
        "Gross Profit": 77,
        "Operating Income": 30,
        "EBIT": NaN,
        "Net Income": 14
    },
    "2017-03-31": {
        "Diluted EPS": 0.18,
        "Total Revenue": 73,
        "Gross Profit": 69,
        "Operating Income": 23,
        "EBIT": NaN,
        "Net Income": 16
    },
    "2016-12-31": {
        "Diluted EPS": 0.2,
        "Total Revenue": 74,
        "Gross Profit": 70,
        "Operating Income": 29,
        "EBIT": NaN,
        "Net Income": 18
    },
    "2016-09-30": {
        "Diluted EPS": 0.19,
        "Total Revenue": 71,
        "Gross Profit": 67,
        "Operating Income": 25,
        "EBIT": NaN,
        "Net Income": 17
    },
    "2016-06-30": {
        "Diluted EPS": 0.14,
        "Total Revenue": 69,
        "Gross Profit": 65,
        "Operating Income": 17,
        "EBIT": NaN,
        "Net Income": 12
    },
    "2016-03-31": {
        "Diluted EPS": 0.14,
        "Total Revenue": 67,
        "Gross Profit": 63,
        "Operating Income": 18,
        "EBIT": NaN,
        "Net Income": 12
    },
    "2015-12-31": {
        "Diluted EPS": 0.11,
        "Total Revenue": 68,
        "Gross Profit": 64,
        "Operating Income": 15,
        "EBIT": NaN,
        "Net Income": 10
    },
    "2015-09-30": {
        "Diluted EPS": 0.14,
        "Total Revenue": 66,
        "Gross Profit": 62,
        "Operating Income": 17,
        "EBIT": NaN,
        "Net Income": 12
    },
    "2015-06-30": {
        "Diluted EPS": 0.15,
        "Total Revenue": 66,
        "Gross Profit": 63,
        "Operating Income": 19,
        "EBIT": NaN,
        "Net Income": 13
    },
    "2015-03-31": {
        "Diluted EPS": 0.16,
        "Total Revenue": 65,
        "Gross Profit": 61,
        "Operating Income": 20,
        "EBIT": NaN,
        "Net Income": 14
    },
    "2014-12-31": {
        "Diluted EPS": 0.09,
        "Total Revenue": 64,
        "Gross Profit": 60,
        "Operating Income": 10,
        "EBIT": NaN,
        "Net Income": 8
    },
    "2014-09-30": {
        "Diluted EPS": 0.13,
        "Total Revenue": 66,
        "Gross Profit": 62,
        "Operating Income": 18,
        "EBIT": NaN,
        "Net Income": 12
    },
    "2014-06-30": {
        "Diluted EPS": 0.13,
        "Total Revenue": 67,
        "Gross Profit": 62,
        "Operating Income": 17,
        "EBIT": NaN,
        "Net Income": 12
    },
    "2014-03-31": {
        "Diluted EPS": 0.13,
        "Total Revenue": 65,
        "Gross Profit": 61,
        "Operating Income": 17,
        "EBIT": NaN,
        "Net Income": 12
    },
    "2013-12-31": {
        "Diluted EPS": 0.1,
        "Total Revenue": 65,
        "Gross Profit": 60,
        "Operating Income": 13,
        "EBIT": NaN,
        "Net Income": 9
    },
    "2013-09-30": {
        "Diluted EPS": 0.16,
        "Total Revenue": 69,
        "Gross Profit": 64,
        "Operating Income": 22,
        "EBIT": NaN,
        "Net Income": 16
    },
    "2013-06-30": {
        "Diluted EPS": 0.06,
        "Total Revenue": 66,
        "Gross Profit": 61,
        "Operating Income": 8,
        "EBIT": NaN,
        "Net Income": 6
    },
    "2013-03-31": {
        "Diluted EPS": 0.11,
        "Total Revenue": 67,
        "Gross Profit": 60,
        "Operating Income": 14,
        "EBIT": NaN,
        "Net Income": 11
    },
    "2012-12-31": {
        "Diluted EPS": 0.08,
        "Total Revenue": 68,
        "Gross Profit": 61,
        "Operating Income": 12,
        "EBIT": NaN,
        "Net Income": 9
    },
    "2012-09-30": {
        "Diluted EPS": 0.09,
        "Total Revenue": 72,
        "Gross Profit": 65,
        "Operating Income": 13,
        "EBIT": NaN,
        "Net Income": 10
    },
    "2012-06-30": {
        "Diluted EPS": 0.12,
        "Total Revenue": 71,
        "Gross Profit": 63,
        "Operating Income": 17,
        "EBIT": NaN,
        "Net Income": 12
    },
    "2012-03-31": {
        "Diluted EPS": 0.11,
        "Total Revenue": 74,
        "Gross Profit": 66,
        "Operating Income": 15,
        "EBIT": NaN,
        "Net Income": 11
    },
    "2011-12-31": {
        "Diluted EPS": -0.05,
        "Total Revenue": 72,
        "Gross Profit": 63,
        "Operating Income": -11,
        "EBIT": NaN,
        "Net Income": -6
    },
    "2011-09-30": {
        "Diluted EPS": 0.08,
        "Total Revenue": 68,
        "Gross Profit": 58,
        "Operating Income": 10,
        "EBIT": NaN,
        "Net Income": 8
    },
    "2011-06-30": {
        "Diluted EPS": 0.07,
        "Total Revenue": 75,
        "Gross Profit": 64,
        "Operating Income": 9,
        "EBIT": NaN,
        "Net Income": 7
    },
    "2011-03-31": {
        "Diluted EPS": 0.05,
        "Total Revenue": 74,
        "Gross Profit": 62,
        "Operating Income": 7,
        "EBIT": NaN,
        "Net Income": 5
    },
    "2010-12-31": {
        "Diluted EPS": 0.14,
        "Total Revenue": 78,
        "Gross Profit": 64,
        "Operating Income": 13,
        "EBIT": NaN,
        "Net Income": 12
    },
    "2010-09-30": {
        "Diluted EPS": 0.11,
        "Total Revenue": 77,
        "Gross Profit": 62,
        "Operating Income": 17,
        "EBIT": NaN,
        "Net Income": 11
    },
    "2010-06-30": {
        "Diluted EPS": 0.15,
        "Total Revenue": 82,
        "Gross Profit": 65,
        "Operating Income": 18,
        "EBIT": NaN,
        "Net Income": 14
    },
    "2010-03-31": {
        "Diluted EPS": -0.15,
        "Total Revenue": 82,
        "Gross Profit": 65,
        "Operating Income": -24,
        "EBIT": NaN,
        "Net Income": -13
    },
    "2009-12-31": {
        "Diluted EPS": 0.03,
        "Total Revenue": 81,
        "Gross Profit": 62,
        "Operating Income": 1,
        "EBIT": NaN,
        "Net Income": 3
    },
    "2009-09-30": {
        "Diluted EPS": -0.07,
        "Total Revenue": 73,
        "Gross Profit": 52,
        "Operating Income": -13,
        "EBIT": NaN,
        "Net Income": -6
    },
    "2009-06-30": {
        "Diluted EPS": -0.22,
        "Total Revenue": 80,
        "Gross Profit": 58,
        "Operating Income": -35,
        "EBIT": NaN,
        "Net Income": -19
    },
    "2009-03-31": {
        "Diluted EPS": 0.02,
        "Total Revenue": 78,
        "Gross Profit": 53,
        "Operating Income": 2,
        "EBIT": NaN,
        "Net Income": 2
    },
    "2023-09-30": {
        "Tax Effect Of Unusual Items": NaN,
        "Tax Rate For Calcs": NaN,
        "Total Unusual Items": NaN,
        "Total Unusual Items Excluding Goodwill": NaN,
        "Net Income From Continuing Operation Net Minority Interest": NaN,
        "Reconciled Depreciation": NaN,
        "Net Interest Income": NaN,
        "Interest Expense": NaN,
        "Interest Income": NaN,
        "Normalized Income": NaN,
        "Net Income From Continuing And Discontinued Operation": NaN,
        "Diluted Average Shares": 102442878.0,
        "Basic Average Shares": 102159213.0,
        "Diluted EPS": 0.38,
        "Basic EPS": 0.38,
        "Diluted NI Availto Com Stockholders": NaN,
        "Net Income Common Stockholders": NaN,
        "Net Income": NaN,
        "Net Income Including Noncontrolling Interests": NaN,
        "Net Income Continuous Operations": NaN,
        "Tax Provision": NaN,
        "Pretax Income": NaN,
        "Special Income Charges": NaN,
        "Other Special Charges": NaN,
        "Restructuring And Mergern Acquisition": NaN,
        "Gain On Sale Of Security": NaN,
        "Depreciation Amortization Depletion Income Statement": NaN,
        "Depreciation And Amortization In Income Statement": NaN,
        "Amortization": NaN,
        "Amortization Of Intangibles Income Statement": NaN,
        "Selling General And Administration": NaN,
        "Selling And Marketing Expense": NaN,
        "General And Administrative Expense": NaN,
        "Insurance And Claims": NaN,
        "Salaries And Wages": NaN,
        "Total Revenue": NaN,
        "Operating Revenue": NaN,
        "Occupancy And Equipment": NaN,
        "Professional Expense And Contract Services Expense": NaN,
        "Other Non Interest Expense": NaN
    },
    "2023-12-31": {
        "Tax Effect Of Unusual Items": -347834.552795,
        "Tax Rate For Calcs": 0.209665,
        "Total Unusual Items": -1659000.0,
        "Total Unusual Items Excluding Goodwill": -1659000.0,
        "Net Income From Continuing Operation Net Minority Interest": 44827000.0,
        "Reconciled Depreciation": 1273000.0,
        "Net Interest Income": 94838000.0,
        "Interest Expense": 48520000.0,
        "Interest Income": 143358000.0,
        "Normalized Income": 46138165.447205,
        "Net Income From Continuing And Discontinued Operation": 44827000.0,
        "Diluted Average Shares": 102264768.0,
        "Basic Average Shares": 102114664.0,
        "Diluted EPS": 0.438987,
        "Basic EPS": 0.438987,
        "Diluted NI Availto Com Stockholders": 44827000.0,
        "Net Income Common Stockholders": 44827000.0,
        "Net Income": 44827000.0,
        "Net Income Including Noncontrolling Interests": 44827000.0,
        "Net Income Continuous Operations": 44827000.0,
        "Tax Provision": 11892000.0,
        "Pretax Income": 56719000.0,
        "Special Income Charges": -1659000.0,
        "Other Special Charges": 1485000.0,
        "Restructuring And Mergern Acquisition": 174000.0,
        "Gain On Sale Of Security": -13000.0,
        "Depreciation Amortization Depletion Income Statement": 1210000.0,
        "Depreciation And Amortization In Income Statement": 1210000.0,
        "Amortization": 1210000.0,
        "Amortization Of Intangibles Income Statement": 1210000.0,
        "Selling General And Administration": 38939000.0,
        "Selling And Marketing Expense": 1061000.0,
        "General And Administrative Expense": 37878000.0,
        "Insurance And Claims": 1646000.0,
        "Salaries And Wages": 36232000.0,
        "Total Revenue": 120034000.0,
        "Operating Revenue": 120034000.0,
        "Occupancy And Equipment": 9009000.0,
        "Professional Expense And Contract Services Expense": 1543000.0,
        "Other Non Interest Expense": 12820000.0
    },
    "2024-03-31": {
        "Tax Effect Of Unusual Items": -240974.333599,
        "Tax Rate For Calcs": 0.192165,
        "Total Unusual Items": -1254000.0,
        "Total Unusual Items Excluding Goodwill": -1254000.0,
        "Net Income From Continuing Operation Net Minority Interest": 37549000.0,
        "Reconciled Depreciation": 1501000.0,
        "Net Interest Income": 91700000.0,
        "Interest Expense": 53158000.0,
        "Interest Income": 144858000.0,
        "Normalized Income": 38562025.666401,
        "Net Income From Continuing And Discontinued Operation": 37549000.0,
        "Diluted Average Shares": 102198899.0,
        "Basic Average Shares": 101981248.0,
        "Diluted EPS": 0.37,
        "Basic EPS": 0.37,
        "Diluted NI Availto Com Stockholders": 37549000.0,
        "Net Income Common Stockholders": 37549000.0,
        "Net Income": 37549000.0,
        "Net Income Including Noncontrolling Interests": 37549000.0,
        "Net Income Continuous Operations": 37549000.0,
        "Tax Provision": 8932000.0,
        "Pretax Income": 46481000.0,
        "Special Income Charges": -1254000.0,
        "Other Special Charges": 1140000.0,
        "Restructuring And Mergern Acquisition": 114000.0,
        "Gain On Sale Of Security": 12000.0,
        "Depreciation Amortization Depletion Income Statement": 1264000.0,
        "Depreciation And Amortization In Income Statement": 1264000.0,
        "Amortization": 1264000.0,
        "Amortization Of Intangibles Income Statement": 1264000.0,
        "Selling General And Administration": 38256000.0,
        "Selling And Marketing Expense": 1319000.0,
        "General And Administrative Expense": 36937000.0,
        "Insurance And Claims": 1613000.0,
        "Salaries And Wages": 35324000.0,
        "Total Revenue": 116292000.0,
        "Operating Revenue": 116292000.0,
        "Occupancy And Equipment": 9814000.0,
        "Professional Expense And Contract Services Expense": 1242000.0,
        "Other Non Interest Expense": 13743000.0
    },
    "2024-06-30": {
        "Tax Effect Of Unusual Items": -193640.0,
        "Tax Rate For Calcs": 0.206,
        "Total Unusual Items": -940000.0,
        "Total Unusual Items Excluding Goodwill": -940000.0,
        "Net Income From Continuing Operation Net Minority Interest": 37088000.0,
        "Reconciled Depreciation": 728000.0,
        "Net Interest Income": 94542000.0,
        "Interest Expense": 55690000.0,
        "Interest Income": 150232000.0,
        "Normalized Income": 37834360.0,
        "Net Income From Continuing And Discontinued Operation": 37088000.0,
        "Diluted Average Shares": NaN,
        "Basic Average Shares": NaN,
        "Diluted EPS": NaN,
        "Basic EPS": NaN,
        "Diluted NI Availto Com Stockholders": 37088000.0,
        "Net Income Common Stockholders": 37088000.0,
        "Net Income": 37088000.0,
        "Net Income Including Noncontrolling Interests": 37088000.0,
        "Net Income Continuous Operations": 37088000.0,
        "Tax Provision": 9489000.0,
        "Pretax Income": 46577000.0,
        "Special Income Charges": -863000.0,
        "Other Special Charges": 494000.0,
        "Restructuring And Mergern Acquisition": 0.0,
        "Gain On Sale Of Security": 23000.0,
        "Depreciation Amortization Depletion Income Statement": 1169000.0,
        "Depreciation And Amortization In Income Statement": 1169000.0,
        "Amortization": 1169000.0,
        "Amortization Of Intangibles Income Statement": 1169000.0,
        "Selling General And Administration": 39504000.0,
        "Selling And Marketing Expense": 898000.0,
        "General And Administrative Expense": 38606000.0,
        "Insurance And Claims": 1286000.0,
        "Salaries And Wages": 37320000.0,
        "Total Revenue": 120125000.0,
        "Operating Revenue": 120125000.0,
        "Occupancy And Equipment": 9100000.0,
        "Professional Expense And Contract Services Expense": 1286000.0,
        "Other Non Interest Expense": 13799000.0
    },
    "2024-09-30": {
        "Tax Effect Of Unusual Items": -481104.0,
        "Tax Rate For Calcs": 0.208,
        "Total Unusual Items": -2313000.0,
        "Total Unusual Items Excluding Goodwill": -2313000.0,
        "Net Income From Continuing Operation Net Minority Interest": 32086000.0,
        "Reconciled Depreciation": 1400000.0,
        "Net Interest Income": 96071000.0,
        "Interest Expense": 57808000.0,
        "Interest Income": 153879000.0,
        "Normalized Income": 33917896.0,
        "Net Income From Continuing And Discontinued Operation": 32086000.0,
        "Diluted Average Shares": 102418964.0,
        "Basic Average Shares": 102237941.0,
        "Diluted EPS": 0.31,
        "Basic EPS": 0.313837,
        "Diluted NI Availto Com Stockholders": 32086000.0,
        "Net Income Common Stockholders": 32086000.0,
        "Net Income": 32086000.0,
        "Net Income Including Noncontrolling Interests": 32086000.0,
        "Net Income Continuous Operations": 32086000.0,
        "Tax Provision": 8442000.0,
        "Pretax Income": 40528000.0,
        "Special Income Charges": -2313000.0,
        "Other Special Charges": 2313000.0,
        "Restructuring And Mergern Acquisition": 0.0,
        "Gain On Sale Of Security": 41000.0,
        "Depreciation Amortization Depletion Income Statement": 1223000.0,
        "Depreciation And Amortization In Income Statement": 1223000.0,
        "Amortization": 1223000.0,
        "Amortization Of Intangibles Income Statement": 1223000.0,
        "Selling General And Administration": 42216000.0,
        "Selling And Marketing Expense": 1960000.0,
        "General And Administrative Expense": 40256000.0,
        "Insurance And Claims": 1638000.0,
        "Salaries And Wages": 38618000.0,
        "Total Revenue": 121213000.0,
        "Operating Revenue": 121213000.0,
        "Occupancy And Equipment": 9193000.0,
        "Professional Expense And Contract Services Expense": 1448000.0,
        "Other Non Interest Expense": 13677000.0
    },
    "2024-12-31": {
        "Tax Effect Of Unusual Items": -254802.743042,
        "Tax Rate For Calcs": 0.196607,
        "Total Unusual Items": -1296000.0,
        "Total Unusual Items Excluding Goodwill": -1296000.0,
        "Net Income From Continuing Operation Net Minority Interest": 35849000.0,
        "Reconciled Depreciation": 2059000.0,
        "Net Interest Income": 94525000.0,
        "Interest Expense": 54915000.0,
        "Interest Income": 149440000.0,
        "Normalized Income": 36890197.256958,
        "Net Income From Continuing And Discontinued Operation": 35849000.0,
        "Diluted Average Shares": 101963018.0,
        "Basic Average Shares": 101758450.0,
        "Diluted EPS": 0.35,
        "Basic EPS": 0.352295,
        "Diluted NI Availto Com Stockholders": 35849000.0,
        "Net Income Common Stockholders": 35849000.0,
        "Net Income": 35849000.0,
        "Net Income Including Noncontrolling Interests": 35849000.0,
        "Net Income Continuous Operations": 35849000.0,
        "Tax Provision": 8773000.0,
        "Pretax Income": 44622000.0,
        "Special Income Charges": -1296000.0,
        "Other Special Charges": 1019000.0,
        "Restructuring And Mergern Acquisition": 277000.0,
        "Gain On Sale Of Security": 96000.0,
        "Depreciation Amortization Depletion Income Statement": 1368000.0,
        "Depreciation And Amortization In Income Statement": 1368000.0,
        "Amortization": 1368000.0,
        "Amortization Of Intangibles Income Statement": 1368000.0,
        "Selling General And Administration": 40819000.0,
        "Selling And Marketing Expense": 1358000.0,
        "General And Administrative Expense": 39461000.0,
        "Insurance And Claims": 1436000.0,
        "Salaries And Wages": 38025000.0,
        "Total Revenue": 120416000.0,
        "Operating Revenue": 120416000.0,
        "Occupancy And Equipment": 9129000.0,
        "Professional Expense And Contract Services Expense": 1557000.0,
        "Other Non Interest Expense": 15135000.0
    },
    "2025-03-31": {
        "Tax Effect Of Unusual Items": -226751.0,
        "Tax Rate For Calcs": 0.203,
        "Total Unusual Items": -1117000.0,
        "Total Unusual Items Excluding Goodwill": -1117000.0,
        "Net Income From Continuing Operation Net Minority Interest": 32696000.0,
        "Reconciled Depreciation": 2153000.0,
        "Net Interest Income": 94985000.0,
        "Interest Expense": 51606000.0,
        "Interest Income": 146591000.0,
        "Normalized Income": 33586249.0,
        "Net Income From Continuing And Discontinued Operation": 32696000.0,
        "Diluted Average Shares": 101927219.0,
        "Basic Average Shares": 101927219.0,
        "Diluted EPS": 0.32,
        "Basic EPS": 0.320778,
        "Diluted NI Availto Com Stockholders": 32696000.0,
        "Net Income Common Stockholders": 32696000.0,
        "Net Income": 32696000.0,
        "Net Income Including Noncontrolling Interests": 32696000.0,
        "Net Income Continuous Operations": 32696000.0,
        "Tax Provision": 8342000.0,
        "Pretax Income": 41038000.0,
        "Special Income Charges": -1117000.0,
        "Other Special Charges": 1008000.0,
        "Restructuring And Mergern Acquisition": 109000.0,
        "Gain On Sale Of Security": -149000.0,
        "Depreciation Amortization Depletion Income Statement": 1131000.0,
        "Depreciation And Amortization In Income Statement": 1131000.0,
        "Amortization": 1131000.0,
        "Amortization Of Intangibles Income Statement": 1131000.0,
        "Selling General And Administration": 43166000.0,
        "Selling And Marketing Expense": 1372000.0,
        "General And Administrative Expense": 41794000.0,
        "Insurance And Claims": 1379000.0,
        "Salaries And Wages": 40415000.0,
        "Total Revenue": 118024000.0,
        "Operating Revenue": 118024000.0,
        "Occupancy And Equipment": 9922000.0,
        "Professional Expense And Contract Services Expense": 1620000.0,
        "Other Non Interest Expense": 14294000.0
    },
    "2025-06-30": {
        "Tax Effect Of Unusual Items": -917184.0,
        "Tax Rate For Calcs": 0.204,
        "Total Unusual Items": -4496000.0,
        "Total Unusual Items Excluding Goodwill": -4496000.0,
        "Net Income From Continuing Operation Net Minority Interest": 33402000.0,
        "Reconciled Depreciation": 788000.0,
        "Net Interest Income": 105547000.0,
        "Interest Expense": 52685000.0,
        "Interest Income": 158232000.0,
        "Normalized Income": 36980816.0,
        "Net Income From Continuing And Discontinued Operation": 33402000.0,
        "Diluted Average Shares": 104925587.0,
        "Basic Average Shares": 104925587.0,
        "Diluted EPS": 0.31834,
        "Basic EPS": 0.31834,
        "Diluted NI Availto Com Stockholders": 33402000.0,
        "Net Income Common Stockholders": 33402000.0,
        "Net Income": 33402000.0,
        "Net Income Including Noncontrolling Interests": 33402000.0,
        "Net Income Continuous Operations": 33402000.0,
        "Tax Provision": 8663000.0,
        "Pretax Income": 42065000.0,
        "Special Income Charges": -4425000.0,
        "Other Special Charges": 470000.0,
        "Restructuring And Mergern Acquisition": 3955000.0,
        "Gain On Sale Of Security": 0.0,
        "Depreciation Amortization Depletion Income Statement": 1311000.0,
        "Depreciation And Amortization In Income Statement": 1311000.0,
        "Amortization": 1311000.0,
        "Amortization Of Intangibles Income Statement": 1311000.0,
        "Selling General And Administration": 43591000.0,
        "Selling And Marketing Expense": 1457000.0,
        "General And Administrative Expense": 42134000.0,
        "Insurance And Claims": 1550000.0,
        "Salaries And Wages": 40584000.0,
        "Total Revenue": 130919000.0,
        "Operating Revenue": 130919000.0,
        "Occupancy And Equipment": 9441000.0,
        "Professional Expense And Contract Services Expense": 1903000.0,
        "Other Non Interest Expense": 15526000.0
    },
    "2025-09-30": {
        "Tax Effect Of Unusual Items": -168468.0,
        "Tax Rate For Calcs": 0.202,
        "Total Unusual Items": -834000.0,
        "Total Unusual Items Excluding Goodwill": -834000.0,
        "Net Income From Continuing Operation Net Minority Interest": 41328000.0,
        "Reconciled Depreciation": 1884000.0,
        "Net Interest Income": 110337000.0,
        "Interest Expense": 51586000.0,
        "Interest Income": 161923000.0,
        "Normalized Income": 41993532.0,
        "Net Income From Continuing And Discontinued Operation": 41328000.0,
        "Diluted Average Shares": 104754917.0,
        "Basic Average Shares": 104293298.0,
        "Diluted EPS": 0.39,
        "Basic EPS": 0.396267,
        "Diluted NI Availto Com Stockholders": 41328000.0,
        "Net Income Common Stockholders": 41328000.0,
        "Net Income": 41328000.0,
        "Net Income Including Noncontrolling Interests": 41328000.0,
        "Net Income Continuous Operations": 41328000.0,
        "Tax Provision": 10491000.0,
        "Pretax Income": 51819000.0,
        "Special Income Charges": -834000.0,
        "Other Special Charges": 669000.0,
        "Restructuring And Mergern Acquisition": 165000.0,
        "Gain On Sale Of Security": 371000.0,
        "Depreciation Amortization Depletion Income Statement": 1567000.0,
        "Depreciation And Amortization In Income Statement": 1567000.0,
        "Amortization": 1567000.0,
        "Amortization Of Intangibles Income Statement": 1567000.0,
        "Selling General And Administration": 44301000.0,
        "Selling And Marketing Expense": 1931000.0,
        "General And Administrative Expense": 42370000.0,
        "Insurance And Claims": 1653000.0,
        "Salaries And Wages": 40717000.0,
        "Total Revenue": 135980000.0,
        "Operating Revenue": 135980000.0,
        "Occupancy And Equipment": 9537000.0,
        "Professional Expense And Contract Services Expense": 1843000.0,
        "Other Non Interest Expense": 14752000.0
    }
}