{
    "2023-06-30": {
        "Tax Effect Of Unusual Items": 143510.0,
        "Tax Rate For Calcs": 0.254,
        "Normalized EBITDA": 210601000.0,
        "Total Unusual Items": 565000.0,
        "Total Unusual Items Excluding Goodwill": 565000.0,
        "Net Income From Continuing Operation Net Minority Interest": 45180000.0,
        "Reconciled Depreciation": 129571000.0,
        "Reconciled Cost Of Revenue": 295214000.0,
        "EBITDA": 211166000.0,
        "EBIT": 81595000.0,
        "Net Interest Income": -20663000.0,
        "Interest Expense": 21071000.0,
        "Interest Income": 408000.0,
        "Normalized Income": 44758510.0,
        "Net Income From Continuing And Discontinued Operation": 45180000.0,
        "Total Expenses": 669921000.0,
        "Diluted Average Shares": 45678000.0,
        "Basic Average Shares": 45203000.0,
        "Diluted EPS": 0.99,
        "Basic EPS": 0.999491,
        "Diluted NI Availto Com Stockholders": 45180000.0,
        "Net Income Common Stockholders": 45180000.0,
        "Net Income": 45180000.0,
        "Net Income Including Noncontrolling Interests": 45180000.0,
        "Net Income Continuous Operations": 45180000.0,
        "Tax Provision": 15344000.0,
        "Pretax Income": 60524000.0,
        "Other Income Expense": 486000.0,
        "Other Non Operating Income Expenses": -79000.0,
        "Special Income Charges": -252000.0,
        "Restructuring And Mergern Acquisition": 252000.0,
        "Gain On Sale Of Security": 817000.0,
        "Net Non Operating Interest Income Expense": -20663000.0,
        "Interest Expense Non Operating": 21071000.0,
        "Interest Income Non Operating": 408000.0,
        "Operating Income": 80701000.0,
        "Operating Expense": 272186000.0,
        "Other Operating Expenses": 204781000.0,
        "Depreciation Amortization Depletion Income Statement": 27050000.0,
        "Depreciation And Amortization In Income Statement": 27050000.0,
        "Selling General And Administration": 40355000.0,
        "General And Administrative Expense": 40355000.0,
        "Other Gand A": 40355000.0,
        "Gross Profit": 352887000.0,
        "Cost Of Revenue": 397735000.0,
        "Total Revenue": 750622000.0,
        "Operating Revenue": 750622000.0
    },
    "2023-03-31": {
        "Tax Effect Of Unusual Items": 192750.0,
        "Tax Rate For Calcs": 0.25,
        "Normalized EBITDA": 212055000.0,
        "Total Unusual Items": 771000.0,
        "Total Unusual Items Excluding Goodwill": 771000.0,
        "Net Income From Continuing Operation Net Minority Interest": 47388000.0,
        "Reconciled Depreciation": 128716000.0,
        "Reconciled Cost Of Revenue": 313078000.0,
        "EBITDA": 212826000.0,
        "EBIT": 84110000.0,
        "Net Interest Income": -20380000.0,
        "Interest Expense": 20897000.0,
        "Interest Income": 517000.0,
        "Normalized Income": 46809750.0,
        "Net Income From Continuing And Discontinued Operation": 47388000.0,
        "Total Expenses": 679872000.0,
        "Diluted Average Shares": 46312000.0,
        "Basic Average Shares": 46147000.0,
        "Diluted EPS": 1.02,
        "Basic EPS": 1.03,
        "Diluted NI Availto Com Stockholders": 47388000.0,
        "Net Income Common Stockholders": 47388000.0,
        "Net Income": 47388000.0,
        "Net Income Including Noncontrolling Interests": 47388000.0,
        "Net Income Continuous Operations": 47388000.0,
        "Tax Provision": 15825000.0,
        "Pretax Income": 63213000.0,
        "Other Income Expense": 726000.0,
        "Other Non Operating Income Expenses": -45000.0,
        "Special Income Charges": -31000.0,
        "Restructuring And Mergern Acquisition": 31000.0,
        "Gain On Sale Of Security": 802000.0,
        "Net Non Operating Interest Income Expense": -20380000.0,
        "Interest Expense Non Operating": 20897000.0,
        "Interest Income Non Operating": 517000.0,
        "Operating Income": 82867000.0,
        "Operating Expense": 265189000.0,
        "Other Operating Expenses": 199061000.0,
        "Depreciation Amortization Depletion Income Statement": 27111000.0,
        "Depreciation And Amortization In Income Statement": 27111000.0,
        "Selling General And Administration": 39017000.0,
        "General And Administrative Expense": 39017000.0,
        "Other Gand A": 39017000.0,
        "Gross Profit": 348056000.0,
        "Cost Of Revenue": 414683000.0,
        "Total Revenue": 762739000.0,
        "Operating Revenue": 762739000.0
    },
    "2022-12-31": {
        "Tax Effect Of Unusual Items": -17898555.793949,
        "Tax Rate For Calcs": 0.211995,
        "Normalized EBITDA": 322996000.0,
        "Total Unusual Items": -84429000.0,
        "Total Unusual Items Excluding Goodwill": -84429000.0,
        "Net Income From Continuing Operation Net Minority Interest": 80066000.0,
        "Reconciled Depreciation": 117002000.0,
        "Reconciled Cost Of Revenue": 309544000.0,
        "EBITDA": 238567000.0,
        "EBIT": 121565000.0,
        "Net Interest Income": -19750000.0,
        "Interest Expense": 19959000.0,
        "Interest Income": 209000.0,
        "Normalized Income": 146596444.206051,
        "Net Income From Continuing And Discontinued Operation": 80066000.0,
        "Total Expenses": 653118000.0,
        "Diluted Average Shares": 46523000.0,
        "Basic Average Shares": 46292000.0,
        "Diluted EPS": 1.72,
        "Basic EPS": 1.729586,
        "Diluted NI Availto Com Stockholders": 80066000.0,
        "Net Income Common Stockholders": 80066000.0,
        "Net Income": 80066000.0,
        "Net Income Including Noncontrolling Interests": 80066000.0,
        "Net Income Continuous Operations": 80066000.0,
        "Tax Provision": 21540000.0,
        "Pretax Income": 101606000.0,
        "Other Income Expense": 25130000.0,
        "Other Non Operating Income Expenses": 10000.0,
        "Special Income Charges": -84816000.0,
        "Restructuring And Mergern Acquisition": 84816000.0,
        "Gain On Sale Of Security": 387000.0,
        "Net Non Operating Interest Income Expense": -19750000.0,
        "Interest Expense Non Operating": 19959000.0,
        "Interest Income Non Operating": 209000.0,
        "Operating Income": 96226000.0,
        "Operating Expense": 252909000.0,
        "Other Operating Expenses": 189511000.0,
        "Depreciation Amortization Depletion Income Statement": 26337000.0,
        "Depreciation And Amortization In Income Statement": 26337000.0,
        "Selling General And Administration": 37061000.0,
        "General And Administrative Expense": 37061000.0,
        "Other Gand A": 37061000.0,
        "Gross Profit": 349135000.0,
        "Cost Of Revenue": 400209000.0,
        "Total Revenue": 749344000.0,
        "Operating Revenue": 749344000.0
    },
    "2022-09-30": {
        "Tax Effect Of Unusual Items": 4011912.567146,
        "Tax Rate For Calcs": 0.213263,
        "Normalized EBITDA": 100836000.0,
        "Total Unusual Items": 18812000.0,
        "Total Unusual Items Excluding Goodwill": 18812000.0,
        "Net Income From Continuing Operation Net Minority Interest": 59316000.0,
        "Reconciled Depreciation": 25971000.0,
        "Reconciled Cost Of Revenue": 348851000.0,
        "EBITDA": 119648000.0,
        "EBIT": 93677000.0,
        "Net Interest Income": -18076000.0,
        "Interest Expense": 18282000.0,
        "Interest Income": 206000.0,
        "Normalized Income": 44515912.567146,
        "Net Income From Continuing And Discontinued Operation": 59316000.0,
        "Total Expenses": 597320000.0,
        "Diluted Average Shares": 47022000.0,
        "Basic Average Shares": 46902000.0,
        "Diluted EPS": 1.26,
        "Basic EPS": 1.26,
        "Diluted NI Availto Com Stockholders": 59316000.0,
        "Net Income Common Stockholders": 59316000.0,
        "Net Income": 59316000.0,
        "Net Income Including Noncontrolling Interests": 59316000.0,
        "Net Income Continuous Operations": 59316000.0,
        "Tax Provision": 16079000.0,
        "Pretax Income": 75395000.0,
        "Other Income Expense": 18648000.0,
        "Other Non Operating Income Expenses": -164000.0,
        "Special Income Charges": 19067000.0,
        "Restructuring And Mergern Acquisition": -19067000.0,
        "Earnings From Equity Interest": NaN,
        "Gain On Sale Of Security": -255000.0,
        "Net Non Operating Interest Income Expense": -18076000.0,
        "Interest Expense Non Operating": 18282000.0,
        "Interest Income Non Operating": 206000.0,
        "Operating Income": 74823000.0,
        "Operating Expense": 248469000.0,
        "Other Operating Expenses": 185547000.0,
        "Depreciation Amortization Depletion Income Statement": 25971000.0,
        "Depreciation And Amortization In Income Statement": 25971000.0,
        "Selling General And Administration": 36951000.0,
        "General And Administrative Expense": 36951000.0,
        "Other Gand A": 36951000.0,
        "Gross Profit": 323292000.0,
        "Cost Of Revenue": 348851000.0,
        "Total Revenue": 672143000.0,
        "Operating Revenue": 672143000.0
    },
    "2022-06-30": {
        "Tax Effect Of Unusual Items": 13989776.506755,
        "Tax Rate For Calcs": 0.214508,
        "Normalized EBITDA": 86633000.0,
        "Total Unusual Items": 65218000.0,
        "Total Unusual Items Excluding Goodwill": 65218000.0,
        "Net Income From Continuing Operation Net Minority Interest": 86108000.0,
        "Reconciled Depreciation": 25982000.0,
        "Reconciled Cost Of Revenue": 346644000.0,
        "EBITDA": 151851000.0,
        "EBIT": 125869000.0,
        "Net Interest Income": -16024000.0,
        "Interest Expense": 16246000.0,
        "Interest Income": 222000.0,
        "Normalized Income": 34879776.506755,
        "Net Income From Continuing And Discontinued Operation": 86108000.0,
        "Total Expenses": 590249000.0,
        "Diluted Average Shares": 47499000.0,
        "Basic Average Shares": 47425000.0,
        "Diluted EPS": 1.81,
        "Basic EPS": 1.82,
        "Diluted NI Availto Com Stockholders": 86108000.0,
        "Net Income Common Stockholders": 86108000.0,
        "Net Income": 86108000.0,
        "Net Income Including Noncontrolling Interests": 86108000.0,
        "Net Income Continuous Operations": 86108000.0,
        "Tax Provision": 23515000.0,
        "Pretax Income": 109623000.0,
        "Other Income Expense": 68280000.0,
        "Other Non Operating Income Expenses": 3062000.0,
        "Special Income Charges": 65245000.0,
        "Restructuring And Mergern Acquisition": -65245000.0,
        "Earnings From Equity Interest": NaN,
        "Gain On Sale Of Security": -27000.0,
        "Net Non Operating Interest Income Expense": -16024000.0,
        "Interest Expense Non Operating": 16246000.0,
        "Interest Income Non Operating": 222000.0,
        "Operating Income": 57367000.0,
        "Operating Expense": 243605000.0,
        "Other Operating Expenses": 180555000.0,
        "Depreciation Amortization Depletion Income Statement": 25982000.0,
        "Depreciation And Amortization In Income Statement": 25982000.0,
        "Selling General And Administration": 37068000.0,
        "General And Administrative Expense": 37068000.0,
        "Other Gand A": 37068000.0,
        "Gross Profit": 300972000.0,
        "Cost Of Revenue": 346644000.0,
        "Total Revenue": 647616000.0,
        "Operating Revenue": 647616000.0
    },
    "2022-03-31": {
        "Diluted EPS": 0.58,
        "Total Revenue": 660,
        "Gross Profit": 291,
        "Operating Income": 55,
        "EBIT": 191,
        "Net Income": 28
    },
    "2021-12-31": {
        "Diluted EPS": 0.7,
        "Total Revenue": 502,
        "Gross Profit": 228,
        "Operating Income": 28,
        "EBIT": 56,
        "Net Income": 29
    },
    "2021-09-30": {
        "Diluted EPS": 0.82,
        "Total Revenue": 400,
        "Gross Profit": 233,
        "Operating Income": 53,
        "EBIT": 65,
        "Net Income": 33
    },
    "2021-06-30": {
        "Diluted EPS": 0.7,
        "Total Revenue": 390,
        "Gross Profit": 224,
        "Operating Income": 46,
        "EBIT": 57,
        "Net Income": 28
    },
    "2021-03-31": {
        "Diluted EPS": 0.82,
        "Total Revenue": 408,
        "Gross Profit": 234,
        "Operating Income": 54,
        "EBIT": 65,
        "Net Income": 34
    },
    "2020-12-31": {
        "Diluted EPS": 0.8,
        "Total Revenue": 392,
        "Gross Profit": 226,
        "Operating Income": 53,
        "EBIT": 64,
        "Net Income": 33
    },
    "2020-09-30": {
        "Diluted EPS": 0.36,
        "Total Revenue": 360,
        "Gross Profit": 203,
        "Operating Income": 36,
        "EBIT": 47,
        "Net Income": 15
    },
    "2020-06-30": {
        "Diluted EPS": 0.62,
        "Total Revenue": 413,
        "Gross Profit": 223,
        "Operating Income": 43,
        "EBIT": 54,
        "Net Income": 26
    },
    "2020-03-31": {
        "Diluted EPS": 0.78,
        "Total Revenue": 466,
        "Gross Profit": 259,
        "Operating Income": 62,
        "EBIT": 73,
        "Net Income": 33
    },
    "2019-12-31": {
        "Diluted EPS": 1.26,
        "Total Revenue": 498,
        "Gross Profit": 267,
        "Operating Income": 78,
        "EBIT": 89,
        "Net Income": 54
    },
    "2019-09-30": {
        "Diluted EPS": 0.81,
        "Total Revenue": 452,
        "Gross Profit": 251,
        "Operating Income": 59,
        "EBIT": 70,
        "Net Income": 35
    },
    "2019-06-30": {
        "Diluted EPS": 0.76,
        "Total Revenue": 446,
        "Gross Profit": 244,
        "Operating Income": 53,
        "EBIT": 64,
        "Net Income": 33
    },
    "2019-03-31": {
        "Diluted EPS": 0.98,
        "Total Revenue": 468,
        "Gross Profit": 256,
        "Operating Income": 67,
        "EBIT": 77,
        "Net Income": 43
    },
    "2018-12-31": {
        "Diluted EPS": 1.08,
        "Total Revenue": 481,
        "Gross Profit": 262,
        "Operating Income": 73,
        "EBIT": 83,
        "Net Income": 48
    },
    "2018-09-30": {
        "Diluted EPS": 0.76,
        "Total Revenue": 430,
        "Gross Profit": 237,
        "Operating Income": 51,
        "EBIT": 63,
        "Net Income": 33
    },
    "2018-06-30": {
        "Diluted EPS": 0.67,
        "Total Revenue": 420,
        "Gross Profit": 228,
        "Operating Income": 48,
        "EBIT": 59,
        "Net Income": 30
    },
    "2018-03-31": {
        "Diluted EPS": 0.9,
        "Total Revenue": 450,
        "Gross Profit": 239,
        "Operating Income": 61,
        "EBIT": 73,
        "Net Income": 42
    },
    "2017-12-31": {
        "Diluted EPS": 1.42,
        "Total Revenue": 480,
        "Gross Profit": 249,
        "Operating Income": 62,
        "EBIT": 75,
        "Net Income": 68
    },
    "2017-09-30": {
        "Diluted EPS": 0.59,
        "Total Revenue": 435,
        "Gross Profit": 231,
        "Operating Income": 47,
        "EBIT": 61,
        "Net Income": 28
    },
    "2017-06-30": {
        "Diluted EPS": 0.32,
        "Total Revenue": 417,
        "Gross Profit": 224,
        "Operating Income": 41,
        "EBIT": 56,
        "Net Income": 15
    },
    "2017-03-31": {
        "Diluted EPS": 0.67,
        "Total Revenue": 448,
        "Gross Profit": 243,
        "Operating Income": 58,
        "EBIT": 73,
        "Net Income": 33
    },
    "2016-12-31": {
        "Diluted EPS": 0.88,
        "Total Revenue": 462,
        "Gross Profit": 254,
        "Operating Income": 62,
        "EBIT": 77,
        "Net Income": 37
    },
    "2016-09-30": {
        "Diluted EPS": -0.04,
        "Total Revenue": 261,
        "Gross Profit": 147,
        "Operating Income": 6,
        "EBIT": 13,
        "Net Income": -1
    },
    "2016-06-30": {
        "Diluted EPS": 0.41,
        "Total Revenue": 182,
        "Gross Profit": 101,
        "Operating Income": 21,
        "EBIT": 27,
        "Net Income": 12
    },
    "2016-03-31": {
        "Diluted EPS": 0.47,
        "Total Revenue": 183,
        "Gross Profit": 102,
        "Operating Income": 24,
        "EBIT": 29,
        "Net Income": 13
    },
    "2015-12-31": {
        "Diluted EPS": 0.68,
        "Total Revenue": 191,
        "Gross Profit": 103,
        "Operating Income": 32,
        "EBIT": 36,
        "Net Income": 19
    },
    "2015-09-30": {
        "Diluted EPS": 0.4,
        "Total Revenue": 170,
        "Gross Profit": 95,
        "Operating Income": 20,
        "EBIT": 25,
        "Net Income": 11
    },
    "2015-06-30": {
        "Diluted EPS": 0.47,
        "Total Revenue": 168,
        "Gross Profit": 94,
        "Operating Income": 23,
        "EBIT": 28,
        "Net Income": 13
    },
    "2015-03-31": {
        "Diluted EPS": 0.59,
        "Total Revenue": 176,
        "Gross Profit": 99,
        "Operating Income": 28,
        "EBIT": 33,
        "Net Income": 17
    },
    "2014-12-31": {
        "Diluted EPS": 0.93,
        "Total Revenue": 203,
        "Gross Profit": 112,
        "Operating Income": 41,
        "EBIT": 45,
        "Net Income": 27
    },
    "2014-09-30": {
        "Diluted EPS": 0.68,
        "Total Revenue": 175,
        "Gross Profit": 99,
        "Operating Income": 32,
        "EBIT": 36,
        "Net Income": 20
    },
    "2014-06-30": {
        "Diluted EPS": 0.55,
        "Total Revenue": 165,
        "Gross Profit": 94,
        "Operating Income": 27,
        "EBIT": 32,
        "Net Income": 16
    },
    "2014-03-31": {
        "Diluted EPS": 0.77,
        "Total Revenue": 170,
        "Gross Profit": 96,
        "Operating Income": 30,
        "EBIT": 35,
        "Net Income": 23
    },
    "2013-12-31": {
        "Diluted EPS": 0.84,
        "Total Revenue": 185,
        "Gross Profit": 100,
        "Operating Income": 37,
        "EBIT": 41,
        "Net Income": 25
    },
    "2013-09-30": {
        "Diluted EPS": 0.79,
        "Total Revenue": 173,
        "Gross Profit": 94,
        "Operating Income": 31,
        "EBIT": 34,
        "Net Income": 23
    },
    "2013-06-30": {
        "Diluted EPS": 0.53,
        "Total Revenue": 142,
        "Gross Profit": 84,
        "Operating Income": 24,
        "EBIT": 28,
        "Net Income": 16
    },
    "2013-03-31": {
        "Diluted EPS": 0.68,
        "Total Revenue": 160,
        "Gross Profit": 91,
        "Operating Income": 32,
        "EBIT": 35,
        "Net Income": 20
    },
    "2012-12-31": {
        "Diluted EPS": 0.92,
        "Total Revenue": 175,
        "Gross Profit": 97,
        "Operating Income": 41,
        "EBIT": 45,
        "Net Income": 28
    },
    "2012-09-30": {
        "Diluted EPS": 0.64,
        "Total Revenue": 150,
        "Gross Profit": 86,
        "Operating Income": 30,
        "EBIT": 34,
        "Net Income": 19
    },
    "2012-06-30": {
        "Diluted EPS": 0.56,
        "Total Revenue": 132,
        "Gross Profit": 75,
        "Operating Income": 25,
        "EBIT": 28,
        "Net Income": 16
    },
    "2012-03-31": {
        "Diluted EPS": 0.58,
        "Total Revenue": 135,
        "Gross Profit": 78,
        "Operating Income": 27,
        "EBIT": 30,
        "Net Income": 18
    },
    "2011-12-31": {
        "Diluted EPS": 0.7,
        "Total Revenue": 140,
        "Gross Profit": 74,
        "Operating Income": 31,
        "EBIT": 34,
        "Net Income": 21
    },
    "2011-09-30": {
        "Diluted EPS": 0.59,
        "Total Revenue": 133,
        "Gross Profit": 76,
        "Operating Income": 28,
        "EBIT": 31,
        "Net Income": 18
    },
    "2011-06-30": {
        "Diluted EPS": 0.48,
        "Total Revenue": 121,
        "Gross Profit": 69,
        "Operating Income": 23,
        "EBIT": 26,
        "Net Income": 15
    },
    "2011-03-31": {
        "Diluted EPS": 0.7,
        "Total Revenue": 121,
        "Gross Profit": 70,
        "Operating Income": 24,
        "EBIT": 27,
        "Net Income": 23
    },
    "2010-12-31": {
        "Diluted EPS": 0.63,
        "Total Revenue": 126,
        "Gross Profit": 73,
        "Operating Income": 27,
        "EBIT": 30,
        "Net Income": 20
    },
    "2010-09-30": {
        "Diluted EPS": 0.46,
        "Total Revenue": 106,
        "Gross Profit": 63,
        "Operating Income": 20,
        "EBIT": 23,
        "Net Income": 14
    },
    "2010-06-30": {
        "Diluted EPS": 0.38,
        "Total Revenue": 95,
        "Gross Profit": 56,
        "Operating Income": 16,
        "EBIT": 19,
        "Net Income": 12
    },
    "2010-03-31": {
        "Diluted EPS": 0.39,
        "Total Revenue": 95,
        "Gross Profit": 55,
        "Operating Income": 16,
        "EBIT": 19,
        "Net Income": 12
    },
    "2009-12-31": {
        "Diluted EPS": 0.5,
        "Total Revenue": 101,
        "Gross Profit": 53,
        "Operating Income": 16,
        "EBIT": 20,
        "Net Income": 15
    },
    "2009-09-30": {
        "Diluted EPS": 0.39,
        "Total Revenue": 92,
        "Gross Profit": 53,
        "Operating Income": 16,
        "EBIT": 18,
        "Net Income": 12
    },
    "2009-06-30": {
        "Diluted EPS": 0.38,
        "Total Revenue": 82,
        "Gross Profit": 49,
        "Operating Income": 15,
        "EBIT": 18,
        "Net Income": 12
    },
    "2009-03-31": {
        "Diluted EPS": 0.38,
        "Total Revenue": 80,
        "Gross Profit": 50,
        "Operating Income": 15,
        "EBIT": 17,
        "Net Income": 11
    },
    "2023-09-30": {
        "Tax Effect Of Unusual Items": -818664.0,
        "Tax Rate For Calcs": 0.264,
        "Normalized EBITDA": 236477000.0,
        "Total Unusual Items": -3101000.0,
        "Total Unusual Items Excluding Goodwill": -3101000.0,
        "Net Income From Continuing Operation Net Minority Interest": 57144000.0,
        "Reconciled Depreciation": 131063000.0,
        "Reconciled Cost Of Revenue": 293956000.0,
        "EBITDA": 233376000.0,
        "EBIT": 102313000.0,
        "Net Interest Income": -24361000.0,
        "Interest Expense": 24689000.0,
        "Interest Income": 328000.0,
        "Normalized Income": 59426336.0,
        "Net Income From Continuing And Discontinued Operation": 57144000.0,
        "Total Expenses": 681599000.0,
        "Diluted Average Shares": 45374000.0,
        "Basic Average Shares": 45108000.0,
        "Diluted EPS": 1.26,
        "Basic EPS": 1.266826,
        "Diluted NI Availto Com Stockholders": 57144000.0,
        "Net Income Common Stockholders": 57144000.0,
        "Net Income": 57144000.0,
        "Net Income Including Noncontrolling Interests": 57144000.0,
        "Net Income Continuous Operations": 57144000.0,
        "Tax Provision": 20480000.0,
        "Pretax Income": 77624000.0,
        "Other Income Expense": -2717000.0,
        "Other Non Operating Income Expenses": 384000.0,
        "Special Income Charges": -3387000.0,
        "Restructuring And Mergern Acquisition": 3387000.0,
        "Gain On Sale Of Security": 286000.0,
        "Net Non Operating Interest Income Expense": -24361000.0,
        "Interest Expense Non Operating": 24689000.0,
        "Interest Income Non Operating": 328000.0,
        "Operating Income": 104702000.0,
        "Operating Expense": 283945000.0,
        "Other Operating Expenses": 211524000.0,
        "Depreciation Amortization Depletion Income Statement": 27365000.0,
        "Depreciation And Amortization In Income Statement": 27365000.0,
        "Selling General And Administration": 45056000.0,
        "General And Administrative Expense": 45056000.0,
        "Other Gand A": 45056000.0,
        "Gross Profit": 388647000.0,
        "Cost Of Revenue": 397654000.0,
        "Total Revenue": 786301000.0,
        "Operating Revenue": 786301000.0
    },
    "2023-12-31": {
        "Tax Effect Of Unusual Items": -1107779.949283,
        "Tax Rate For Calcs": 0.239365,
        "Normalized EBITDA": 253968000.0,
        "Total Unusual Items": -4628000.0,
        "Total Unusual Items Excluding Goodwill": -4628000.0,
        "Net Income From Continuing Operation Net Minority Interest": 69589000.0,
        "Reconciled Depreciation": 131266000.0,
        "Reconciled Cost Of Revenue": 330854000.0,
        "EBITDA": 249340000.0,
        "EBIT": 118074000.0,
        "Net Interest Income": -26370000.0,
        "Interest Expense": 26586000.0,
        "Interest Income": 216000.0,
        "Normalized Income": 73109220.050717,
        "Net Income From Continuing And Discontinued Operation": 69589000.0,
        "Total Expenses": 730790000.0,
        "Diluted Average Shares": 45425000.0,
        "Basic Average Shares": 45108000.0,
        "Diluted EPS": 1.53,
        "Basic EPS": 1.54272,
        "Diluted NI Availto Com Stockholders": 69589000.0,
        "Net Income Common Stockholders": 69589000.0,
        "Net Income": 69589000.0,
        "Net Income Including Noncontrolling Interests": 69589000.0,
        "Net Income Continuous Operations": 69589000.0,
        "Tax Provision": 21899000.0,
        "Pretax Income": 91488000.0,
        "Other Income Expense": -3486000.0,
        "Other Non Operating Income Expenses": 1142000.0,
        "Special Income Charges": -4252000.0,
        "Restructuring And Mergern Acquisition": 4252000.0,
        "Gain On Sale Of Security": -376000.0,
        "Net Non Operating Interest Income Expense": -26370000.0,
        "Interest Expense Non Operating": 26586000.0,
        "Interest Income Non Operating": 216000.0,
        "Operating Income": 121344000.0,
        "Operating Expense": 296305000.0,
        "Other Operating Expenses": 216783000.0,
        "Depreciation Amortization Depletion Income Statement": 27635000.0,
        "Depreciation And Amortization In Income Statement": 27635000.0,
        "Selling General And Administration": 51887000.0,
        "General And Administrative Expense": 51887000.0,
        "Other Gand A": 51887000.0,
        "Gross Profit": 417649000.0,
        "Cost Of Revenue": 434485000.0,
        "Total Revenue": 852134000.0,
        "Operating Revenue": 852134000.0
    },
    "2024-03-31": {
        "Tax Effect Of Unusual Items": -103161.0,
        "Tax Rate For Calcs": 0.251,
        "Normalized EBITDA": 254025000.0,
        "Total Unusual Items": -411000.0,
        "Total Unusual Items Excluding Goodwill": -411000.0,
        "Net Income From Continuing Operation Net Minority Interest": 61368000.0,
        "Reconciled Depreciation": 146311000.0,
        "Reconciled Cost Of Revenue": 320246000.0,
        "EBITDA": 253614000.0,
        "EBIT": 107303000.0,
        "Net Interest Income": -24675000.0,
        "Interest Expense": 25418000.0,
        "Interest Income": 743000.0,
        "Normalized Income": 61675839.0,
        "Net Income From Continuing And Discontinued Operation": 61368000.0,
        "Total Expenses": 730750000.0,
        "Diluted Average Shares": 45387000.0,
        "Basic Average Shares": 45244000.0,
        "Diluted EPS": 1.35,
        "Basic EPS": 1.36,
        "Diluted NI Availto Com Stockholders": 61368000.0,
        "Net Income Common Stockholders": 61368000.0,
        "Net Income": 61368000.0,
        "Net Income Including Noncontrolling Interests": 61368000.0,
        "Net Income Continuous Operations": 61368000.0,
        "Tax Provision": 20517000.0,
        "Pretax Income": 81885000.0,
        "Other Income Expense": 940000.0,
        "Other Non Operating Income Expenses": 1351000.0,
        "Special Income Charges": -597000.0,
        "Restructuring And Mergern Acquisition": 597000.0,
        "Gain On Sale Of Security": 186000.0,
        "Net Non Operating Interest Income Expense": -24675000.0,
        "Interest Expense Non Operating": 25418000.0,
        "Interest Income Non Operating": 743000.0,
        "Operating Income": 105620000.0,
        "Operating Expense": 290220000.0,
        "Other Operating Expenses": 221136000.0,
        "Depreciation Amortization Depletion Income Statement": 26027000.0,
        "Depreciation And Amortization In Income Statement": 26027000.0,
        "Selling General And Administration": 43057000.0,
        "General And Administrative Expense": 43057000.0,
        "Other Gand A": 43057000.0,
        "Gross Profit": 395840000.0,
        "Cost Of Revenue": 440530000.0,
        "Total Revenue": 836370000.0,
        "Operating Revenue": 836370000.0
    },
    "2024-06-30": {
        "Tax Effect Of Unusual Items": -722658.0,
        "Tax Rate For Calcs": 0.258,
        "Normalized EBITDA": 230870000.0,
        "Total Unusual Items": -2801000.0,
        "Total Unusual Items Excluding Goodwill": -2801000.0,
        "Net Income From Continuing Operation Net Minority Interest": 49073000.0,
        "Reconciled Depreciation": 136704000.0,
        "Reconciled Cost Of Revenue": 325458000.0,
        "EBITDA": 228069000.0,
        "EBIT": 91365000.0,
        "Net Interest Income": -24926000.0,
        "Interest Expense": 25187000.0,
        "Interest Income": 261000.0,
        "Normalized Income": 51151342.0,
        "Net Income From Continuing And Discontinued Operation": 49073000.0,
        "Total Expenses": 736107000.0,
        "Diluted Average Shares": 45289000.0,
        "Basic Average Shares": 45122000.0,
        "Diluted EPS": 1.08,
        "Basic EPS": 1.09,
        "Diluted NI Availto Com Stockholders": 49073000.0,
        "Net Income Common Stockholders": 49073000.0,
        "Net Income": 49073000.0,
        "Net Income Including Noncontrolling Interests": 49073000.0,
        "Net Income Continuous Operations": 49073000.0,
        "Tax Provision": 17105000.0,
        "Pretax Income": 66178000.0,
        "Other Income Expense": -3801000.0,
        "Other Non Operating Income Expenses": -1000000.0,
        "Special Income Charges": -1364000.0,
        "Restructuring And Mergern Acquisition": 1364000.0,
        "Gain On Sale Of Security": -1437000.0,
        "Net Non Operating Interest Income Expense": -24926000.0,
        "Interest Expense Non Operating": 25187000.0,
        "Interest Income Non Operating": 261000.0,
        "Operating Income": 94905000.0,
        "Operating Expense": 300492000.0,
        "Other Operating Expenses": 228369000.0,
        "Depreciation Amortization Depletion Income Statement": 26547000.0,
        "Depreciation And Amortization In Income Statement": 26547000.0,
        "Selling General And Administration": 45576000.0,
        "General And Administrative Expense": 45576000.0,
        "Other Gand A": 45576000.0,
        "Gross Profit": 395397000.0,
        "Cost Of Revenue": 435615000.0,
        "Total Revenue": 831012000.0,
        "Operating Revenue": 831012000.0
    },
    "2024-09-30": {
        "Tax Effect Of Unusual Items": -264573.0,
        "Tax Rate For Calcs": 0.239,
        "Normalized EBITDA": 244572000.0,
        "Total Unusual Items": -1107000.0,
        "Total Unusual Items Excluding Goodwill": -1107000.0,
        "Net Income From Continuing Operation Net Minority Interest": 64827000.0,
        "Reconciled Depreciation": 130861000.0,
        "Reconciled Cost Of Revenue": 327786000.0,
        "EBITDA": 243465000.0,
        "EBIT": 112604000.0,
        "Net Interest Income": -27021000.0,
        "Interest Expense": 27424000.0,
        "Interest Income": 403000.0,
        "Normalized Income": 65669427.0,
        "Net Income From Continuing And Discontinued Operation": 64827000.0,
        "Total Expenses": 724503000.0,
        "Diluted Average Shares": 44970000.0,
        "Basic Average Shares": 44752000.0,
        "Diluted EPS": 1.44,
        "Basic EPS": 1.45,
        "Diluted NI Availto Com Stockholders": 64827000.0,
        "Net Income Common Stockholders": 64827000.0,
        "Net Income": 64827000.0,
        "Net Income Including Noncontrolling Interests": 64827000.0,
        "Net Income Continuous Operations": 64827000.0,
        "Tax Provision": 20353000.0,
        "Pretax Income": 85180000.0,
        "Other Income Expense": -617000.0,
        "Other Non Operating Income Expenses": 490000.0,
        "Special Income Charges": -225000.0,
        "Restructuring And Mergern Acquisition": 225000.0,
        "Gain On Sale Of Security": -882000.0,
        "Net Non Operating Interest Income Expense": -27021000.0,
        "Interest Expense Non Operating": 27424000.0,
        "Interest Income Non Operating": 403000.0,
        "Operating Income": 112818000.0,
        "Operating Expense": 291789000.0,
        "Other Operating Expenses": 224926000.0,
        "Depreciation Amortization Depletion Income Statement": 25933000.0,
        "Depreciation And Amortization In Income Statement": 25933000.0,
        "Selling General And Administration": 40930000.0,
        "General And Administrative Expense": 40930000.0,
        "Other Gand A": 40930000.0,
        "Gross Profit": 404607000.0,
        "Cost Of Revenue": 432714000.0,
        "Total Revenue": 837321000.0,
        "Operating Revenue": 837321000.0
    }
}