{
    "2023-06-30": {
        "Tax Effect Of Unusual Items": NaN,
        "Tax Rate For Calcs": NaN,
        "Normalized EBITDA": NaN,
        "Net Income From Continuing Operation Net Minority Interest": NaN,
        "Reconciled Depreciation": NaN,
        "Reconciled Cost Of Revenue": NaN,
        "EBITDA": NaN,
        "EBIT": NaN,
        "Net Interest Income": NaN,
        "Interest Expense": NaN,
        "Interest Income": NaN,
        "Normalized Income": NaN,
        "Net Income From Continuing And Discontinued Operation": NaN,
        "Total Expenses": NaN,
        "Total Operating Income As Reported": NaN,
        "Diluted Average Shares": 35650000.0,
        "Basic Average Shares": 33359000.0,
        "Diluted EPS": 1.75,
        "Basic EPS": 1.87,
        "Diluted NI Availto Com Stockholders": NaN,
        "Net Income Common Stockholders": NaN,
        "Net Income": NaN,
        "Net Income Including Noncontrolling Interests": NaN,
        "Net Income Continuous Operations": NaN,
        "Tax Provision": NaN,
        "Pretax Income": NaN,
        "Net Non Operating Interest Income Expense": NaN,
        "Interest Expense Non Operating": NaN,
        "Interest Income Non Operating": NaN,
        "Operating Income": NaN,
        "Operating Expense": NaN,
        "Depreciation Amortization Depletion Income Statement": NaN,
        "Depreciation And Amortization In Income Statement": NaN,
        "Amortization": NaN,
        "Amortization Of Intangibles Income Statement": NaN,
        "Selling General And Administration": NaN,
        "Gross Profit": NaN,
        "Cost Of Revenue": NaN,
        "Total Revenue": NaN,
        "Operating Revenue": NaN
    },
    "2023-03-31": {
        "Tax Effect Of Unusual Items": NaN,
        "Tax Rate For Calcs": NaN,
        "Normalized EBITDA": NaN,
        "Net Income From Continuing Operation Net Minority Interest": NaN,
        "Reconciled Depreciation": NaN,
        "Reconciled Cost Of Revenue": NaN,
        "EBITDA": NaN,
        "EBIT": NaN,
        "Net Interest Income": NaN,
        "Interest Expense": NaN,
        "Interest Income": NaN,
        "Normalized Income": NaN,
        "Net Income From Continuing And Discontinued Operation": NaN,
        "Total Expenses": NaN,
        "Total Operating Income As Reported": NaN,
        "Diluted Average Shares": 35482000.0,
        "Basic Average Shares": 33301000.0,
        "Diluted EPS": 1.34,
        "Basic EPS": 1.43,
        "Diluted NI Availto Com Stockholders": NaN,
        "Net Income Common Stockholders": NaN,
        "Net Income": NaN,
        "Net Income Including Noncontrolling Interests": NaN,
        "Net Income Continuous Operations": NaN,
        "Tax Provision": NaN,
        "Pretax Income": NaN,
        "Net Non Operating Interest Income Expense": NaN,
        "Interest Expense Non Operating": NaN,
        "Interest Income Non Operating": NaN,
        "Operating Income": NaN,
        "Operating Expense": NaN,
        "Depreciation Amortization Depletion Income Statement": NaN,
        "Depreciation And Amortization In Income Statement": NaN,
        "Amortization": NaN,
        "Amortization Of Intangibles Income Statement": NaN,
        "Selling General And Administration": NaN,
        "Gross Profit": NaN,
        "Cost Of Revenue": NaN,
        "Total Revenue": NaN,
        "Operating Revenue": NaN
    },
    "2022-12-31": {
        "Tax Effect Of Unusual Items": NaN,
        "Tax Rate For Calcs": NaN,
        "Normalized EBITDA": NaN,
        "Net Income From Continuing Operation Net Minority Interest": NaN,
        "Reconciled Depreciation": NaN,
        "Reconciled Cost Of Revenue": NaN,
        "EBITDA": NaN,
        "EBIT": NaN,
        "Net Interest Income": NaN,
        "Interest Expense": NaN,
        "Interest Income": -5799000.0,
        "Normalized Income": NaN,
        "Net Income From Continuing And Discontinued Operation": NaN,
        "Total Expenses": NaN,
        "Total Operating Income As Reported": NaN,
        "Diluted Average Shares": NaN,
        "Basic Average Shares": NaN,
        "Diluted EPS": NaN,
        "Basic EPS": NaN,
        "Diluted NI Availto Com Stockholders": NaN,
        "Net Income Common Stockholders": NaN,
        "Net Income": NaN,
        "Net Income Including Noncontrolling Interests": NaN,
        "Net Income Continuous Operations": NaN,
        "Tax Provision": NaN,
        "Pretax Income": NaN,
        "Net Non Operating Interest Income Expense": NaN,
        "Interest Expense Non Operating": NaN,
        "Interest Income Non Operating": -5799000.0,
        "Operating Income": NaN,
        "Operating Expense": NaN,
        "Depreciation Amortization Depletion Income Statement": NaN,
        "Depreciation And Amortization In Income Statement": NaN,
        "Amortization": NaN,
        "Amortization Of Intangibles Income Statement": NaN,
        "Selling General And Administration": NaN,
        "Gross Profit": NaN,
        "Cost Of Revenue": NaN,
        "Total Revenue": NaN,
        "Operating Revenue": NaN
    },
    "2022-09-30": {
        "Tax Effect Of Unusual Items": NaN,
        "Tax Rate For Calcs": NaN,
        "Normalized EBITDA": NaN,
        "Net Income From Continuing Operation Net Minority Interest": NaN,
        "Reconciled Depreciation": NaN,
        "Reconciled Cost Of Revenue": NaN,
        "EBITDA": NaN,
        "EBIT": NaN,
        "Net Interest Income": NaN,
        "Interest Expense": NaN,
        "Interest Income": 7771000.0,
        "Normalized Income": NaN,
        "Net Income From Continuing And Discontinued Operation": NaN,
        "Total Expenses": NaN,
        "Total Operating Income As Reported": NaN,
        "Diluted Average Shares": NaN,
        "Basic Average Shares": NaN,
        "Diluted EPS": NaN,
        "Basic EPS": NaN,
        "Diluted NI Availto Com Stockholders": NaN,
        "Net Income Common Stockholders": NaN,
        "Net Income": NaN,
        "Net Income Including Noncontrolling Interests": NaN,
        "Net Income Continuous Operations": NaN,
        "Tax Provision": NaN,
        "Pretax Income": NaN,
        "Net Non Operating Interest Income Expense": NaN,
        "Interest Expense Non Operating": NaN,
        "Interest Income Non Operating": 7771000.0,
        "Operating Income": NaN,
        "Operating Expense": NaN,
        "Depreciation Amortization Depletion Income Statement": NaN,
        "Depreciation And Amortization In Income Statement": NaN,
        "Amortization": NaN,
        "Amortization Of Intangibles Income Statement": NaN,
        "Selling General And Administration": NaN,
        "Gross Profit": NaN,
        "Cost Of Revenue": NaN,
        "Total Revenue": NaN,
        "Operating Revenue": NaN
    },
    "2022-06-30": {
        "Tax Effect Of Unusual Items": 0.0,
        "Tax Rate For Calcs": 0.206125,
        "Normalized EBITDA": 69966000.0,
        "Total Unusual Items": NaN,
        "Total Unusual Items Excluding Goodwill": NaN,
        "Net Income From Continuing Operation Net Minority Interest": 51428000.0,
        "Reconciled Depreciation": 2737000.0,
        "Reconciled Cost Of Revenue": 520080000.0,
        "EBITDA": 69966000.0,
        "EBIT": 67229000.0,
        "Net Interest Income": 546000.0,
        "Interest Expense": 2448000.0,
        "Interest Income": 2994000.0,
        "Normalized Income": 51428000.0,
        "Net Income From Continuing And Discontinued Operation": 51428000.0,
        "Total Expenses": 690757000.0,
        "Total Operating Income As Reported": 64235000.0,
        "Diluted Average Shares": 35909000.0,
        "Basic Average Shares": 33790000.0,
        "Diluted EPS": 1.43,
        "Basic EPS": 1.52,
        "Diluted NI Availto Com Stockholders": 51428000.0,
        "Net Income Common Stockholders": 51428000.0,
        "Net Income": 51428000.0,
        "Net Income Including Noncontrolling Interests": 51428000.0,
        "Net Income Continuous Operations": 51428000.0,
        "Tax Provision": 13353000.0,
        "Pretax Income": 64781000.0,
        "Other Income Expense": NaN,
        "Special Income Charges": NaN,
        "Other Special Charges": NaN,
        "Net Non Operating Interest Income Expense": 546000.0,
        "Interest Expense Non Operating": 2448000.0,
        "Interest Income Non Operating": 2994000.0,
        "Operating Income": 64235000.0,
        "Operating Expense": 170677000.0,
        "Depreciation Amortization Depletion Income Statement": 2737000.0,
        "Depreciation And Amortization In Income Statement": 2737000.0,
        "Amortization": 2737000.0,
        "Amortization Of Intangibles Income Statement": 2737000.0,
        "Selling General And Administration": 167940000.0,
        "General And Administrative Expense": NaN,
        "Other Gand A": NaN,
        "Gross Profit": 234912000.0,
        "Cost Of Revenue": 520080000.0,
        "Total Revenue": 754992000.0,
        "Operating Revenue": 754992000.0
    },
    "2022-03-31": {
        "Diluted EPS": 1.66,
        "Total Revenue": 724,
        "Gross Profit": 231,
        "Operating Income": 79,
        "EBIT": 91,
        "Net Income": 59
    },
    "2021-12-31": {
        "Diluted EPS": 1.08,
        "Total Revenue": 676,
        "Gross Profit": 192,
        "Operating Income": 51,
        "EBIT": 65,
        "Net Income": 38
    },
    "2021-09-30": {
        "Diluted EPS": 1.96,
        "Total Revenue": 702,
        "Gross Profit": 230,
        "Operating Income": 89,
        "EBIT": 103,
        "Net Income": 69
    },
    "2021-06-30": {
        "Diluted EPS": 1.77,
        "Total Revenue": 711,
        "Gross Profit": 221,
        "Operating Income": 84,
        "EBIT": 101,
        "Net Income": 63
    },
    "2021-03-31": {
        "Diluted EPS": 1.84,
        "Total Revenue": 686,
        "Gross Profit": 218,
        "Operating Income": 89,
        "EBIT": 99,
        "Net Income": 64
    },
    "2020-12-31": {
        "Diluted EPS": 1.56,
        "Total Revenue": 627,
        "Gross Profit": 186,
        "Operating Income": 71,
        "EBIT": 85,
        "Net Income": 56
    },
    "2020-09-30": {
        "Diluted EPS": 1.35,
        "Total Revenue": 622,
        "Gross Profit": 205,
        "Operating Income": 73,
        "EBIT": 87,
        "Net Income": 50
    },
    "2020-06-30": {
        "Diluted EPS": 1.27,
        "Total Revenue": 608,
        "Gross Profit": 195,
        "Operating Income": 66,
        "EBIT": 79,
        "Net Income": 48
    },
    "2020-03-31": {
        "Diluted EPS": 1.49,
        "Total Revenue": 605,
        "Gross Profit": 202,
        "Operating Income": 73,
        "EBIT": 86,
        "Net Income": 57
    },
    "2019-12-31": {
        "Diluted EPS": 0.77,
        "Total Revenue": 602,
        "Gross Profit": 184,
        "Operating Income": 48,
        "EBIT": 62,
        "Net Income": 29
    },
    "2019-09-30": {
        "Diluted EPS": 1.59,
        "Total Revenue": 593,
        "Gross Profit": 212,
        "Operating Income": 82,
        "EBIT": 95,
        "Net Income": 60
    },
    "2019-06-30": {
        "Diluted EPS": 1.69,
        "Total Revenue": 606,
        "Gross Profit": 220,
        "Operating Income": 88,
        "EBIT": 102,
        "Net Income": 65
    },
    "2019-03-31": {
        "Diluted EPS": 1.64,
        "Total Revenue": 551,
        "Gross Profit": 202,
        "Operating Income": 87,
        "EBIT": 97,
        "Net Income": 63
    },
    "2018-12-31": {
        "Diluted EPS": 0.61,
        "Total Revenue": 505,
        "Gross Profit": 165,
        "Operating Income": 45,
        "EBIT": 57,
        "Net Income": 24
    },
    "2018-09-30": {
        "Diluted EPS": 1.14,
        "Total Revenue": 513,
        "Gross Profit": 177,
        "Operating Income": 57,
        "EBIT": 69,
        "Net Income": 44
    },
    "2018-06-30": {
        "Diluted EPS": 1.14,
        "Total Revenue": 512,
        "Gross Profit": 182,
        "Operating Income": 62,
        "EBIT": 75,
        "Net Income": 44
    },
    "2018-03-31": {
        "Diluted EPS": 1.04,
        "Total Revenue": 498,
        "Gross Profit": 177,
        "Operating Income": 62,
        "EBIT": 71,
        "Net Income": 39
    },
    "2017-12-31": {
        "Diluted EPS": 1.69,
        "Total Revenue": 468,
        "Gross Profit": 160,
        "Operating Income": 35,
        "EBIT": 45,
        "Net Income": 67
    },
    "2017-09-30": {
        "Diluted EPS": 0.85,
        "Total Revenue": 449,
        "Gross Profit": 154,
        "Operating Income": 47,
        "EBIT": 59,
        "Net Income": 32
    },
    "2017-06-30": {
        "Diluted EPS": -0.13,
        "Total Revenue": 445,
        "Gross Profit": 141,
        "Operating Income": 0,
        "EBIT": 10,
        "Net Income": -5
    },
    "2017-03-31": {
        "Diluted EPS": 0.34,
        "Total Revenue": 446,
        "Gross Profit": 137,
        "Operating Income": 27,
        "EBIT": 38,
        "Net Income": 14
    },
    "2016-12-31": {
        "Diluted EPS": 0.16,
        "Total Revenue": 442,
        "Gross Profit": 134,
        "Operating Income": 11,
        "EBIT": 28,
        "Net Income": 7
    },
    "2016-09-30": {
        "Diluted EPS": 0.52,
        "Total Revenue": 438,
        "Gross Profit": 144,
        "Operating Income": 35,
        "EBIT": 47,
        "Net Income": 22
    },
    "2016-06-30": {
        "Diluted EPS": 0.64,
        "Total Revenue": 460,
        "Gross Profit": 157,
        "Operating Income": 44,
        "EBIT": 55,
        "Net Income": 27
    },
    "2016-03-31": {
        "Diluted EPS": 0.73,
        "Total Revenue": 470,
        "Gross Profit": 165,
        "Operating Income": 52,
        "EBIT": 63,
        "Net Income": 30
    },
    "2015-12-31": {
        "Diluted EPS": 0.24,
        "Total Revenue": 442,
        "Gross Profit": 143,
        "Operating Income": 24,
        "EBIT": 34,
        "Net Income": 10
    },
    "2015-09-30": {
        "Diluted EPS": 0.25,
        "Total Revenue": 455,
        "Gross Profit": 154,
        "Operating Income": 46,
        "EBIT": 56,
        "Net Income": 10
    },
    "2015-06-30": {
        "Diluted EPS": 0.52,
        "Total Revenue": 449,
        "Gross Profit": 158,
        "Operating Income": 47,
        "EBIT": 57,
        "Net Income": 22
    },
    "2015-03-31": {
        "Diluted EPS": 0.57,
        "Total Revenue": 432,
        "Gross Profit": 153,
        "Operating Income": 48,
        "EBIT": 59,
        "Net Income": 24
    },
    "2014-12-31": {
        "Diluted EPS": 0.02,
        "Total Revenue": 425,
        "Gross Profit": 143,
        "Operating Income": 22,
        "EBIT": 35,
        "Net Income": 1
    },
    "2014-09-30": {
        "Diluted EPS": 0.55,
        "Total Revenue": 451,
        "Gross Profit": 158,
        "Operating Income": 46,
        "EBIT": 58,
        "Net Income": 23
    },
    "2014-06-30": {
        "Diluted EPS": 0.42,
        "Total Revenue": 454,
        "Gross Profit": 159,
        "Operating Income": 39,
        "EBIT": 52,
        "Net Income": 17
    },
    "2014-03-31": {
        "Diluted EPS": 0.45,
        "Total Revenue": 426,
        "Gross Profit": 151,
        "Operating Income": 40,
        "EBIT": 53,
        "Net Income": 18
    },
    "2013-12-31": {
        "Diluted EPS": -0.14,
        "Total Revenue": 416,
        "Gross Profit": 147,
        "Operating Income": 11,
        "EBIT": 26,
        "Net Income": -7
    },
    "2013-09-30": {
        "Diluted EPS": -1.29,
        "Total Revenue": 415,
        "Gross Profit": 159,
        "Operating Income": -36,
        "EBIT": 62,
        "Net Income": -51
    },
    "2013-06-30": {
        "Diluted EPS": 0.58,
        "Total Revenue": 415,
        "Gross Profit": 155,
        "Operating Income": 60,
        "EBIT": 74,
        "Net Income": 23
    },
    "2013-03-31": {
        "Diluted EPS": 0.58,
        "Total Revenue": 407,
        "Gross Profit": 149,
        "Operating Income": 45,
        "EBIT": 59,
        "Net Income": 24
    },
    "2012-12-31": {
        "Diluted EPS": -2.08,
        "Total Revenue": 399,
        "Gross Profit": 154,
        "Operating Income": -55,
        "EBIT": 68,
        "Net Income": -86
    },
    "2012-09-30": {
        "Diluted EPS": 0.55,
        "Total Revenue": 386,
        "Gross Profit": 144,
        "Operating Income": 47,
        "EBIT": 60,
        "Net Income": 23
    },
    "2012-06-30": {
        "Diluted EPS": 0.18,
        "Total Revenue": 396,
        "Gross Profit": 148,
        "Operating Income": 27,
        "EBIT": 43,
        "Net Income": 8
    },
    "2012-03-31": {
        "Diluted EPS": 0.43,
        "Total Revenue": 395,
        "Gross Profit": 150,
        "Operating Income": 41,
        "EBIT": 54,
        "Net Income": 18
    },
    "2011-12-31": {
        "Diluted EPS": 0.91,
        "Total Revenue": 391,
        "Gross Profit": 158,
        "Operating Income": 68,
        "EBIT": 81,
        "Net Income": 40
    },
    "2011-09-30": {
        "Diluted EPS": 0.7,
        "Total Revenue": 414,
        "Gross Profit": 164,
        "Operating Income": 59,
        "EBIT": 73,
        "Net Income": 29
    },
    "2011-06-30": {
        "Diluted EPS": 0.36,
        "Total Revenue": 400,
        "Gross Profit": 150,
        "Operating Income": 34,
        "EBIT": 46,
        "Net Income": 15
    },
    "2011-03-31": {
        "Diluted EPS": 0.42,
        "Total Revenue": 362,
        "Gross Profit": 139,
        "Operating Income": 44,
        "EBIT": 57,
        "Net Income": 19
    },
    "2010-12-31": {
        "Diluted EPS": 0.14,
        "Total Revenue": 356,
        "Gross Profit": 144,
        "Operating Income": 28,
        "EBIT": 64,
        "Net Income": 7
    },
    "2010-09-30": {
        "Diluted EPS": 0.43,
        "Total Revenue": 346,
        "Gross Profit": 139,
        "Operating Income": 47,
        "EBIT": 62,
        "Net Income": 20
    },
    "2010-06-30": {
        "Diluted EPS": 0.52,
        "Total Revenue": 349,
        "Gross Profit": 140,
        "Operating Income": 52,
        "EBIT": 65,
        "Net Income": 25
    },
    "2010-03-31": {
        "Diluted EPS": 0.29,
        "Total Revenue": 350,
        "Gross Profit": 153,
        "Operating Income": 32,
        "EBIT": 46,
        "Net Income": 14
    },
    "2009-12-31": {
        "Diluted EPS": 0.64,
        "Total Revenue": 343,
        "Gross Profit": 151,
        "Operating Income": 62,
        "EBIT": 75,
        "Net Income": 33
    },
    "2009-09-30": {
        "Diluted EPS": 0.7,
        "Total Revenue": 349,
        "Gross Profit": 155,
        "Operating Income": 64,
        "EBIT": 78,
        "Net Income": 38
    },
    "2009-06-30": {
        "Diluted EPS": 0.69,
        "Total Revenue": 361,
        "Gross Profit": 166,
        "Operating Income": 71,
        "EBIT": 85,
        "Net Income": 37
    },
    "2009-03-31": {
        "Diluted EPS": 0.6,
        "Total Revenue": 348,
        "Gross Profit": 155,
        "Operating Income": 61,
        "EBIT": 74,
        "Net Income": 32
    },
    "2023-09-30": {
        "Tax Effect Of Unusual Items": NaN,
        "Tax Rate For Calcs": NaN,
        "Normalized EBITDA": NaN,
        "Net Income From Continuing Operation Net Minority Interest": NaN,
        "Reconciled Depreciation": NaN,
        "Reconciled Cost Of Revenue": NaN,
        "EBITDA": NaN,
        "EBIT": NaN,
        "Net Interest Income": NaN,
        "Interest Expense": NaN,
        "Interest Income": 5147000.0,
        "Normalized Income": NaN,
        "Net Income From Continuing And Discontinued Operation": NaN,
        "Total Expenses": NaN,
        "Total Operating Income As Reported": NaN,
        "Diluted Average Shares": 35656000.0,
        "Basic Average Shares": 34128000.0,
        "Diluted EPS": 2.34,
        "Basic EPS": 2.44,
        "Diluted NI Availto Com Stockholders": NaN,
        "Net Income Common Stockholders": NaN,
        "Net Income": NaN,
        "Net Income Including Noncontrolling Interests": NaN,
        "Net Income Continuous Operations": NaN,
        "Tax Provision": NaN,
        "Pretax Income": NaN,
        "Net Non Operating Interest Income Expense": NaN,
        "Interest Expense Non Operating": NaN,
        "Interest Income Non Operating": 5147000.0,
        "Operating Income": NaN,
        "Operating Expense": NaN,
        "Depreciation Amortization Depletion Income Statement": NaN,
        "Depreciation And Amortization In Income Statement": NaN,
        "Amortization": NaN,
        "Amortization Of Intangibles Income Statement": NaN,
        "Selling General And Administration": NaN,
        "Gross Profit": NaN,
        "Cost Of Revenue": NaN,
        "Total Revenue": NaN,
        "Operating Revenue": NaN
    },
    "2023-12-31": {
        "Tax Effect Of Unusual Items": NaN,
        "Tax Rate For Calcs": NaN,
        "Normalized EBITDA": NaN,
        "Total Unusual Items": NaN,
        "Total Unusual Items Excluding Goodwill": NaN,
        "Net Income From Continuing Operation Net Minority Interest": NaN,
        "Reconciled Depreciation": NaN,
        "Reconciled Cost Of Revenue": NaN,
        "EBITDA": NaN,
        "EBIT": NaN,
        "Net Interest Income": NaN,
        "Interest Expense": NaN,
        "Interest Income": 1989000.0,
        "Normalized Income": NaN,
        "Net Income From Continuing And Discontinued Operation": NaN,
        "Total Expenses": NaN,
        "Total Operating Income As Reported": NaN,
        "Diluted Average Shares": NaN,
        "Basic Average Shares": NaN,
        "Diluted EPS": NaN,
        "Basic EPS": NaN,
        "Diluted NI Availto Com Stockholders": NaN,
        "Net Income Common Stockholders": NaN,
        "Net Income": NaN,
        "Net Income Including Noncontrolling Interests": NaN,
        "Net Income Continuous Operations": NaN,
        "Tax Provision": NaN,
        "Pretax Income": NaN,
        "Other Income Expense": NaN,
        "Special Income Charges": NaN,
        "Restructuring And Mergern Acquisition": NaN,
        "Net Non Operating Interest Income Expense": NaN,
        "Interest Expense Non Operating": NaN,
        "Interest Income Non Operating": 1989000.0,
        "Operating Income": NaN,
        "Operating Expense": NaN,
        "Depreciation Amortization Depletion Income Statement": NaN,
        "Depreciation And Amortization In Income Statement": NaN,
        "Amortization": NaN,
        "Amortization Of Intangibles Income Statement": NaN,
        "Selling General And Administration": NaN,
        "Gross Profit": NaN,
        "Cost Of Revenue": NaN,
        "Total Revenue": NaN,
        "Operating Revenue": NaN
    },
    "2024-03-31": {
        "Tax Effect Of Unusual Items": NaN,
        "Tax Rate For Calcs": NaN,
        "Normalized EBITDA": NaN,
        "Total Unusual Items": 0.0,
        "Total Unusual Items Excluding Goodwill": 0.0,
        "Net Income From Continuing Operation Net Minority Interest": NaN,
        "Reconciled Depreciation": NaN,
        "Reconciled Cost Of Revenue": NaN,
        "EBITDA": NaN,
        "EBIT": NaN,
        "Net Interest Income": NaN,
        "Interest Expense": NaN,
        "Interest Income": 1581000.0,
        "Normalized Income": NaN,
        "Net Income From Continuing And Discontinued Operation": NaN,
        "Total Expenses": NaN,
        "Total Operating Income As Reported": NaN,
        "Diluted Average Shares": NaN,
        "Basic Average Shares": NaN,
        "Diluted EPS": NaN,
        "Basic EPS": NaN,
        "Diluted NI Availto Com Stockholders": NaN,
        "Net Income Common Stockholders": NaN,
        "Net Income": NaN,
        "Net Income Including Noncontrolling Interests": NaN,
        "Net Income Continuous Operations": NaN,
        "Tax Provision": NaN,
        "Pretax Income": NaN,
        "Other Income Expense": NaN,
        "Special Income Charges": 0.0,
        "Restructuring And Mergern Acquisition": 0.0,
        "Net Non Operating Interest Income Expense": NaN,
        "Interest Expense Non Operating": NaN,
        "Interest Income Non Operating": 1581000.0,
        "Operating Income": NaN,
        "Operating Expense": NaN,
        "Depreciation Amortization Depletion Income Statement": NaN,
        "Depreciation And Amortization In Income Statement": NaN,
        "Amortization": NaN,
        "Amortization Of Intangibles Income Statement": NaN,
        "Selling General And Administration": NaN,
        "Gross Profit": NaN,
        "Cost Of Revenue": NaN,
        "Total Revenue": NaN,
        "Operating Revenue": NaN
    },
    "2024-06-30": {
        "Tax Effect Of Unusual Items": 0.0,
        "Tax Rate For Calcs": 0.182457,
        "Normalized EBITDA": 117830000.0,
        "Total Unusual Items": NaN,
        "Total Unusual Items Excluding Goodwill": NaN,
        "Net Income From Continuing Operation Net Minority Interest": 83947000.0,
        "Reconciled Depreciation": 11829000.0,
        "Reconciled Cost Of Revenue": 627000000.0,
        "EBITDA": 117830000.0,
        "EBIT": 106001000.0,
        "Net Interest Income": -1410000.0,
        "Interest Expense": 3319000.0,
        "Interest Income": 1909000.0,
        "Normalized Income": 83947000.0,
        "Net Income From Continuing And Discontinued Operation": 83947000.0,
        "Total Expenses": 845064000.0,
        "Total Operating Income As Reported": 104092000.0,
        "Diluted Average Shares": 35845000.0,
        "Basic Average Shares": 35221000.0,
        "Diluted EPS": 2.34,
        "Basic EPS": 2.38,
        "Diluted NI Availto Com Stockholders": 83947000.0,
        "Net Income Common Stockholders": 83947000.0,
        "Net Income": 83947000.0,
        "Net Income Including Noncontrolling Interests": 83947000.0,
        "Net Income Continuous Operations": 83947000.0,
        "Tax Provision": 18735000.0,
        "Pretax Income": 102682000.0,
        "Other Income Expense": NaN,
        "Special Income Charges": NaN,
        "Restructuring And Mergern Acquisition": NaN,
        "Net Non Operating Interest Income Expense": -1410000.0,
        "Interest Expense Non Operating": 3319000.0,
        "Interest Income Non Operating": 1909000.0,
        "Operating Income": 104092000.0,
        "Operating Expense": 207315000.0,
        "Depreciation Amortization Depletion Income Statement": 1080000.0,
        "Depreciation And Amortization In Income Statement": 1080000.0,
        "Amortization": 1080000.0,
        "Amortization Of Intangibles Income Statement": 1080000.0,
        "Selling General And Administration": 206235000.0,
        "Gross Profit": 311407000.0,
        "Cost Of Revenue": 637749000.0,
        "Total Revenue": 949156000.0,
        "Operating Revenue": 949156000.0
    },
    "2024-09-30": {
        "Tax Effect Of Unusual Items": 0.0,
        "Tax Rate For Calcs": 0.251,
        "Normalized EBITDA": 102948000.0,
        "Total Unusual Items": NaN,
        "Total Unusual Items Excluding Goodwill": NaN,
        "Net Income From Continuing Operation Net Minority Interest": 66466000.0,
        "Reconciled Depreciation": 12056000.0,
        "Reconciled Cost Of Revenue": 617076000.0,
        "EBITDA": 102948000.0,
        "EBIT": 90892000.0,
        "Net Interest Income": -2106000.0,
        "Interest Expense": 2106000.0,
        "Interest Income": NaN,
        "Normalized Income": 66466000.0,
        "Net Income From Continuing And Discontinued Operation": 66466000.0,
        "Total Expenses": 835127000.0,
        "Total Operating Income As Reported": 90892000.0,
        "Diluted Average Shares": 35892000.0,
        "Basic Average Shares": 35315000.0,
        "Diluted EPS": 1.85,
        "Basic EPS": 1.88,
        "Diluted NI Availto Com Stockholders": 66466000.0,
        "Net Income Common Stockholders": 66466000.0,
        "Net Income": 66466000.0,
        "Net Income Including Noncontrolling Interests": 66466000.0,
        "Net Income Continuous Operations": 66466000.0,
        "Tax Provision": 22320000.0,
        "Pretax Income": 88786000.0,
        "Other Income Expense": NaN,
        "Special Income Charges": NaN,
        "Restructuring And Mergern Acquisition": NaN,
        "Net Non Operating Interest Income Expense": -2106000.0,
        "Interest Expense Non Operating": 2106000.0,
        "Interest Income Non Operating": NaN,
        "Operating Income": 90892000.0,
        "Operating Expense": 207048000.0,
        "Depreciation Amortization Depletion Income Statement": 1053000.0,
        "Depreciation And Amortization In Income Statement": 1053000.0,
        "Amortization": 1053000.0,
        "Amortization Of Intangibles Income Statement": 1053000.0,
        "Selling General And Administration": 205995000.0,
        "Gross Profit": 297940000.0,
        "Cost Of Revenue": 628079000.0,
        "Total Revenue": 926019000.0,
        "Operating Revenue": 926019000.0
    },
    "2024-12-31": {
        "Tax Effect Of Unusual Items": 0.0,
        "Tax Rate For Calcs": 0.16884,
        "Normalized EBITDA": 73292000.0,
        "Total Unusual Items": NaN,
        "Total Unusual Items Excluding Goodwill": NaN,
        "Net Income From Continuing Operation Net Minority Interest": 49710000.0,
        "Reconciled Depreciation": 12768000.0,
        "Reconciled Cost Of Revenue": 613130000.0,
        "EBITDA": 73292000.0,
        "EBIT": 60524000.0,
        "Net Interest Income": 5171000.0,
        "Interest Expense": 716000.0,
        "Interest Income": 5887000.0,
        "Normalized Income": 49710000.0,
        "Net Income From Continuing And Discontinued Operation": 49710000.0,
        "Total Expenses": 833949000.0,
        "Total Operating Income As Reported": 52745000.0,
        "Diluted Average Shares": 35855000.0,
        "Basic Average Shares": 35317000.0,
        "Diluted EPS": 1.38,
        "Basic EPS": 1.41,
        "Diluted NI Availto Com Stockholders": 49710000.0,
        "Net Income Common Stockholders": 49710000.0,
        "Net Income": 49710000.0,
        "Net Income Including Noncontrolling Interests": 49710000.0,
        "Net Income Continuous Operations": 49710000.0,
        "Tax Provision": 10098000.0,
        "Pretax Income": 59808000.0,
        "Other Income Expense": NaN,
        "Special Income Charges": NaN,
        "Restructuring And Mergern Acquisition": NaN,
        "Net Non Operating Interest Income Expense": 5171000.0,
        "Interest Expense Non Operating": 716000.0,
        "Interest Income Non Operating": 5887000.0,
        "Operating Income": 60975000.0,
        "Operating Expense": 209085000.0,
        "Depreciation Amortization Depletion Income Statement": 1034000.0,
        "Depreciation And Amortization In Income Statement": 1034000.0,
        "Amortization": 1034000.0,
        "Amortization Of Intangibles Income Statement": 1034000.0,
        "Selling General And Administration": 208051000.0,
        "Gross Profit": 270060000.0,
        "Cost Of Revenue": 624864000.0,
        "Total Revenue": 894924000.0,
        "Operating Revenue": 894924000.0
    },
    "2025-03-31": {
        "Tax Effect Of Unusual Items": -5893735.0,
        "Tax Rate For Calcs": 0.233,
        "Normalized EBITDA": 118006000.0,
        "Total Unusual Items": -25295000.0,
        "Total Unusual Items Excluding Goodwill": -25295000.0,
        "Net Income From Continuing Operation Net Minority Interest": 61824000.0,
        "Reconciled Depreciation": 11162000.0,
        "Reconciled Cost Of Revenue": 598783000.0,
        "EBITDA": 92711000.0,
        "EBIT": 81549000.0,
        "Net Interest Income": 1874000.0,
        "Interest Expense": 968000.0,
        "Interest Income": 2842000.0,
        "Normalized Income": 81225265.0,
        "Net Income From Continuing And Discontinued Operation": 61824000.0,
        "Total Expenses": 794280000.0,
        "Total Operating Income As Reported": 78707000.0,
        "Diluted Average Shares": 35500000.0,
        "Basic Average Shares": 35053000.0,
        "Diluted EPS": 1.74,
        "Basic EPS": 1.76,
        "Diluted NI Availto Com Stockholders": 61824000.0,
        "Net Income Common Stockholders": 61824000.0,
        "Net Income": 61824000.0,
        "Net Income Including Noncontrolling Interests": 61824000.0,
        "Net Income Continuous Operations": 61824000.0,
        "Tax Provision": 18757000.0,
        "Pretax Income": 80581000.0,
        "Other Income Expense": -25295000.0,
        "Special Income Charges": -25295000.0,
        "Restructuring And Mergern Acquisition": 25295000.0,
        "Net Non Operating Interest Income Expense": 1874000.0,
        "Interest Expense Non Operating": 968000.0,
        "Interest Income Non Operating": 2842000.0,
        "Operating Income": 104002000.0,
        "Operating Expense": 185352000.0,
        "Depreciation Amortization Depletion Income Statement": 1017000.0,
        "Depreciation And Amortization In Income Statement": 1017000.0,
        "Amortization": 1017000.0,
        "Amortization Of Intangibles Income Statement": 1017000.0,
        "Selling General And Administration": 184335000.0,
        "Gross Profit": 289354000.0,
        "Cost Of Revenue": 608928000.0,
        "Total Revenue": 898282000.0,
        "Operating Revenue": 898282000.0
    },
    "2025-06-30": {
        "Tax Effect Of Unusual Items": 0.0,
        "Tax Rate For Calcs": 0.220157,
        "Normalized EBITDA": 111640000.0,
        "Total Unusual Items": 0.0,
        "Total Unusual Items Excluding Goodwill": 0.0,
        "Net Income From Continuing Operation Net Minority Interest": 71698000.0,
        "Reconciled Depreciation": 12376000.0,
        "Reconciled Cost Of Revenue": 629818000.0,
        "EBITDA": 111640000.0,
        "EBIT": 99264000.0,
        "Net Interest Income": -7325000.0,
        "Interest Expense": 7325000.0,
        "Interest Income": NaN,
        "Normalized Income": 71698000.0,
        "Net Income From Continuing And Discontinued Operation": 71698000.0,
        "Total Expenses": 844398000.0,
        "Total Operating Income As Reported": 99264000.0,
        "Diluted Average Shares": 33591000.0,
        "Basic Average Shares": 33261000.0,
        "Diluted EPS": 2.13,
        "Basic EPS": 2.16,
        "Diluted NI Availto Com Stockholders": 71698000.0,
        "Net Income Common Stockholders": 71698000.0,
        "Net Income": 71698000.0,
        "Net Income Including Noncontrolling Interests": 71698000.0,
        "Net Income Continuous Operations": 71698000.0,
        "Tax Provision": 20241000.0,
        "Pretax Income": 91939000.0,
        "Other Income Expense": NaN,
        "Special Income Charges": 0.0,
        "Restructuring And Mergern Acquisition": 0.0,
        "Net Non Operating Interest Income Expense": -7325000.0,
        "Interest Expense Non Operating": 7325000.0,
        "Interest Income Non Operating": NaN,
        "Operating Income": 99264000.0,
        "Operating Expense": 203257000.0,
        "Depreciation Amortization Depletion Income Statement": 1053000.0,
        "Depreciation And Amortization In Income Statement": 1053000.0,
        "Amortization": 1053000.0,
        "Amortization Of Intangibles Income Statement": 1053000.0,
        "Selling General And Administration": 202204000.0,
        "Gross Profit": 302521000.0,
        "Cost Of Revenue": 641141000.0,
        "Total Revenue": 943662000.0,
        "Operating Revenue": 943662000.0
    }
}