{
    "2023-03-31": {
        "Tax Effect Of Unusual Items": 49000000.0,
        "Tax Rate For Calcs": 0.005,
        "Total Unusual Items": 9800000000.0,
        "Total Unusual Items Excluding Goodwill": 9800000000.0,
        "Net Income From Continuing Operation Net Minority Interest": 9518000000.0,
        "Reconciled Depreciation": 124000000.0,
        "Net Interest Income": 850000000.0,
        "Interest Expense": 361000000.0,
        "Interest Income": 1211000000.0,
        "Normalized Income": -233000000.0,
        "Net Income From Continuing And Discontinued Operation": 9518000000.0,
        "Rent Expense Supplemental": 56000000.0,
        "Diluted Average Shares": 14539709.0,
        "Basic Average Shares": 14526693.0,
        "Diluted EPS": 653.64,
        "Basic EPS": 654.22,
        "Diluted NI Availto Com Stockholders": 9504000000.0,
        "Net Income Common Stockholders": 9504000000.0,
        "Preferred Stock Dividends": 14000000.0,
        "Net Income": 9518000000.0,
        "Net Income Including Noncontrolling Interests": 9518000000.0,
        "Net Income Continuous Operations": 9518000000.0,
        "Tax Provision": -47000000.0,
        "Pretax Income": 9471000000.0,
        "Special Income Charges": 9800000000.0,
        "Other Special Charges": -4000000.0,
        "Restructuring And Mergern Acquisition": -9796000000.0,
        "Gain On Sale Of Security": -23000000.0,
        "Depreciation Amortization Depletion Income Statement": 94000000.0,
        "Depreciation And Amortization In Income Statement": 94000000.0,
        "Amortization": 5000000.0,
        "Amortization Of Intangibles Income Statement": 5000000.0,
        "Depreciation Income Statement": 89000000.0,
        "Selling General And Administration": 509000000.0,
        "Selling And Marketing Expense": 15000000.0,
        "General And Administrative Expense": 494000000.0,
        "Insurance And Claims": 18000000.0,
        "Rent And Landing Fees": 56000000.0,
        "Salaries And Wages": 420000000.0,
        "Total Revenue": 1251000000.0,
        "Operating Revenue": 1251000000.0,
        "Occupancy And Equipment": 108000000.0,
        "Professional Expense And Contract Services Expense": 11000000.0,
        "Other Non Interest Expense": 75000000.0
    },
    "2022-12-31": {
        "Tax Effect Of Unusual Items": -9298469.387755,
        "Tax Rate For Calcs": 0.344388,
        "Total Unusual Items": -27000000.0,
        "Total Unusual Items Excluding Goodwill": -27000000.0,
        "Net Income From Continuing Operation Net Minority Interest": 257000000.0,
        "Reconciled Depreciation": 134000000.0,
        "Net Interest Income": 802000000.0,
        "Interest Expense": 238000000.0,
        "Interest Income": 1040000000.0,
        "Normalized Income": 274701530.612245,
        "Net Income From Continuing And Discontinued Operation": 257000000.0,
        "Rent Expense Supplemental": 47000000.0,
        "Diluted Average Shares": NaN,
        "Basic Average Shares": NaN,
        "Diluted EPS": NaN,
        "Basic EPS": NaN,
        "Diluted NI Availto Com Stockholders": 243000000.0,
        "Net Income Common Stockholders": 243000000.0,
        "Preferred Stock Dividends": 14000000.0,
        "Net Income": 257000000.0,
        "Net Income Including Noncontrolling Interests": 257000000.0,
        "Net Income Continuous Operations": 257000000.0,
        "Tax Provision": 135000000.0,
        "Pretax Income": 392000000.0,
        "Special Income Charges": -29000000.0,
        "Restructuring And Mergern Acquisition": 29000000.0,
        "Gain On Sale Of Security": 2000000.0,
        "Depreciation Amortization Depletion Income Statement": 94000000.0,
        "Depreciation And Amortization In Income Statement": 94000000.0,
        "Amortization": 6000000.0,
        "Amortization Of Intangibles Income Statement": 6000000.0,
        "Depreciation Income Statement": 88000000.0,
        "Selling General And Administration": 425000000.0,
        "Selling And Marketing Expense": 21000000.0,
        "General And Administrative Expense": 404000000.0,
        "Insurance And Claims": 5000000.0,
        "Rent And Landing Fees": 47000000.0,
        "Salaries And Wages": 352000000.0,
        "Total Revenue": 1205000000.0,
        "Operating Revenue": 1205000000.0
    },
    "2022-09-30": {
        "Tax Effect Of Unusual Items": -6870000.0,
        "Tax Rate For Calcs": 0.229,
        "Total Unusual Items": -30000000.0,
        "Total Unusual Items Excluding Goodwill": -30000000.0,
        "Net Income From Continuing Operation Net Minority Interest": 315000000.0,
        "Reconciled Depreciation": 128000000.0,
        "Net Interest Income": 795000000.0,
        "Interest Expense": 111000000.0,
        "Interest Income": 906000000.0,
        "Normalized Income": 338130000.0,
        "Net Income From Continuing And Discontinued Operation": 315000000.0,
        "Rent Expense Supplemental": 52000000.0,
        "Diluted Average Shares": 15727993.0,
        "Basic Average Shares": 15711976.0,
        "Diluted EPS": 19.25,
        "Basic EPS": 19.27,
        "Diluted NI Availto Com Stockholders": 303000000.0,
        "Net Income Common Stockholders": 303000000.0,
        "Preferred Stock Dividends": 12000000.0,
        "Net Income": 315000000.0,
        "Net Income Including Noncontrolling Interests": 315000000.0,
        "Net Income Continuous Operations": 315000000.0,
        "Tax Provision": 93000000.0,
        "Pretax Income": 408000000.0,
        "Special Income Charges": -32000000.0,
        "Restructuring And Mergern Acquisition": 33000000.0,
        "Gain On Sale Of Security": -2000000.0,
        "Depreciation Amortization Depletion Income Statement": 92000000.0,
        "Depreciation And Amortization In Income Statement": 92000000.0,
        "Amortization": 5000000.0,
        "Amortization Of Intangibles Income Statement": 5000000.0,
        "Depreciation Income Statement": 87000000.0,
        "Selling General And Administration": 423000000.0,
        "Selling And Marketing Expense": 15000000.0,
        "General And Administrative Expense": 408000000.0,
        "Insurance And Claims": 5000000.0,
        "Rent And Landing Fees": 52000000.0,
        "Salaries And Wages": 351000000.0,
        "Total Revenue": 1200000000.0,
        "Operating Revenue": 1200000000.0
    },
    "2022-06-30": {
        "Tax Effect Of Unusual Items": -7018000.0,
        "Tax Rate For Calcs": 0.242,
        "Total Unusual Items": -29000000.0,
        "Total Unusual Items Excluding Goodwill": -29000000.0,
        "Net Income From Continuing Operation Net Minority Interest": 255000000.0,
        "Reconciled Depreciation": 145000000.0,
        "Net Interest Income": 700000000.0,
        "Interest Expense": 57000000.0,
        "Interest Income": 757000000.0,
        "Normalized Income": 276982000.0,
        "Net Income From Continuing And Discontinued Operation": 255000000.0,
        "Rent Expense Supplemental": 47000000.0,
        "Diluted Average Shares": 16035090.0,
        "Basic Average Shares": 16023613.0,
        "Diluted EPS": 14.86,
        "Basic EPS": 14.87,
        "Diluted NI Availto Com Stockholders": 238000000.0,
        "Net Income Common Stockholders": 238000000.0,
        "Preferred Stock Dividends": 17000000.0,
        "Net Income": 255000000.0,
        "Net Income Including Noncontrolling Interests": 255000000.0,
        "Net Income Continuous Operations": 255000000.0,
        "Tax Provision": 82000000.0,
        "Pretax Income": 337000000.0,
        "Special Income Charges": -34000000.0,
        "Restructuring And Mergern Acquisition": 34000000.0,
        "Gain On Sale Of Security": -6000000.0,
        "Depreciation Amortization Depletion Income Statement": 95000000.0,
        "Depreciation And Amortization In Income Statement": 95000000.0,
        "Amortization": 6000000.0,
        "Amortization Of Intangibles Income Statement": 6000000.0,
        "Depreciation Income Statement": 89000000.0,
        "Selling General And Administration": 406000000.0,
        "Selling And Marketing Expense": 9000000.0,
        "General And Administrative Expense": 397000000.0,
        "Insurance And Claims": 9000000.0,
        "Rent And Landing Fees": 47000000.0,
        "Salaries And Wages": 341000000.0,
        "Total Revenue": 1098000000.0,
        "Operating Revenue": 1098000000.0
    },
    "2022-03-31": {
        "Diluted EPS": 16.7,
        "Total Revenue": NaN,
        "Gross Profit": NaN,
        "Operating Income": 384,
        "EBIT": NaN,
        "Net Income": 264
    },
    "2021-12-31": {
        "Diluted EPS": 12.09,
        "Total Revenue": 485,
        "Gross Profit": 471,
        "Operating Income": 178,
        "EBIT": NaN,
        "Net Income": 119
    },
    "2021-09-30": {
        "Diluted EPS": 12.17,
        "Total Revenue": 487,
        "Gross Profit": 471,
        "Operating Income": 181,
        "EBIT": NaN,
        "Net Income": 119
    },
    "2021-06-30": {
        "Diluted EPS": 15.09,
        "Total Revenue": 495,
        "Gross Profit": 479,
        "Operating Income": 219,
        "EBIT": NaN,
        "Net Income": 148
    },
    "2021-03-31": {
        "Diluted EPS": 14.53,
        "Total Revenue": 492,
        "Gross Profit": 477,
        "Operating Income": 212,
        "EBIT": NaN,
        "Net Income": 143
    },
    "2020-12-31": {
        "Diluted EPS": 13.27,
        "Total Revenue": 504,
        "Gross Profit": 486,
        "Operating Income": 207,
        "EBIT": NaN,
        "Net Income": 134
    },
    "2020-09-30": {
        "Diluted EPS": 14.03,
        "Total Revenue": 495,
        "Gross Profit": 474,
        "Operating Income": 194,
        "EBIT": NaN,
        "Net Income": 138
    },
    "2020-06-30": {
        "Diluted EPS": 14.74,
        "Total Revenue": 529,
        "Gross Profit": 503,
        "Operating Income": 205,
        "EBIT": NaN,
        "Net Income": 149
    },
    "2020-03-31": {
        "Diluted EPS": 5.46,
        "Total Revenue": 434,
        "Gross Profit": 402,
        "Operating Income": 89,
        "EBIT": NaN,
        "Net Income": 57
    },
    "2019-12-31": {
        "Diluted EPS": 9.55,
        "Total Revenue": 458,
        "Gross Profit": 432,
        "Operating Income": 148,
        "EBIT": NaN,
        "Net Income": 102
    },
    "2019-09-30": {
        "Diluted EPS": 11.27,
        "Total Revenue": 463,
        "Gross Profit": 437,
        "Operating Income": 171,
        "EBIT": NaN,
        "Net Income": 125
    },
    "2019-06-30": {
        "Diluted EPS": 10.56,
        "Total Revenue": 458,
        "Gross Profit": 434,
        "Operating Income": 166,
        "EBIT": NaN,
        "Net Income": 119
    },
    "2019-03-31": {
        "Diluted EPS": 9.67,
        "Total Revenue": 441,
        "Gross Profit": 424,
        "Operating Income": 154,
        "EBIT": NaN,
        "Net Income": 111
    },
    "2018-12-31": {
        "Diluted EPS": 7.61,
        "Total Revenue": 416,
        "Gross Profit": 403,
        "Operating Income": 125,
        "EBIT": NaN,
        "Net Income": 89
    },
    "2018-09-30": {
        "Diluted EPS": 9.8,
        "Total Revenue": 410,
        "Gross Profit": 402,
        "Operating Income": 142,
        "EBIT": NaN,
        "Net Income": 117
    },
    "2018-06-30": {
        "Diluted EPS": 7.77,
        "Total Revenue": 405,
        "Gross Profit": 397,
        "Operating Income": 133,
        "EBIT": NaN,
        "Net Income": 93
    },
    "2018-03-31": {
        "Diluted EPS": 8.35,
        "Total Revenue": 415,
        "Gross Profit": 407,
        "Operating Income": 140,
        "EBIT": NaN,
        "Net Income": 100
    },
    "2017-12-31": {
        "Diluted EPS": 7.54,
        "Total Revenue": 395,
        "Gross Profit": 383,
        "Operating Income": 150,
        "EBIT": NaN,
        "Net Income": 54
    },
    "2017-09-30": {
        "Diluted EPS": 5.58,
        "Total Revenue": 380,
        "Gross Profit": 369,
        "Operating Income": 104,
        "EBIT": NaN,
        "Net Income": 67
    },
    "2017-06-30": {
        "Diluted EPS": 11.21,
        "Total Revenue": 490,
        "Gross Profit": 479,
        "Operating Income": 219,
        "EBIT": NaN,
        "Net Income": 135
    },
    "2017-03-31": {
        "Diluted EPS": 5.63,
        "Total Revenue": 361,
        "Gross Profit": 350,
        "Operating Income": 106,
        "EBIT": NaN,
        "Net Income": 68
    },
    "2016-12-31": {
        "Diluted EPS": 4.38,
        "Total Revenue": 269,
        "Gross Profit": 258,
        "Operating Income": 100,
        "EBIT": NaN,
        "Net Income": 53
    },
    "2016-09-30": {
        "Diluted EPS": 4.28,
        "Total Revenue": 364,
        "Gross Profit": 354,
        "Operating Income": 83,
        "EBIT": NaN,
        "Net Income": 51
    },
    "2016-06-30": {
        "Diluted EPS": 5.77,
        "Total Revenue": 384,
        "Gross Profit": 372,
        "Operating Income": 111,
        "EBIT": NaN,
        "Net Income": 69
    },
    "2016-03-31": {
        "Diluted EPS": 4.34,
        "Total Revenue": 348,
        "Gross Profit": 338,
        "Operating Income": 82,
        "EBIT": NaN,
        "Net Income": 52
    },
    "2015-12-31": {
        "Diluted EPS": 3.56,
        "Total Revenue": 341,
        "Gross Profit": 330,
        "Operating Income": 70,
        "EBIT": NaN,
        "Net Income": 43
    },
    "2015-09-30": {
        "Diluted EPS": 4.66,
        "Total Revenue": 360,
        "Gross Profit": 349,
        "Operating Income": 93,
        "EBIT": NaN,
        "Net Income": 56
    },
    "2015-06-30": {
        "Diluted EPS": 3.71,
        "Total Revenue": 353,
        "Gross Profit": 342,
        "Operating Income": 74,
        "EBIT": NaN,
        "Net Income": 45
    },
    "2015-03-31": {
        "Diluted EPS": 5.59,
        "Total Revenue": 382,
        "Gross Profit": 371,
        "Operating Income": 110,
        "EBIT": NaN,
        "Net Income": 67
    },
    "2014-12-31": {
        "Diluted EPS": 5.69,
        "Total Revenue": 368,
        "Gross Profit": 353,
        "Operating Income": 93,
        "EBIT": NaN,
        "Net Income": 63
    },
    "2014-09-30": {
        "Diluted EPS": 2.76,
        "Total Revenue": 256,
        "Gross Profit": 245,
        "Operating Income": 43,
        "EBIT": NaN,
        "Net Income": 27
    },
    "2014-06-30": {
        "Diluted EPS": 2.77,
        "Total Revenue": 244,
        "Gross Profit": 232,
        "Operating Income": 44,
        "EBIT": NaN,
        "Net Income": 27
    },
    "2014-03-31": {
        "Diluted EPS": 2.34,
        "Total Revenue": 236,
        "Gross Profit": 223,
        "Operating Income": 37,
        "EBIT": NaN,
        "Net Income": 22
    },
    "2013-12-31": {
        "Diluted EPS": 2.75,
        "Total Revenue": 263,
        "Gross Profit": 250,
        "Operating Income": 46,
        "EBIT": NaN,
        "Net Income": 26
    },
    "2013-09-30": {
        "Diluted EPS": 4.26,
        "Total Revenue": 265,
        "Gross Profit": 251,
        "Operating Income": 67,
        "EBIT": NaN,
        "Net Income": 41
    },
    "2013-06-30": {
        "Diluted EPS": 4.56,
        "Total Revenue": 259,
        "Gross Profit": 245,
        "Operating Income": 69,
        "EBIT": NaN,
        "Net Income": 44
    },
    "2013-03-31": {
        "Diluted EPS": 5.78,
        "Total Revenue": 278,
        "Gross Profit": 262,
        "Operating Income": 87,
        "EBIT": NaN,
        "Net Income": 56
    },
    "2012-12-31": {
        "Diluted EPS": 1.96,
        "Total Revenue": 317,
        "Gross Profit": 299,
        "Operating Income": 36,
        "EBIT": NaN,
        "Net Income": 20
    },
    "2012-09-30": {
        "Diluted EPS": 3.85,
        "Total Revenue": 289,
        "Gross Profit": 267,
        "Operating Income": 59,
        "EBIT": NaN,
        "Net Income": 40
    },
    "2012-06-30": {
        "Diluted EPS": 3.66,
        "Total Revenue": 298,
        "Gross Profit": 273,
        "Operating Income": 48,
        "EBIT": NaN,
        "Net Income": 38
    },
    "2012-03-31": {
        "Diluted EPS": 3.45,
        "Total Revenue": 294,
        "Gross Profit": 268,
        "Operating Income": 54,
        "EBIT": NaN,
        "Net Income": 35
    },
    "2011-12-31": {
        "Diluted EPS": 2.98,
        "Total Revenue": 377,
        "Gross Profit": 348,
        "Operating Income": 47,
        "EBIT": NaN,
        "Net Income": 31
    },
    "2011-09-30": {
        "Diluted EPS": 7.86,
        "Total Revenue": 415,
        "Gross Profit": 380,
        "Operating Income": 132,
        "EBIT": NaN,
        "Net Income": 81
    },
    "2011-06-30": {
        "Diluted EPS": 2.04,
        "Total Revenue": 312,
        "Gross Profit": 274,
        "Operating Income": 33,
        "EBIT": NaN,
        "Net Income": 21
    },
    "2011-03-31": {
        "Diluted EPS": 5.92,
        "Total Revenue": 375,
        "Gross Profit": 334,
        "Operating Income": 99,
        "EBIT": NaN,
        "Net Income": 62
    },
    "2010-12-31": {
        "Diluted EPS": 2.88,
        "Total Revenue": 324,
        "Gross Profit": 280,
        "Operating Income": 43,
        "EBIT": NaN,
        "Net Income": 30
    },
    "2010-09-30": {
        "Diluted EPS": 2.66,
        "Total Revenue": 329,
        "Gross Profit": 280,
        "Operating Income": 43,
        "EBIT": NaN,
        "Net Income": 28
    },
    "2010-06-30": {
        "Diluted EPS": 2.74,
        "Total Revenue": 310,
        "Gross Profit": 257,
        "Operating Income": 44,
        "EBIT": NaN,
        "Net Income": 29
    },
    "2010-03-31": {
        "Diluted EPS": 10.22,
        "Total Revenue": 413,
        "Gross Profit": 363,
        "Operating Income": 173,
        "EBIT": NaN,
        "Net Income": 107
    },
    "2009-12-31": {
        "Diluted EPS": 1.83,
        "Total Revenue": 273,
        "Gross Profit": 224,
        "Operating Income": 29,
        "EBIT": NaN,
        "Net Income": 19
    },
    "2009-09-30": {
        "Diluted EPS": 7.9,
        "Total Revenue": 371,
        "Gross Profit": 316,
        "Operating Income": 133,
        "EBIT": NaN,
        "Net Income": 82
    },
    "2009-06-30": {
        "Diluted EPS": 0.59,
        "Total Revenue": 248,
        "Gross Profit": 188,
        "Operating Income": 9,
        "EBIT": NaN,
        "Net Income": 6
    },
    "2009-03-31": {
        "Diluted EPS": 0.83,
        "Total Revenue": 249,
        "Gross Profit": 185,
        "Operating Income": 12,
        "EBIT": NaN,
        "Net Income": 9
    },
    "2023-06-30": {
        "Tax Effect Of Unusual Items": -34894000.0,
        "Tax Rate For Calcs": 0.239,
        "Total Unusual Items": -146000000.0,
        "Total Unusual Items Excluding Goodwill": -146000000.0,
        "Net Income From Continuing Operation Net Minority Interest": 682000000.0,
        "Reconciled Depreciation": -34000000.0,
        "Net Interest Income": 1961000000.0,
        "Interest Expense": 992000000.0,
        "Interest Income": 2953000000.0,
        "Normalized Income": 793106000.0,
        "Net Income From Continuing And Discontinued Operation": 682000000.0,
        "Rent Expense Supplemental": 56000000.0,
        "Diluted Average Shares": 14537938.0,
        "Basic Average Shares": 14528134.0,
        "Diluted EPS": 45.87,
        "Basic EPS": 45.9,
        "Diluted NI Availto Com Stockholders": 667000000.0,
        "Net Income Common Stockholders": 667000000.0,
        "Preferred Stock Dividends": 15000000.0,
        "Net Income": 682000000.0,
        "Net Income Including Noncontrolling Interests": 682000000.0,
        "Net Income Continuous Operations": 682000000.0,
        "Tax Provision": 214000000.0,
        "Pretax Income": 896000000.0,
        "Special Income Charges": -146000000.0,
        "Other Special Charges": -4000000.0,
        "Restructuring And Mergern Acquisition": 150000000.0,
        "Gain On Sale Of Security": -10000000.0,
        "Depreciation Amortization Depletion Income Statement": 109000000.0,
        "Depreciation And Amortization In Income Statement": 109000000.0,
        "Amortization": 18000000.0,
        "Amortization Of Intangibles Income Statement": 18000000.0,
        "Depreciation Income Statement": 91000000.0,
        "Selling General And Administration": 894000000.0,
        "Selling And Marketing Expense": 41000000.0,
        "General And Administrative Expense": 853000000.0,
        "Insurance And Claims": 22000000.0,
        "Rent And Landing Fees": 56000000.0,
        "Salaries And Wages": 775000000.0,
        "Total Revenue": 2505000000.0,
        "Operating Revenue": 2505000000.0,
        "Occupancy And Equipment": 197000000.0,
        "Professional Expense And Contract Services Expense": 20000000.0,
        "Other Non Interest Expense": 92000000.0
    },
    "2023-09-30": {
        "Tax Effect Of Unusual Items": -24354000.0,
        "Tax Rate For Calcs": 0.246,
        "Total Unusual Items": -99000000.0,
        "Total Unusual Items Excluding Goodwill": -99000000.0,
        "Net Income From Continuing Operation Net Minority Interest": 752000000.0,
        "Reconciled Depreciation": -102000000.0,
        "Net Interest Income": 1990000000.0,
        "Interest Expense": 1121000000.0,
        "Interest Income": 3110000000.0,
        "Normalized Income": 826646000.0,
        "Net Income From Continuing And Discontinued Operation": 752000000.0,
        "Rent Expense Supplemental": 51000000.0,
        "Diluted Average Shares": 14539133.0,
        "Basic Average Shares": 14528310.0,
        "Diluted EPS": 50.67,
        "Basic EPS": 50.71,
        "Diluted NI Availto Com Stockholders": 737000000.0,
        "Net Income Common Stockholders": 737000000.0,
        "Preferred Stock Dividends": 15000000.0,
        "Net Income": 752000000.0,
        "Net Income Including Noncontrolling Interests": 752000000.0,
        "Net Income Continuous Operations": 752000000.0,
        "Tax Provision": 245000000.0,
        "Pretax Income": 997000000.0,
        "Special Income Charges": -99000000.0,
        "Other Special Charges": -10000000.0,
        "Restructuring And Mergern Acquisition": 109000000.0,
        "Gain On Sale Of Security": -13000000.0,
        "Depreciation Amortization Depletion Income Statement": 112000000.0,
        "Depreciation And Amortization In Income Statement": 112000000.0,
        "Amortization": 17000000.0,
        "Amortization Of Intangibles Income Statement": 17000000.0,
        "Depreciation Income Statement": 95000000.0,
        "Selling General And Administration": 836000000.0,
        "Selling And Marketing Expense": 22000000.0,
        "General And Administrative Expense": 814000000.0,
        "Insurance And Claims": 36000000.0,
        "Rent And Landing Fees": 51000000.0,
        "Salaries And Wages": 727000000.0,
        "Total Revenue": 2583000000.0,
        "Operating Revenue": 2583000000.0,
        "Occupancy And Equipment": 182000000.0,
        "Professional Expense And Contract Services Expense": 12000000.0,
        "Other Non Interest Expense": 153000000.0
    },
    "2023-12-31": {
        "Tax Effect Of Unusual Items": -54983169.70547,
        "Tax Rate For Calcs": 0.279102,
        "Total Unusual Items": -197000000.0,
        "Total Unusual Items Excluding Goodwill": -197000000.0,
        "Net Income From Continuing Operation Net Minority Interest": 514000000.0,
        "Reconciled Depreciation": -45000000.0,
        "Net Interest Income": 1911000000.0,
        "Interest Expense": 1206000000.0,
        "Interest Income": 3117000000.0,
        "Normalized Income": 656016830.29453,
        "Net Income From Continuing And Discontinued Operation": 514000000.0,
        "Rent Expense Supplemental": 59000000.0,
        "Diluted Average Shares": 14539838.0,
        "Basic Average Shares": 14528447.0,
        "Diluted EPS": 34.33,
        "Basic EPS": 34.36,
        "Diluted NI Availto Com Stockholders": 499000000.0,
        "Net Income Common Stockholders": 499000000.0,
        "Preferred Stock Dividends": 15000000.0,
        "Net Income": 514000000.0,
        "Net Income Including Noncontrolling Interests": 514000000.0,
        "Net Income Continuous Operations": 514000000.0,
        "Tax Provision": 199000000.0,
        "Pretax Income": 713000000.0,
        "Special Income Charges": -197000000.0,
        "Other Special Charges": -2000000.0,
        "Restructuring And Mergern Acquisition": 199000000.0,
        "Gain On Sale Of Security": 9000000.0,
        "Depreciation Amortization Depletion Income Statement": 113000000.0,
        "Depreciation And Amortization In Income Statement": 113000000.0,
        "Amortization": 17000000.0,
        "Amortization Of Intangibles Income Statement": 17000000.0,
        "Depreciation Income Statement": 96000000.0,
        "Selling General And Administration": 876000000.0,
        "Selling And Marketing Expense": 21000000.0,
        "General And Administrative Expense": 855000000.0,
        "Insurance And Claims": 82000000.0,
        "Rent And Landing Fees": 59000000.0,
        "Salaries And Wages": 714000000.0,
        "Total Revenue": 2470000000.0,
        "Operating Revenue": 2470000000.0,
        "Occupancy And Equipment": 179000000.0,
        "Professional Expense And Contract Services Expense": 29000000.0,
        "Other Non Interest Expense": 114000000.0
    },
    "2024-03-31": {
        "Tax Effect Of Unusual Items": -13600000.0,
        "Tax Rate For Calcs": 0.272,
        "Total Unusual Items": -50000000.0,
        "Total Unusual Items Excluding Goodwill": -50000000.0,
        "Net Income From Continuing Operation Net Minority Interest": 731000000.0,
        "Reconciled Depreciation": -12000000.0,
        "Net Interest Income": 1817000000.0,
        "Interest Expense": 1267000000.0,
        "Interest Income": 3084000000.0,
        "Normalized Income": 767400000.0,
        "Net Income From Continuing And Discontinued Operation": 731000000.0,
        "Rent Expense Supplemental": 45000000.0,
        "Diluted Average Shares": 14536442.0,
        "Basic Average Shares": 14533302.0,
        "Diluted EPS": 49.26,
        "Basic EPS": 49.27,
        "Diluted NI Availto Com Stockholders": 716000000.0,
        "Net Income Common Stockholders": 716000000.0,
        "Preferred Stock Dividends": 15000000.0,
        "Net Income": 731000000.0,
        "Net Income Including Noncontrolling Interests": 731000000.0,
        "Net Income Continuous Operations": 731000000.0,
        "Tax Provision": 273000000.0,
        "Pretax Income": 1004000000.0,
        "Special Income Charges": -50000000.0,
        "Other Special Charges": -10000000.0,
        "Restructuring And Mergern Acquisition": 58000000.0,
        "Gain On Sale Of Security": -4000000.0,
        "Depreciation Amortization Depletion Income Statement": 113000000.0,
        "Depreciation And Amortization In Income Statement": 113000000.0,
        "Amortization": 17000000.0,
        "Amortization Of Intangibles Income Statement": 17000000.0,
        "Depreciation Income Statement": 96000000.0,
        "Selling General And Administration": 844000000.0,
        "Selling And Marketing Expense": 14000000.0,
        "General And Administrative Expense": 830000000.0,
        "Insurance And Claims": 41000000.0,
        "Rent And Landing Fees": 45000000.0,
        "Salaries And Wages": 744000000.0,
        "Total Revenue": 2376000000.0,
        "Operating Revenue": 2376000000.0,
        "Occupancy And Equipment": 176000000.0,
        "Professional Expense And Contract Services Expense": 25000000.0,
        "Other Non Interest Expense": 100000000.0
    },
    "2024-06-30": {
        "Tax Effect Of Unusual Items": -11120000.0,
        "Tax Rate For Calcs": 0.278,
        "Total Unusual Items": -40000000.0,
        "Total Unusual Items Excluding Goodwill": -40000000.0,
        "Net Income From Continuing Operation Net Minority Interest": 707000000.0,
        "Reconciled Depreciation": 6000000.0,
        "Net Interest Income": 1821000000.0,
        "Interest Expense": 1309000000.0,
        "Interest Income": 3130000000.0,
        "Normalized Income": 735880000.0,
        "Net Income From Continuing And Discontinued Operation": 707000000.0,
        "Rent Expense Supplemental": 60000000.0,
        "Diluted Average Shares": 14534499.0,
        "Basic Average Shares": 14534499.0,
        "Diluted EPS": 47.54,
        "Basic EPS": 47.54,
        "Diluted NI Availto Com Stockholders": 691000000.0,
        "Net Income Common Stockholders": 691000000.0,
        "Preferred Stock Dividends": 16000000.0,
        "Net Income": 707000000.0,
        "Net Income Including Noncontrolling Interests": 707000000.0,
        "Net Income Continuous Operations": 707000000.0,
        "Tax Provision": 272000000.0,
        "Pretax Income": 979000000.0,
        "Special Income Charges": -40000000.0,
        "Other Special Charges": -4000000.0,
        "Restructuring And Mergern Acquisition": 44000000.0,
        "Gain On Sale Of Security": -2000000.0,
        "Depreciation Amortization Depletion Income Statement": 113000000.0,
        "Depreciation And Amortization In Income Statement": 113000000.0,
        "Amortization": 15000000.0,
        "Amortization Of Intangibles Income Statement": 15000000.0,
        "Depreciation Income Statement": 98000000.0,
        "Selling General And Administration": 856000000.0,
        "Selling And Marketing Expense": 18000000.0,
        "General And Administrative Expense": 838000000.0,
        "Insurance And Claims": 33000000.0,
        "Rent And Landing Fees": 60000000.0,
        "Salaries And Wages": 745000000.0,
        "Total Revenue": 2398000000.0,
        "Operating Revenue": 2398000000.0,
        "Occupancy And Equipment": 184000000.0,
        "Professional Expense And Contract Services Expense": 24000000.0,
        "Other Non Interest Expense": 107000000.0
    },
    "2024-09-30": {
        "Tax Effect Of Unusual Items": -10988000.0,
        "Tax Rate For Calcs": 0.268,
        "Total Unusual Items": -41000000.0,
        "Total Unusual Items Excluding Goodwill": -41000000.0,
        "Net Income From Continuing Operation Net Minority Interest": 639000000.0,
        "Reconciled Depreciation": 42000000.0,
        "Net Interest Income": 1796000000.0,
        "Interest Expense": 1342000000.0,
        "Interest Income": 3138000000.0,
        "Normalized Income": 669012000.0,
        "Net Income From Continuing And Discontinued Operation": 639000000.0,
        "Rent Expense Supplemental": 59000000.0,
        "Diluted Average Shares": 14375974.0,
        "Basic Average Shares": 14375974.0,
        "Diluted EPS": 43.42,
        "Basic EPS": 43.42,
        "Diluted NI Availto Com Stockholders": 624000000.0,
        "Net Income Common Stockholders": 624000000.0,
        "Preferred Stock Dividends": 15000000.0,
        "Net Income": 639000000.0,
        "Net Income Including Noncontrolling Interests": 639000000.0,
        "Net Income Continuous Operations": 639000000.0,
        "Tax Provision": 234000000.0,
        "Pretax Income": 873000000.0,
        "Special Income Charges": -41000000.0,
        "Other Special Charges": -5000000.0,
        "Restructuring And Mergern Acquisition": 46000000.0,
        "Gain On Sale Of Security": 13000000.0,
        "Depreciation Amortization Depletion Income Statement": 114000000.0,
        "Depreciation And Amortization In Income Statement": 114000000.0,
        "Amortization": 15000000.0,
        "Amortization Of Intangibles Income Statement": 15000000.0,
        "Depreciation Income Statement": 99000000.0,
        "Selling General And Administration": 898000000.0,
        "Selling And Marketing Expense": 20000000.0,
        "General And Administrative Expense": 878000000.0,
        "Insurance And Claims": 31000000.0,
        "Rent And Landing Fees": 59000000.0,
        "Salaries And Wages": 788000000.0,
        "Total Revenue": 2441000000.0,
        "Operating Revenue": 2441000000.0,
        "Occupancy And Equipment": 190000000.0,
        "Professional Expense And Contract Services Expense": 42000000.0,
        "Other Non Interest Expense": 166000000.0
    }
}