{
    "2023-06-30": {
        "Tax Effect Of Unusual Items": -16526.73035,
        "Tax Rate For Calcs": 0.101391,
        "Total Unusual Items": -163000.0,
        "Total Unusual Items Excluding Goodwill": -163000.0,
        "Net Income From Continuing Operation Net Minority Interest": 5362000.0,
        "Reconciled Depreciation": 1364000.0,
        "Net Interest Income": 15482000.0,
        "Interest Expense": 7497000.0,
        "Interest Income": 22979000.0,
        "Normalized Income": 5508473.26965,
        "Net Income From Continuing And Discontinued Operation": 5362000.0,
        "Diluted Average Shares": 5704255.0,
        "Basic Average Shares": 5644211.0,
        "Diluted EPS": 0.94,
        "Basic EPS": 0.95,
        "Diluted NI Availto Com Stockholders": 5362000.0,
        "Net Income Common Stockholders": 5362000.0,
        "Net Income": 5362000.0,
        "Net Income Including Noncontrolling Interests": 5362000.0,
        "Net Income Continuous Operations": 5362000.0,
        "Tax Provision": 605000.0,
        "Pretax Income": 5967000.0,
        "Special Income Charges": -163000.0,
        "Impairment Of Capital Assets": 163000.0,
        "Gain On Sale Of Security": 0.0,
        "Selling General And Administration": 7301000.0,
        "Selling And Marketing Expense": 478000.0,
        "General And Administrative Expense": 6823000.0,
        "Insurance And Claims": 393000.0,
        "Salaries And Wages": 6430000.0,
        "Total Revenue": 19938000.0,
        "Operating Revenue": 19938000.0,
        "Occupancy And Equipment": 2250000.0,
        "Professional Expense And Contract Services Expense": 1074000.0,
        "Other Non Interest Expense": 2800000.0
    },
    "2023-03-31": {
        "Tax Effect Of Unusual Items": -294.0,
        "Tax Rate For Calcs": 0.147,
        "Total Unusual Items": -2000.0,
        "Total Unusual Items Excluding Goodwill": -2000.0,
        "Net Income From Continuing Operation Net Minority Interest": 7040000.0,
        "Reconciled Depreciation": 1188000.0,
        "Net Interest Income": 17025000.0,
        "Interest Expense": 5313000.0,
        "Interest Income": 22338000.0,
        "Normalized Income": 7041706.0,
        "Net Income From Continuing And Discontinued Operation": 7040000.0,
        "Diluted Average Shares": 5692103.0,
        "Basic Average Shares": 5649623.0,
        "Diluted EPS": 1.24,
        "Basic EPS": 1.25,
        "Diluted NI Availto Com Stockholders": 7040000.0,
        "Net Income Common Stockholders": 7040000.0,
        "Net Income": 7040000.0,
        "Net Income Including Noncontrolling Interests": 7040000.0,
        "Net Income Continuous Operations": 7040000.0,
        "Tax Provision": 1212000.0,
        "Pretax Income": 8252000.0,
        "Special Income Charges": -2000.0,
        "Impairment Of Capital Assets": 2000.0,
        "Restructuring And Mergern Acquisition": NaN,
        "Gain On Sale Of Security": -1000.0,
        "Selling General And Administration": 7576000.0,
        "Selling And Marketing Expense": 893000.0,
        "General And Administrative Expense": 6683000.0,
        "Other Gand A": NaN,
        "Insurance And Claims": 168000.0,
        "Salaries And Wages": 6515000.0,
        "Total Revenue": 21352000.0,
        "Operating Revenue": 21352000.0,
        "Occupancy And Equipment": 2127000.0,
        "Professional Expense And Contract Services Expense": 925000.0,
        "Other Non Interest Expense": 2229000.0
    },
    "2022-12-31": {
        "Tax Effect Of Unusual Items": NaN,
        "Tax Rate For Calcs": NaN,
        "Total Unusual Items": NaN,
        "Total Unusual Items Excluding Goodwill": NaN,
        "Net Income From Continuing Operation Net Minority Interest": NaN,
        "Reconciled Depreciation": NaN,
        "Net Interest Income": NaN,
        "Interest Expense": NaN,
        "Interest Income": NaN,
        "Normalized Income": NaN,
        "Net Income From Continuing And Discontinued Operation": NaN,
        "Diluted Average Shares": NaN,
        "Basic Average Shares": NaN,
        "Diluted EPS": NaN,
        "Basic EPS": NaN,
        "Diluted NI Availto Com Stockholders": NaN,
        "Net Income Common Stockholders": NaN,
        "Net Income": NaN,
        "Net Income Including Noncontrolling Interests": NaN,
        "Net Income Continuous Operations": NaN,
        "Tax Provision": NaN,
        "Pretax Income": NaN,
        "Special Income Charges": NaN,
        "Impairment Of Capital Assets": NaN,
        "Restructuring And Mergern Acquisition": 0.0,
        "Gain On Sale Of Security": NaN,
        "Selling General And Administration": NaN,
        "Selling And Marketing Expense": NaN,
        "General And Administrative Expense": NaN,
        "Other Gand A": 1154000.0,
        "Insurance And Claims": NaN,
        "Salaries And Wages": NaN,
        "Total Revenue": NaN,
        "Operating Revenue": NaN,
        "Occupancy And Equipment": NaN,
        "Professional Expense And Contract Services Expense": NaN,
        "Other Non Interest Expense": NaN
    },
    "2022-09-30": {
        "Tax Effect Of Unusual Items": NaN,
        "Tax Rate For Calcs": NaN,
        "Total Unusual Items": NaN,
        "Total Unusual Items Excluding Goodwill": NaN,
        "Net Income From Continuing Operation Net Minority Interest": NaN,
        "Reconciled Depreciation": NaN,
        "Net Interest Income": NaN,
        "Interest Expense": NaN,
        "Interest Income": NaN,
        "Normalized Income": NaN,
        "Net Income From Continuing And Discontinued Operation": NaN,
        "Diluted Average Shares": NaN,
        "Basic Average Shares": NaN,
        "Diluted EPS": NaN,
        "Basic EPS": NaN,
        "Diluted NI Availto Com Stockholders": NaN,
        "Net Income Common Stockholders": NaN,
        "Net Income": NaN,
        "Net Income Including Noncontrolling Interests": NaN,
        "Net Income Continuous Operations": NaN,
        "Tax Provision": NaN,
        "Pretax Income": NaN,
        "Special Income Charges": NaN,
        "Impairment Of Capital Assets": NaN,
        "Restructuring And Mergern Acquisition": 0.0,
        "Gain On Sale Of Security": NaN,
        "Selling General And Administration": NaN,
        "Selling And Marketing Expense": NaN,
        "General And Administrative Expense": NaN,
        "Other Gand A": 1223000.0,
        "Insurance And Claims": NaN,
        "Salaries And Wages": NaN,
        "Total Revenue": NaN,
        "Operating Revenue": NaN
    },
    "2022-06-30": {
        "Tax Effect Of Unusual Items": 0.0,
        "Tax Rate For Calcs": 0.155558,
        "Total Unusual Items": 22000.0,
        "Total Unusual Items Excluding Goodwill": 22000.0,
        "Net Income From Continuing Operation Net Minority Interest": 7664000.0,
        "Reconciled Depreciation": 1093000.0,
        "Net Interest Income": 18146000.0,
        "Interest Expense": 920000.0,
        "Interest Income": 19065000.0,
        "Normalized Income": 7664000.0,
        "Net Income From Continuing And Discontinued Operation": 7664000.0,
        "Diluted Average Shares": 5686308.0,
        "Basic Average Shares": 5658854.0,
        "Diluted EPS": 1.35,
        "Basic EPS": 1.35,
        "Diluted NI Availto Com Stockholders": 7664000.0,
        "Net Income Common Stockholders": 7664000.0,
        "Net Income": 7664000.0,
        "Net Income Including Noncontrolling Interests": 7665000.0,
        "Net Income Continuous Operations": 7665000.0,
        "Tax Provision": 1412000.0,
        "Pretax Income": 9077000.0,
        "Special Income Charges": 22000.0,
        "Impairment Of Capital Assets": -22000.0,
        "Restructuring And Mergern Acquisition": 0.0,
        "Gain On Sale Of Security": NaN,
        "Selling General And Administration": 8802000.0,
        "Selling And Marketing Expense": 489000.0,
        "General And Administrative Expense": 8313000.0,
        "Other Gand A": 1236000.0,
        "Insurance And Claims": 136000.0,
        "Salaries And Wages": 6941000.0,
        "Total Revenue": 22402000.0,
        "Operating Revenue": 22402000.0
    },
    "2022-03-31": {
        "Diluted EPS": 1.32,
        "Total Revenue": 23,
        "Gross Profit": 22,
        "Operating Income": 9,
        "EBIT": NaN,
        "Net Income": 8
    },
    "2021-12-31": {
        "Diluted EPS": 1.37,
        "Total Revenue": 23,
        "Gross Profit": 22,
        "Operating Income": 9,
        "EBIT": NaN,
        "Net Income": 8
    },
    "2021-09-30": {
        "Diluted EPS": 0.85,
        "Total Revenue": 22,
        "Gross Profit": 21,
        "Operating Income": 8,
        "EBIT": NaN,
        "Net Income": 5
    },
    "2021-06-30": {
        "Diluted EPS": 1.13,
        "Total Revenue": 19,
        "Gross Profit": 18,
        "Operating Income": 7,
        "EBIT": NaN,
        "Net Income": 6
    },
    "2021-03-31": {
        "Diluted EPS": 1.13,
        "Total Revenue": 20,
        "Gross Profit": 19,
        "Operating Income": 7,
        "EBIT": NaN,
        "Net Income": 6
    },
    "2020-12-31": {
        "Diluted EPS": 1.09,
        "Total Revenue": 19,
        "Gross Profit": 18,
        "Operating Income": 6,
        "EBIT": NaN,
        "Net Income": 5
    },
    "2020-09-30": {
        "Diluted EPS": 0.99,
        "Total Revenue": 18,
        "Gross Profit": 17,
        "Operating Income": 6,
        "EBIT": NaN,
        "Net Income": 5
    },
    "2020-06-30": {
        "Diluted EPS": 0.05,
        "Total Revenue": 15,
        "Gross Profit": 14,
        "Operating Income": 2,
        "EBIT": NaN,
        "Net Income": 0
    },
    "2020-03-31": {
        "Diluted EPS": 0.69,
        "Total Revenue": 12,
        "Gross Profit": 11,
        "Operating Income": 3,
        "EBIT": NaN,
        "Net Income": 3
    },
    "2019-12-31": {
        "Diluted EPS": 0.71,
        "Total Revenue": 13,
        "Gross Profit": 11,
        "Operating Income": 4,
        "EBIT": NaN,
        "Net Income": 3
    },
    "2019-09-30": {
        "Diluted EPS": 0.8,
        "Total Revenue": 13,
        "Gross Profit": 11,
        "Operating Income": 4,
        "EBIT": NaN,
        "Net Income": 3
    },
    "2019-06-30": {
        "Diluted EPS": 0.79,
        "Total Revenue": 12,
        "Gross Profit": 10,
        "Operating Income": 4,
        "EBIT": NaN,
        "Net Income": 3
    },
    "2019-03-31": {
        "Diluted EPS": 0.73,
        "Total Revenue": 12,
        "Gross Profit": 10,
        "Operating Income": 3,
        "EBIT": NaN,
        "Net Income": 3
    },
    "2018-12-31": {
        "Diluted EPS": 0.75,
        "Total Revenue": 12,
        "Gross Profit": 10,
        "Operating Income": 3,
        "EBIT": NaN,
        "Net Income": 3
    },
    "2018-09-30": {
        "Diluted EPS": 0.75,
        "Total Revenue": 11,
        "Gross Profit": 10,
        "Operating Income": 3,
        "EBIT": NaN,
        "Net Income": 3
    },
    "2018-06-30": {
        "Diluted EPS": 0.73,
        "Total Revenue": 11,
        "Gross Profit": 10,
        "Operating Income": 3,
        "EBIT": NaN,
        "Net Income": 3
    },
    "2018-03-31": {
        "Diluted EPS": 0.67,
        "Total Revenue": 10,
        "Gross Profit": 10,
        "Operating Income": 3,
        "EBIT": NaN,
        "Net Income": 3
    },
    "2017-12-31": {
        "Diluted EPS": 0.61,
        "Total Revenue": 10,
        "Gross Profit": 9,
        "Operating Income": 1,
        "EBIT": NaN,
        "Net Income": 2
    },
    "2017-09-30": {
        "Diluted EPS": 0.6,
        "Total Revenue": 10,
        "Gross Profit": 9,
        "Operating Income": 3,
        "EBIT": NaN,
        "Net Income": 2
    },
    "2017-06-30": {
        "Diluted EPS": 0.59,
        "Total Revenue": 10,
        "Gross Profit": 9,
        "Operating Income": 3,
        "EBIT": NaN,
        "Net Income": 2
    },
    "2017-03-31": {
        "Diluted EPS": 0.53,
        "Total Revenue": 9,
        "Gross Profit": 9,
        "Operating Income": 3,
        "EBIT": NaN,
        "Net Income": 2
    },
    "2016-12-31": {
        "Diluted EPS": 0.55,
        "Total Revenue": 9,
        "Gross Profit": 9,
        "Operating Income": 3,
        "EBIT": NaN,
        "Net Income": 2
    },
    "2016-09-30": {
        "Diluted EPS": 0.55,
        "Total Revenue": 9,
        "Gross Profit": 8,
        "Operating Income": 3,
        "EBIT": NaN,
        "Net Income": 2
    },
    "2016-06-30": {
        "Diluted EPS": 0.53,
        "Total Revenue": 9,
        "Gross Profit": 8,
        "Operating Income": 3,
        "EBIT": NaN,
        "Net Income": 2
    },
    "2016-03-31": {
        "Diluted EPS": 0.46,
        "Total Revenue": 8,
        "Gross Profit": 8,
        "Operating Income": 2,
        "EBIT": NaN,
        "Net Income": 2
    },
    "2015-12-31": {
        "Diluted EPS": 0.5,
        "Total Revenue": 9,
        "Gross Profit": 8,
        "Operating Income": 2,
        "EBIT": NaN,
        "Net Income": 2
    },
    "2015-09-30": {
        "Diluted EPS": 0.53,
        "Total Revenue": 9,
        "Gross Profit": 8,
        "Operating Income": 3,
        "EBIT": NaN,
        "Net Income": 2
    },
    "2015-06-30": {
        "Diluted EPS": 0.49,
        "Total Revenue": 8,
        "Gross Profit": 8,
        "Operating Income": 2,
        "EBIT": NaN,
        "Net Income": 2
    },
    "2015-03-31": {
        "Diluted EPS": 0.43,
        "Total Revenue": 8,
        "Gross Profit": 7,
        "Operating Income": 2,
        "EBIT": NaN,
        "Net Income": 2
    },
    "2014-12-31": {
        "Diluted EPS": 0.45,
        "Total Revenue": 8,
        "Gross Profit": 8,
        "Operating Income": 2,
        "EBIT": NaN,
        "Net Income": 2
    },
    "2014-09-30": {
        "Diluted EPS": 0.45,
        "Total Revenue": 8,
        "Gross Profit": 7,
        "Operating Income": 2,
        "EBIT": NaN,
        "Net Income": 2
    },
    "2014-06-30": {
        "Diluted EPS": 0.45,
        "Total Revenue": 8,
        "Gross Profit": 7,
        "Operating Income": 2,
        "EBIT": NaN,
        "Net Income": 2
    },
    "2014-03-31": {
        "Diluted EPS": 0.41,
        "Total Revenue": 8,
        "Gross Profit": 7,
        "Operating Income": 2,
        "EBIT": NaN,
        "Net Income": 1
    },
    "2013-12-31": {
        "Diluted EPS": 0.76,
        "Total Revenue": 11,
        "Gross Profit": 10,
        "Operating Income": 4,
        "EBIT": NaN,
        "Net Income": 3
    },
    "2013-09-30": {
        "Diluted EPS": 0.43,
        "Total Revenue": 8,
        "Gross Profit": 7,
        "Operating Income": 2,
        "EBIT": NaN,
        "Net Income": 2
    },
    "2013-06-30": {
        "Diluted EPS": 0.43,
        "Total Revenue": 8,
        "Gross Profit": 7,
        "Operating Income": 2,
        "EBIT": NaN,
        "Net Income": 2
    },
    "2013-03-31": {
        "Diluted EPS": 0.4,
        "Total Revenue": 8,
        "Gross Profit": 7,
        "Operating Income": 2,
        "EBIT": NaN,
        "Net Income": 1
    },
    "2012-12-31": {
        "Diluted EPS": 0.27,
        "Total Revenue": 8,
        "Gross Profit": 7,
        "Operating Income": 1,
        "EBIT": NaN,
        "Net Income": 1
    },
    "2012-09-30": {
        "Diluted EPS": 0.41,
        "Total Revenue": 8,
        "Gross Profit": 7,
        "Operating Income": 2,
        "EBIT": NaN,
        "Net Income": 1
    },
    "2012-06-30": {
        "Diluted EPS": 0.38,
        "Total Revenue": 8,
        "Gross Profit": 7,
        "Operating Income": 2,
        "EBIT": NaN,
        "Net Income": 1
    },
    "2012-03-31": {
        "Diluted EPS": 0.37,
        "Total Revenue": 8,
        "Gross Profit": 7,
        "Operating Income": 2,
        "EBIT": NaN,
        "Net Income": 1
    },
    "2011-12-31": {
        "Diluted EPS": 0.36,
        "Total Revenue": 8,
        "Gross Profit": 7,
        "Operating Income": 1,
        "EBIT": NaN,
        "Net Income": 1
    },
    "2011-09-30": {
        "Diluted EPS": 0.39,
        "Total Revenue": 8,
        "Gross Profit": 7,
        "Operating Income": 2,
        "EBIT": NaN,
        "Net Income": 1
    },
    "2011-06-30": {
        "Diluted EPS": 0.39,
        "Total Revenue": 8,
        "Gross Profit": 7,
        "Operating Income": 2,
        "EBIT": NaN,
        "Net Income": 1
    },
    "2011-03-31": {
        "Diluted EPS": 0.37,
        "Total Revenue": 8,
        "Gross Profit": 7,
        "Operating Income": 2,
        "EBIT": NaN,
        "Net Income": 1
    },
    "2010-12-31": {
        "Diluted EPS": -1.51,
        "Total Revenue": 7,
        "Gross Profit": 6,
        "Operating Income": 1,
        "EBIT": NaN,
        "Net Income": -5
    },
    "2010-09-30": {
        "Diluted EPS": 0.11,
        "Total Revenue": 8,
        "Gross Profit": 7,
        "Operating Income": 2,
        "EBIT": NaN,
        "Net Income": 0
    },
    "2010-06-30": {
        "Diluted EPS": 0.23,
        "Total Revenue": 8,
        "Gross Profit": 6,
        "Operating Income": 1,
        "EBIT": NaN,
        "Net Income": 1
    },
    "2010-03-31": {
        "Diluted EPS": 0.17,
        "Total Revenue": 8,
        "Gross Profit": 6,
        "Operating Income": 1,
        "EBIT": NaN,
        "Net Income": 1
    },
    "2009-12-31": {
        "Diluted EPS": 0.03,
        "Total Revenue": 8,
        "Gross Profit": 6,
        "Operating Income": 0,
        "EBIT": NaN,
        "Net Income": 0
    },
    "2009-09-30": {
        "Diluted EPS": -1.03,
        "Total Revenue": 6,
        "Gross Profit": 3,
        "Operating Income": -5,
        "EBIT": NaN,
        "Net Income": -3
    },
    "2009-06-30": {
        "Diluted EPS": 0.29,
        "Total Revenue": 9,
        "Gross Profit": 6,
        "Operating Income": 1,
        "EBIT": NaN,
        "Net Income": 1
    },
    "2009-03-31": {
        "Diluted EPS": 0.27,
        "Total Revenue": 9,
        "Gross Profit": 6,
        "Operating Income": 1,
        "EBIT": NaN,
        "Net Income": 1
    },
    "2023-09-30": {
        "Tax Effect Of Unusual Items": NaN,
        "Tax Rate For Calcs": NaN,
        "Total Unusual Items": NaN,
        "Total Unusual Items Excluding Goodwill": NaN,
        "Net Income From Continuing Operation Net Minority Interest": NaN,
        "Reconciled Depreciation": NaN,
        "Net Interest Income": NaN,
        "Interest Expense": NaN,
        "Interest Income": NaN,
        "Normalized Income": NaN,
        "Net Income From Continuing And Discontinued Operation": NaN,
        "Diluted Average Shares": 5725256.0,
        "Basic Average Shares": 5687553.0,
        "Diluted EPS": 0.93,
        "Basic EPS": 0.94,
        "Diluted NI Availto Com Stockholders": NaN,
        "Net Income Common Stockholders": NaN,
        "Net Income": NaN,
        "Net Income Including Noncontrolling Interests": NaN,
        "Net Income Continuous Operations": NaN,
        "Tax Provision": NaN,
        "Pretax Income": NaN,
        "Special Income Charges": NaN,
        "Impairment Of Capital Assets": NaN,
        "Gain On Sale Of Security": NaN,
        "Selling General And Administration": NaN,
        "Selling And Marketing Expense": NaN,
        "General And Administrative Expense": NaN,
        "Insurance And Claims": NaN,
        "Salaries And Wages": NaN,
        "Total Revenue": NaN,
        "Operating Revenue": NaN,
        "Occupancy And Equipment": NaN,
        "Professional Expense And Contract Services Expense": NaN,
        "Other Non Interest Expense": NaN
    },
    "2023-12-31": {
        "Tax Effect Of Unusual Items": 5670.0,
        "Tax Rate For Calcs": 0.21,
        "Total Unusual Items": 27000.0,
        "Total Unusual Items Excluding Goodwill": 27000.0,
        "Net Income From Continuing Operation Net Minority Interest": 468000.0,
        "Reconciled Depreciation": 1452000.0,
        "Net Interest Income": 14901000.0,
        "Interest Expense": 9939000.0,
        "Interest Income": 24840000.0,
        "Normalized Income": 446670.0,
        "Net Income From Continuing And Discontinued Operation": 468000.0,
        "Diluted Average Shares": 5850000.0,
        "Basic Average Shares": 5850000.0,
        "Diluted EPS": 0.08,
        "Basic EPS": 0.08,
        "Diluted NI Availto Com Stockholders": 468000.0,
        "Net Income Common Stockholders": 468000.0,
        "Net Income": 468000.0,
        "Net Income Including Noncontrolling Interests": 468000.0,
        "Net Income Continuous Operations": 468000.0,
        "Tax Provision": -361000.0,
        "Pretax Income": 107000.0,
        "Special Income Charges": 27000.0,
        "Impairment Of Capital Assets": -27000.0,
        "Gain On Sale Of Security": -6467000.0,
        "Selling General And Administration": 8060000.0,
        "Selling And Marketing Expense": 1340000.0,
        "General And Administrative Expense": 6720000.0,
        "Insurance And Claims": 281000.0,
        "Salaries And Wages": 6439000.0,
        "Total Revenue": 12679000.0,
        "Operating Revenue": 12679000.0,
        "Occupancy And Equipment": 2134000.0,
        "Professional Expense And Contract Services Expense": 873000.0,
        "Other Non Interest Expense": 1737000.0
    },
    "2024-03-31": {
        "Tax Effect Of Unusual Items": 484.0,
        "Tax Rate For Calcs": 0.121,
        "Total Unusual Items": 4000.0,
        "Total Unusual Items Excluding Goodwill": 4000.0,
        "Net Income From Continuing Operation Net Minority Interest": 5057000.0,
        "Reconciled Depreciation": 1372000.0,
        "Net Interest Income": 14943000.0,
        "Interest Expense": 10682000.0,
        "Interest Income": 25625000.0,
        "Normalized Income": 5053484.0,
        "Net Income From Continuing And Discontinued Operation": 5057000.0,
        "Diluted Average Shares": 5761621.0,
        "Basic Average Shares": 5722232.0,
        "Diluted EPS": 0.88,
        "Basic EPS": 0.88,
        "Diluted NI Availto Com Stockholders": 5057000.0,
        "Net Income Common Stockholders": 5057000.0,
        "Net Income": 5057000.0,
        "Net Income Including Noncontrolling Interests": 5057000.0,
        "Net Income Continuous Operations": 5057000.0,
        "Tax Provision": 694000.0,
        "Pretax Income": 5751000.0,
        "Special Income Charges": 4000.0,
        "Impairment Of Capital Assets": -4000.0,
        "Gain On Sale Of Security": 0.0,
        "Selling General And Administration": 8161000.0,
        "Selling And Marketing Expense": 732000.0,
        "General And Administrative Expense": 7429000.0,
        "Insurance And Claims": 298000.0,
        "Salaries And Wages": 7131000.0,
        "Total Revenue": 19308000.0,
        "Operating Revenue": 19308000.0,
        "Occupancy And Equipment": 2159000.0,
        "Professional Expense And Contract Services Expense": 1062000.0,
        "Other Non Interest Expense": 2307000.0
    },
    "2024-06-30": {
        "Tax Effect Of Unusual Items": -134.362393,
        "Tax Rate For Calcs": 0.134362,
        "Total Unusual Items": -1000.0,
        "Total Unusual Items Excluding Goodwill": -1000.0,
        "Net Income From Continuing Operation Net Minority Interest": 4935000.0,
        "Reconciled Depreciation": 1373000.0,
        "Net Interest Income": 15117000.0,
        "Interest Expense": 10922000.0,
        "Interest Income": 26039000.0,
        "Normalized Income": 4935865.637607,
        "Net Income From Continuing And Discontinued Operation": 4935000.0,
        "Diluted Average Shares": 5765511.0,
        "Basic Average Shares": 5735606.0,
        "Diluted EPS": 0.86,
        "Basic EPS": 0.86,
        "Diluted NI Availto Com Stockholders": 4935000.0,
        "Net Income Common Stockholders": 4935000.0,
        "Net Income": 4935000.0,
        "Net Income Including Noncontrolling Interests": 4935000.0,
        "Net Income Continuous Operations": 4935000.0,
        "Tax Provision": 766000.0,
        "Pretax Income": 5701000.0,
        "Special Income Charges": -1000.0,
        "Impairment Of Capital Assets": 1000.0,
        "Gain On Sale Of Security": 0.0,
        "Selling General And Administration": 7643000.0,
        "Selling And Marketing Expense": 413000.0,
        "General And Administrative Expense": 7230000.0,
        "Insurance And Claims": 302000.0,
        "Salaries And Wages": 6928000.0,
        "Total Revenue": 19465000.0,
        "Operating Revenue": 19465000.0,
        "Occupancy And Equipment": 2172000.0,
        "Professional Expense And Contract Services Expense": 1191000.0,
        "Other Non Interest Expense": 2610000.0
    },
    "2024-09-30": {
        "Tax Effect Of Unusual Items": -550.694444,
        "Tax Rate For Calcs": 0.137674,
        "Total Unusual Items": -4000.0,
        "Total Unusual Items Excluding Goodwill": -4000.0,
        "Net Income From Continuing Operation Net Minority Interest": 4967000.0,
        "Reconciled Depreciation": 1512000.0,
        "Net Interest Income": 15431000.0,
        "Interest Expense": 11868000.0,
        "Interest Income": 27299000.0,
        "Normalized Income": 4970449.305556,
        "Net Income From Continuing And Discontinued Operation": 4967000.0,
        "Diluted Average Shares": 5776514.0,
        "Basic Average Shares": 5735926.0,
        "Diluted EPS": 0.86,
        "Basic EPS": 0.87,
        "Diluted NI Availto Com Stockholders": 4967000.0,
        "Net Income Common Stockholders": 4967000.0,
        "Net Income": 4967000.0,
        "Net Income Including Noncontrolling Interests": 4967000.0,
        "Net Income Continuous Operations": 4967000.0,
        "Tax Provision": 793000.0,
        "Pretax Income": 5760000.0,
        "Special Income Charges": -4000.0,
        "Impairment Of Capital Assets": 4000.0,
        "Gain On Sale Of Security": 0.0,
        "Selling General And Administration": 7980000.0,
        "Selling And Marketing Expense": 493000.0,
        "General And Administrative Expense": 7487000.0,
        "Insurance And Claims": 314000.0,
        "Salaries And Wages": 7173000.0,
        "Total Revenue": 20133000.0,
        "Operating Revenue": 20133000.0,
        "Occupancy And Equipment": 2224000.0,
        "Professional Expense And Contract Services Expense": 1032000.0,
        "Other Non Interest Expense": 2604000.0
    },
    "2024-12-31": {
        "Tax Effect Of Unusual Items": -1364.264264,
        "Tax Rate For Calcs": 0.124024,
        "Total Unusual Items": -11000.0,
        "Total Unusual Items Excluding Goodwill": -11000.0,
        "Net Income From Continuing Operation Net Minority Interest": 5834000.0,
        "Reconciled Depreciation": 1411000.0,
        "Net Interest Income": 16374000.0,
        "Interest Expense": 11685000.0,
        "Interest Income": 28059000.0,
        "Normalized Income": 5843635.735736,
        "Net Income From Continuing And Discontinued Operation": 5834000.0,
        "Diluted Average Shares": NaN,
        "Basic Average Shares": NaN,
        "Diluted EPS": NaN,
        "Basic EPS": NaN,
        "Diluted NI Availto Com Stockholders": 5834000.0,
        "Net Income Common Stockholders": 5834000.0,
        "Net Income": 5834000.0,
        "Net Income Including Noncontrolling Interests": 5834000.0,
        "Net Income Continuous Operations": 5834000.0,
        "Tax Provision": 826000.0,
        "Pretax Income": 6660000.0,
        "Special Income Charges": -11000.0,
        "Impairment Of Capital Assets": 11000.0,
        "Gain On Sale Of Security": 0.0,
        "Selling General And Administration": 9169000.0,
        "Selling And Marketing Expense": 1244000.0,
        "General And Administrative Expense": 7925000.0,
        "Insurance And Claims": 315000.0,
        "Salaries And Wages": 7610000.0,
        "Total Revenue": 21011000.0,
        "Operating Revenue": 21011000.0,
        "Occupancy And Equipment": 2226000.0,
        "Professional Expense And Contract Services Expense": 1107000.0,
        "Other Non Interest Expense": 1893000.0
    }
}