{
    "2023-03-31": {
        "Tax Effect Of Unusual Items": NaN,
        "Tax Rate For Calcs": NaN,
        "Normalized EBITDA": NaN,
        "Total Unusual Items": NaN,
        "Total Unusual Items Excluding Goodwill": NaN,
        "Net Income From Continuing Operation Net Minority Interest": NaN,
        "Reconciled Depreciation": NaN,
        "Reconciled Cost Of Revenue": NaN,
        "EBITDA": NaN,
        "EBIT": NaN,
        "Net Interest Income": NaN,
        "Interest Expense": NaN,
        "Interest Income": NaN,
        "Normalized Income": NaN,
        "Net Income From Continuing And Discontinued Operation": NaN,
        "Total Expenses": NaN,
        "Total Operating Income As Reported": NaN,
        "Diluted Average Shares": NaN,
        "Basic Average Shares": NaN,
        "Diluted EPS": NaN,
        "Basic EPS": NaN,
        "Diluted NI Availto Com Stockholders": NaN,
        "Net Income Common Stockholders": NaN,
        "Net Income": NaN,
        "Minority Interests": NaN,
        "Net Income Including Noncontrolling Interests": NaN,
        "Net Income Continuous Operations": NaN,
        "Tax Provision": NaN,
        "Pretax Income": NaN,
        "Other Income Expense": NaN,
        "Other Non Operating Income Expenses": NaN,
        "Special Income Charges": NaN,
        "Gain On Sale Of Ppe": NaN,
        "Write Off": 2400000.0,
        "Impairment Of Capital Assets": NaN,
        "Restructuring And Mergern Acquisition": NaN,
        "Net Non Operating Interest Income Expense": NaN,
        "Interest Expense Non Operating": NaN,
        "Interest Income Non Operating": NaN,
        "Operating Income": NaN,
        "Operating Expense": NaN,
        "Selling General And Administration": NaN,
        "Gross Profit": NaN,
        "Cost Of Revenue": NaN,
        "Total Revenue": NaN,
        "Operating Revenue": NaN
    },
    "2022-12-31": {
        "Tax Effect Of Unusual Items": -729411.764706,
        "Tax Rate For Calcs": 0.243137,
        "Normalized EBITDA": 57900000.0,
        "Total Unusual Items": -3000000.0,
        "Total Unusual Items Excluding Goodwill": -3000000.0,
        "Net Income From Continuing Operation Net Minority Interest": 18300000.0,
        "Reconciled Depreciation": 22300000.0,
        "Reconciled Cost Of Revenue": 958200000.0,
        "EBITDA": 54900000.0,
        "EBIT": 32600000.0,
        "Net Interest Income": -6600000.0,
        "Interest Expense": 7100000.0,
        "Interest Income": 500000.0,
        "Normalized Income": 20570588.235294,
        "Net Income From Continuing And Discontinued Operation": 18300000.0,
        "Total Expenses": 1005700000.0,
        "Total Operating Income As Reported": 31200000.0,
        "Diluted Average Shares": 48046374.0,
        "Basic Average Shares": 47837743.0,
        "Diluted EPS": 0.38,
        "Basic EPS": 0.38,
        "Diluted NI Availto Com Stockholders": 18300000.0,
        "Net Income Common Stockholders": 18300000.0,
        "Net Income": 18300000.0,
        "Minority Interests": -1000000.0,
        "Net Income Including Noncontrolling Interests": 19300000.0,
        "Net Income Continuous Operations": 19300000.0,
        "Tax Provision": 6200000.0,
        "Pretax Income": 25500000.0,
        "Other Income Expense": -2100000.0,
        "Other Non Operating Income Expenses": 900000.0,
        "Special Income Charges": -3000000.0,
        "Gain On Sale Of Ppe": 300000.0,
        "Write Off": 3300000.0,
        "Net Non Operating Interest Income Expense": -6600000.0,
        "Interest Expense Non Operating": 7100000.0,
        "Interest Income Non Operating": 500000.0,
        "Operating Income": 34200000.0,
        "Operating Expense": 47500000.0,
        "Selling General And Administration": 47500000.0,
        "Gross Profit": 81700000.0,
        "Cost Of Revenue": 958200000.0,
        "Total Revenue": 1039900000.0,
        "Operating Revenue": 1039900000.0
    },
    "2022-09-30": {
        "Tax Effect Of Unusual Items": 900835.654596,
        "Tax Rate For Calcs": 0.091922,
        "Normalized EBITDA": 55200000.0,
        "Total Unusual Items": 9800000.0,
        "Total Unusual Items Excluding Goodwill": 9800000.0,
        "Net Income From Continuing Operation Net Minority Interest": 33300000.0,
        "Reconciled Depreciation": 22900000.0,
        "Reconciled Cost Of Revenue": 965500000.0,
        "EBITDA": 65000000.0,
        "EBIT": 42100000.0,
        "Net Interest Income": -6000000.0,
        "Interest Expense": 6200000.0,
        "Interest Income": 200000.0,
        "Normalized Income": 24400835.654596,
        "Net Income From Continuing And Discontinued Operation": 33300000.0,
        "Total Expenses": 1012300000.0,
        "Total Operating Income As Reported": 51000000.0,
        "Diluted Average Shares": 47984075.0,
        "Basic Average Shares": 47835057.0,
        "Diluted EPS": 0.69,
        "Basic EPS": 0.7,
        "Diluted NI Availto Com Stockholders": 33300000.0,
        "Net Income Common Stockholders": 33300000.0,
        "Net Income": 33300000.0,
        "Minority Interests": 700000.0,
        "Net Income Including Noncontrolling Interests": 32600000.0,
        "Net Income Continuous Operations": 32600000.0,
        "Tax Provision": 3300000.0,
        "Pretax Income": 35900000.0,
        "Other Income Expense": 700000.0,
        "Other Non Operating Income Expenses": -9100000.0,
        "Special Income Charges": 9800000.0,
        "Gain On Sale Of Ppe": 0.0,
        "Write Off": -9800000.0,
        "Net Non Operating Interest Income Expense": -6000000.0,
        "Interest Expense Non Operating": 6200000.0,
        "Interest Income Non Operating": 200000.0,
        "Operating Income": 41200000.0,
        "Operating Expense": 46800000.0,
        "Selling General And Administration": 46800000.0,
        "Gross Profit": 88000000.0,
        "Cost Of Revenue": 965500000.0,
        "Total Revenue": 1053500000.0,
        "Operating Revenue": 1053500000.0
    },
    "2022-06-30": {
        "Tax Effect Of Unusual Items": 169615.384615,
        "Tax Rate For Calcs": 0.188462,
        "Normalized EBITDA": 30800000.0,
        "Total Unusual Items": 900000.0,
        "Total Unusual Items Excluding Goodwill": 900000.0,
        "Net Income From Continuing Operation Net Minority Interest": 21200000.0,
        "Reconciled Depreciation": 23700000.0,
        "Reconciled Cost Of Revenue": 1131200000.0,
        "EBITDA": 31700000.0,
        "EBIT": 31700000.0,
        "Net Interest Income": -5700000.0,
        "Interest Expense": 5700000.0,
        "Interest Income": 100000.0,
        "Normalized Income": 20469615.384615,
        "Net Income From Continuing And Discontinued Operation": 21200000.0,
        "Total Expenses": 1178500000.0,
        "Total Operating Income As Reported": 34300000.0,
        "Diluted Average Shares": 47887123.0,
        "Basic Average Shares": 47825758.0,
        "Diluted EPS": 0.44,
        "Basic EPS": 0.44,
        "Diluted NI Availto Com Stockholders": 21200000.0,
        "Net Income Common Stockholders": 21200000.0,
        "Net Income": 21200000.0,
        "Minority Interests": 100000.0,
        "Net Income Including Noncontrolling Interests": 21100000.0,
        "Net Income Continuous Operations": 21100000.0,
        "Tax Provision": 4900000.0,
        "Pretax Income": 26000000.0,
        "Other Income Expense": -1700000.0,
        "Other Non Operating Income Expenses": -2600000.0,
        "Special Income Charges": 900000.0,
        "Gain On Sale Of Ppe": 1600000.0,
        "Write Off": 700000.0,
        "Net Non Operating Interest Income Expense": -5700000.0,
        "Interest Expense Non Operating": 5700000.0,
        "Interest Income Non Operating": 100000.0,
        "Operating Income": 33400000.0,
        "Operating Expense": 47300000.0,
        "Selling General And Administration": 47300000.0,
        "Gross Profit": 80700000.0,
        "Cost Of Revenue": 1131200000.0,
        "Total Revenue": 1211900000.0,
        "Operating Revenue": 1211900000.0
    },
    "2023-06-30": {
        "Tax Effect Of Unusual Items": NaN,
        "Tax Rate For Calcs": NaN,
        "Normalized EBITDA": NaN,
        "Total Unusual Items": NaN,
        "Total Unusual Items Excluding Goodwill": NaN,
        "Net Income From Continuing Operation Net Minority Interest": NaN,
        "Reconciled Depreciation": NaN,
        "Reconciled Cost Of Revenue": NaN,
        "EBITDA": NaN,
        "EBIT": NaN,
        "Net Interest Income": NaN,
        "Interest Expense": NaN,
        "Interest Income": NaN,
        "Normalized Income": NaN,
        "Net Income From Continuing And Discontinued Operation": NaN,
        "Total Expenses": NaN,
        "Total Operating Income As Reported": NaN,
        "Diluted Average Shares": NaN,
        "Basic Average Shares": NaN,
        "Diluted EPS": NaN,
        "Basic EPS": NaN,
        "Diluted NI Availto Com Stockholders": NaN,
        "Net Income Common Stockholders": NaN,
        "Net Income": NaN,
        "Minority Interests": NaN,
        "Net Income Including Noncontrolling Interests": NaN,
        "Net Income Continuous Operations": NaN,
        "Tax Provision": NaN,
        "Pretax Income": NaN,
        "Other Income Expense": NaN,
        "Other Non Operating Income Expenses": NaN,
        "Special Income Charges": NaN,
        "Gain On Sale Of Ppe": NaN,
        "Write Off": 4600000.0,
        "Impairment Of Capital Assets": 2800000.0,
        "Restructuring And Mergern Acquisition": 1800000.0,
        "Net Non Operating Interest Income Expense": NaN,
        "Interest Expense Non Operating": NaN,
        "Interest Income Non Operating": NaN,
        "Operating Income": NaN,
        "Operating Expense": NaN,
        "Selling General And Administration": NaN,
        "Gross Profit": NaN,
        "Cost Of Revenue": NaN,
        "Total Revenue": NaN,
        "Operating Revenue": NaN
    },
    "2022-03-31": {
        "Diluted EPS": 0.54,
        "Total Revenue": NaN,
        "Gross Profit": 90,
        "Operating Income": 40,
        "EBIT": 64,
        "Net Income": 26
    },
    "2021-12-31": {
        "Diluted EPS": -0.24,
        "Total Revenue": NaN,
        "Gross Profit": 40,
        "Operating Income": -9,
        "EBIT": 15,
        "Net Income": -11
    },
    "2021-09-30": {
        "Diluted EPS": 0.03,
        "Total Revenue": NaN,
        "Gross Profit": 49,
        "Operating Income": 1,
        "EBIT": 27,
        "Net Income": 1
    },
    "2021-06-30": {
        "Diluted EPS": 0.99,
        "Total Revenue": NaN,
        "Gross Profit": 110,
        "Operating Income": 59,
        "EBIT": 83,
        "Net Income": 47
    },
    "2021-03-31": {
        "Diluted EPS": 0.9,
        "Total Revenue": NaN,
        "Gross Profit": 105,
        "Operating Income": 60,
        "EBIT": 84,
        "Net Income": 43
    },
    "2020-12-31": {
        "Diluted EPS": 0.01,
        "Total Revenue": NaN,
        "Gross Profit": 36,
        "Operating Income": -1,
        "EBIT": 24,
        "Net Income": 1
    },
    "2020-09-30": {
        "Diluted EPS": 0.37,
        "Total Revenue": 990,
        "Gross Profit": 67,
        "Operating Income": 27,
        "EBIT": 50,
        "Net Income": 17
    },
    "2020-06-30": {
        "Diluted EPS": 0.38,
        "Total Revenue": NaN,
        "Gross Profit": 79,
        "Operating Income": 33,
        "EBIT": 57,
        "Net Income": 18
    },
    "2020-03-31": {
        "Diluted EPS": 0.27,
        "Total Revenue": NaN,
        "Gross Profit": 69,
        "Operating Income": 18,
        "EBIT": 42,
        "Net Income": 13
    },
    "2019-12-31": {
        "Diluted EPS": -0.53,
        "Total Revenue": NaN,
        "Gross Profit": 38,
        "Operating Income": -12,
        "EBIT": 14,
        "Net Income": -26
    },
    "2019-09-30": {
        "Diluted EPS": 0.38,
        "Total Revenue": NaN,
        "Gross Profit": 76,
        "Operating Income": 27,
        "EBIT": 52,
        "Net Income": 18
    },
    "2019-06-30": {
        "Diluted EPS": 0.78,
        "Total Revenue": NaN,
        "Gross Profit": 98,
        "Operating Income": 57,
        "EBIT": 82,
        "Net Income": 38
    },
    "2019-03-31": {
        "Diluted EPS": 0.74,
        "Total Revenue": NaN,
        "Gross Profit": 95,
        "Operating Income": 41,
        "EBIT": 66,
        "Net Income": 36
    },
    "2018-12-31": {
        "Diluted EPS": -0.7,
        "Total Revenue": NaN,
        "Gross Profit": 49,
        "Operating Income": -20,
        "EBIT": 8,
        "Net Income": -34
    },
    "2018-09-30": {
        "Diluted EPS": -0.44,
        "Total Revenue": NaN,
        "Gross Profit": 53,
        "Operating Income": -11,
        "EBIT": 17,
        "Net Income": -22
    },
    "2018-06-30": {
        "Diluted EPS": -0.16,
        "Total Revenue": NaN,
        "Gross Profit": 78,
        "Operating Income": 14,
        "EBIT": 37,
        "Net Income": -8
    },
    "2018-03-31": {
        "Diluted EPS": 0.85,
        "Total Revenue": NaN,
        "Gross Profit": 107,
        "Operating Income": 57,
        "EBIT": 78,
        "Net Income": 42
    },
    "2017-12-31": {
        "Diluted EPS": -0.1,
        "Total Revenue": 954,
        "Gross Profit": 51,
        "Operating Income": 3,
        "EBIT": 23,
        "Net Income": -6
    },
    "2017-09-30": {
        "Diluted EPS": 0.23,
        "Total Revenue": 953,
        "Gross Profit": 58,
        "Operating Income": 17,
        "EBIT": 37,
        "Net Income": 12
    },
    "2017-06-30": {
        "Diluted EPS": 1.36,
        "Total Revenue": NaN,
        "Gross Profit": 123,
        "Operating Income": 80,
        "EBIT": 100,
        "Net Income": 69
    },
    "2017-03-31": {
        "Diluted EPS": 0.9,
        "Total Revenue": NaN,
        "Gross Profit": 99,
        "Operating Income": 54,
        "EBIT": 74,
        "Net Income": 46
    },
    "2016-12-31": {
        "Diluted EPS": 0.22,
        "Total Revenue": 955,
        "Gross Profit": 57,
        "Operating Income": 3,
        "EBIT": 24,
        "Net Income": 12
    },
    "2016-09-30": {
        "Diluted EPS": 0.68,
        "Total Revenue": 950,
        "Gross Profit": 119,
        "Operating Income": 44,
        "EBIT": 64,
        "Net Income": 35
    },
    "2016-06-30": {
        "Diluted EPS": 1.86,
        "Total Revenue": NaN,
        "Gross Profit": 145,
        "Operating Income": 107,
        "EBIT": 126,
        "Net Income": 96
    },
    "2016-03-31": {
        "Diluted EPS": 1.57,
        "Total Revenue": NaN,
        "Gross Profit": 141,
        "Operating Income": 91,
        "EBIT": 110,
        "Net Income": 82
    },
    "2015-12-31": {
        "Diluted EPS": -1.38,
        "Total Revenue": 978,
        "Gross Profit": 45,
        "Operating Income": -73,
        "EBIT": -54,
        "Net Income": -73
    },
    "2015-09-30": {
        "Diluted EPS": 0.54,
        "Total Revenue": 936,
        "Gross Profit": 83,
        "Operating Income": 34,
        "EBIT": 52,
        "Net Income": 29
    },
    "2015-06-30": {
        "Diluted EPS": 1.21,
        "Total Revenue": NaN,
        "Gross Profit": 114,
        "Operating Income": 74,
        "EBIT": 92,
        "Net Income": 65
    },
    "2015-03-31": {
        "Diluted EPS": 0.8,
        "Total Revenue": NaN,
        "Gross Profit": 100,
        "Operating Income": 56,
        "EBIT": 75,
        "Net Income": 43
    },
    "2014-12-31": {
        "Diluted EPS": -0.01,
        "Total Revenue": 929,
        "Gross Profit": 63,
        "Operating Income": 4,
        "EBIT": 23,
        "Net Income": 0
    },
    "2014-09-30": {
        "Diluted EPS": 0.35,
        "Total Revenue": 885,
        "Gross Profit": 74,
        "Operating Income": 29,
        "EBIT": 48,
        "Net Income": 20
    },
    "2014-06-30": {
        "Diluted EPS": 1.15,
        "Total Revenue": NaN,
        "Gross Profit": 122,
        "Operating Income": 75,
        "EBIT": 94,
        "Net Income": 64
    },
    "2014-03-31": {
        "Diluted EPS": 1.04,
        "Total Revenue": 982,
        "Gross Profit": 107,
        "Operating Income": 65,
        "EBIT": 83,
        "Net Income": 59
    },
    "2013-12-31": {
        "Diluted EPS": -2.53,
        "Total Revenue": 880,
        "Gross Profit": 33,
        "Operating Income": -140,
        "EBIT": -122,
        "Net Income": -144
    },
    "2013-09-30": {
        "Diluted EPS": 0.11,
        "Total Revenue": 861,
        "Gross Profit": 53,
        "Operating Income": 7,
        "EBIT": 25,
        "Net Income": 6
    },
    "2013-06-30": {
        "Diluted EPS": 1.1,
        "Total Revenue": NaN,
        "Gross Profit": 106,
        "Operating Income": 51,
        "EBIT": 69,
        "Net Income": 62
    },
    "2013-03-31": {
        "Diluted EPS": 0.71,
        "Total Revenue": 919,
        "Gross Profit": 99,
        "Operating Income": 54,
        "EBIT": 71,
        "Net Income": 41
    },
    "2012-12-31": {
        "Diluted EPS": -0.01,
        "Total Revenue": 777,
        "Gross Profit": 39,
        "Operating Income": -2,
        "EBIT": 16,
        "Net Income": 0
    },
    "2012-09-30": {
        "Diluted EPS": 0.4,
        "Total Revenue": 789,
        "Gross Profit": 74,
        "Operating Income": 28,
        "EBIT": 45,
        "Net Income": 24
    },
    "2012-06-30": {
        "Diluted EPS": 0.99,
        "Total Revenue": 958,
        "Gross Profit": 116,
        "Operating Income": 70,
        "EBIT": 88,
        "Net Income": 57
    },
    "2012-03-31": {
        "Diluted EPS": 1.08,
        "Total Revenue": 898,
        "Gross Profit": 112,
        "Operating Income": 66,
        "EBIT": 84,
        "Net Income": 63
    },
    "2011-12-31": {
        "Diluted EPS": -0.17,
        "Total Revenue": 781,
        "Gross Profit": 31,
        "Operating Income": -21,
        "EBIT": -2,
        "Net Income": -10
    },
    "2011-09-30": {
        "Diluted EPS": 0.21,
        "Total Revenue": 795,
        "Gross Profit": 63,
        "Operating Income": 17,
        "EBIT": 37,
        "Net Income": 12
    },
    "2011-06-30": {
        "Diluted EPS": 0.59,
        "Total Revenue": NaN,
        "Gross Profit": 103,
        "Operating Income": 45,
        "EBIT": 64,
        "Net Income": 35
    },
    "2011-03-31": {
        "Diluted EPS": 0.93,
        "Total Revenue": 974,
        "Gross Profit": 123,
        "Operating Income": 75,
        "EBIT": 94,
        "Net Income": 55
    },
    "2010-12-31": {
        "Diluted EPS": -0.13,
        "Total Revenue": 817,
        "Gross Profit": 40,
        "Operating Income": -13,
        "EBIT": 7,
        "Net Income": -10
    },
    "2010-09-30": {
        "Diluted EPS": 0.24,
        "Total Revenue": 793,
        "Gross Profit": 52,
        "Operating Income": 16,
        "EBIT": 36,
        "Net Income": 15
    },
    "2010-06-30": {
        "Diluted EPS": 0.34,
        "Total Revenue": NaN,
        "Gross Profit": 83,
        "Operating Income": 20,
        "EBIT": 41,
        "Net Income": 21
    },
    "2010-03-31": {
        "Diluted EPS": 0.57,
        "Total Revenue": 943,
        "Gross Profit": 98,
        "Operating Income": 55,
        "EBIT": 76,
        "Net Income": 36
    },
    "2009-12-31": {
        "Diluted EPS": 0.44,
        "Total Revenue": 872,
        "Gross Profit": 67,
        "Operating Income": 34,
        "EBIT": 55,
        "Net Income": 28
    },
    "2009-09-30": {
        "Diluted EPS": 0.45,
        "Total Revenue": 766,
        "Gross Profit": 69,
        "Operating Income": 18,
        "EBIT": 40,
        "Net Income": 29
    },
    "2009-06-30": {
        "Diluted EPS": 0.82,
        "Total Revenue": 978,
        "Gross Profit": 91,
        "Operating Income": 49,
        "EBIT": 72,
        "Net Income": 52
    },
    "2009-03-31": {
        "Diluted EPS": 0.55,
        "Total Revenue": 880,
        "Gross Profit": 84,
        "Operating Income": 47,
        "EBIT": 68,
        "Net Income": 35
    },
    "2023-09-30": {
        "Tax Effect Of Unusual Items": NaN,
        "Tax Rate For Calcs": NaN,
        "Normalized EBITDA": NaN,
        "Total Unusual Items": NaN,
        "Total Unusual Items Excluding Goodwill": NaN,
        "Net Income From Continuing Operation Net Minority Interest": NaN,
        "Reconciled Depreciation": NaN,
        "Reconciled Cost Of Revenue": NaN,
        "EBITDA": NaN,
        "EBIT": NaN,
        "Net Interest Income": NaN,
        "Interest Expense": NaN,
        "Interest Income": NaN,
        "Normalized Income": NaN,
        "Net Income From Continuing And Discontinued Operation": NaN,
        "Total Expenses": NaN,
        "Total Operating Income As Reported": NaN,
        "Diluted Average Shares": NaN,
        "Basic Average Shares": NaN,
        "Diluted EPS": NaN,
        "Basic EPS": NaN,
        "Diluted NI Availto Com Stockholders": NaN,
        "Net Income Common Stockholders": NaN,
        "Net Income": NaN,
        "Minority Interests": NaN,
        "Net Income Including Noncontrolling Interests": NaN,
        "Net Income Continuous Operations": NaN,
        "Tax Provision": NaN,
        "Pretax Income": NaN,
        "Other Income Expense": NaN,
        "Other Non Operating Income Expenses": NaN,
        "Special Income Charges": NaN,
        "Gain On Sale Of Ppe": NaN,
        "Write Off": 2500000.0,
        "Impairment Of Capital Assets": 5300000.0,
        "Restructuring And Mergern Acquisition": -2800000.0,
        "Net Non Operating Interest Income Expense": NaN,
        "Interest Expense Non Operating": NaN,
        "Interest Income Non Operating": NaN,
        "Operating Income": NaN,
        "Operating Expense": NaN,
        "Selling General And Administration": NaN,
        "Gross Profit": NaN,
        "Cost Of Revenue": NaN,
        "Total Revenue": NaN,
        "Operating Revenue": NaN
    },
    "2023-12-31": {
        "Tax Effect Of Unusual Items": NaN,
        "Tax Rate For Calcs": NaN,
        "Normalized EBITDA": NaN,
        "Total Unusual Items": NaN,
        "Total Unusual Items Excluding Goodwill": NaN,
        "Net Income From Continuing Operation Net Minority Interest": NaN,
        "Reconciled Depreciation": NaN,
        "Reconciled Cost Of Revenue": NaN,
        "EBITDA": NaN,
        "EBIT": NaN,
        "Net Interest Income": NaN,
        "Interest Expense": NaN,
        "Interest Income": NaN,
        "Normalized Income": NaN,
        "Net Income From Continuing And Discontinued Operation": NaN,
        "Total Expenses": NaN,
        "Total Operating Income As Reported": NaN,
        "Diluted Average Shares": NaN,
        "Basic Average Shares": NaN,
        "Diluted EPS": NaN,
        "Basic EPS": NaN,
        "Diluted NI Availto Com Stockholders": NaN,
        "Net Income Common Stockholders": NaN,
        "Net Income": NaN,
        "Minority Interests": NaN,
        "Net Income Including Noncontrolling Interests": NaN,
        "Net Income Continuous Operations": NaN,
        "Tax Provision": NaN,
        "Pretax Income": NaN,
        "Other Income Expense": NaN,
        "Other Non Operating Income Expenses": NaN,
        "Special Income Charges": NaN,
        "Gain On Sale Of Ppe": NaN,
        "Write Off": 133900000.0,
        "Impairment Of Capital Assets": NaN,
        "Restructuring And Mergern Acquisition": NaN,
        "Net Non Operating Interest Income Expense": NaN,
        "Interest Expense Non Operating": NaN,
        "Interest Income Non Operating": NaN,
        "Operating Income": NaN,
        "Operating Expense": NaN,
        "Selling General And Administration": NaN,
        "Gross Profit": NaN,
        "Cost Of Revenue": NaN,
        "Total Revenue": NaN,
        "Operating Revenue": NaN
    },
    "2024-03-31": {
        "Tax Effect Of Unusual Items": NaN,
        "Tax Rate For Calcs": NaN,
        "Normalized EBITDA": NaN,
        "Total Unusual Items": NaN,
        "Total Unusual Items Excluding Goodwill": NaN,
        "Net Income From Continuing Operation Net Minority Interest": NaN,
        "Reconciled Depreciation": NaN,
        "Reconciled Cost Of Revenue": NaN,
        "EBITDA": NaN,
        "EBIT": NaN,
        "Net Interest Income": NaN,
        "Interest Expense": NaN,
        "Interest Income": NaN,
        "Normalized Income": NaN,
        "Net Income From Continuing And Discontinued Operation": NaN,
        "Total Expenses": NaN,
        "Total Operating Income As Reported": NaN,
        "Diluted Average Shares": NaN,
        "Basic Average Shares": NaN,
        "Diluted EPS": NaN,
        "Basic EPS": NaN,
        "Diluted NI Availto Com Stockholders": NaN,
        "Net Income Common Stockholders": NaN,
        "Net Income": NaN,
        "Minority Interests": NaN,
        "Net Income Including Noncontrolling Interests": NaN,
        "Net Income Continuous Operations": NaN,
        "Tax Provision": NaN,
        "Pretax Income": NaN,
        "Other Income Expense": NaN,
        "Other Non Operating Income Expenses": NaN,
        "Special Income Charges": NaN,
        "Gain On Sale Of Ppe": NaN,
        "Write Off": 2300000.0,
        "Impairment Of Capital Assets": NaN,
        "Restructuring And Mergern Acquisition": NaN,
        "Net Non Operating Interest Income Expense": NaN,
        "Interest Expense Non Operating": NaN,
        "Interest Income Non Operating": NaN,
        "Operating Income": NaN,
        "Operating Expense": NaN,
        "Selling General And Administration": NaN,
        "Gross Profit": NaN,
        "Cost Of Revenue": NaN,
        "Total Revenue": NaN,
        "Operating Revenue": NaN
    },
    "2024-06-30": {
        "Tax Effect Of Unusual Items": 918750.0,
        "Tax Rate For Calcs": 0.1875,
        "Normalized EBITDA": 85600000.0,
        "Total Unusual Items": 4900000.0,
        "Total Unusual Items Excluding Goodwill": 4900000.0,
        "Net Income From Continuing Operation Net Minority Interest": 53600000.0,
        "Reconciled Depreciation": 19700000.0,
        "Reconciled Cost Of Revenue": 1026500000.0,
        "EBITDA": 90500000.0,
        "EBIT": 70800000.0,
        "Net Interest Income": -4900000.0,
        "Interest Expense": 5200000.0,
        "Interest Income": 300000.0,
        "Normalized Income": 49618750.0,
        "Net Income From Continuing And Discontinued Operation": 53600000.0,
        "Total Expenses": 1076400000.0,
        "Total Operating Income As Reported": 68200000.0,
        "Diluted Average Shares": 47975217.0,
        "Basic Average Shares": 47919451.0,
        "Diluted EPS": 1.12,
        "Basic EPS": 1.12,
        "Diluted NI Availto Com Stockholders": 53600000.0,
        "Net Income Common Stockholders": 53600000.0,
        "Net Income": 53600000.0,
        "Minority Interests": 300000.0,
        "Net Income Including Noncontrolling Interests": 53300000.0,
        "Net Income Continuous Operations": 53300000.0,
        "Tax Provision": 12300000.0,
        "Pretax Income": 65600000.0,
        "Other Income Expense": 7200000.0,
        "Other Non Operating Income Expenses": 2300000.0,
        "Special Income Charges": 4900000.0,
        "Gain On Sale Of Ppe": 3600000.0,
        "Write Off": NaN,
        "Impairment Of Capital Assets": 700000.0,
        "Restructuring And Mergern Acquisition": -2000000.0,
        "Net Non Operating Interest Income Expense": -4900000.0,
        "Interest Expense Non Operating": 5200000.0,
        "Interest Income Non Operating": 300000.0,
        "Operating Income": 63300000.0,
        "Operating Expense": 49900000.0,
        "Selling General And Administration": 49900000.0,
        "Gross Profit": 113200000.0,
        "Cost Of Revenue": 1026500000.0,
        "Total Revenue": 1139700000.0,
        "Operating Revenue": 1139700000.0
    },
    "2024-09-30": {
        "Tax Effect Of Unusual Items": 1269076.305221,
        "Tax Rate For Calcs": 0.158635,
        "Normalized EBITDA": 65700000.0,
        "Total Unusual Items": 8000000.0,
        "Total Unusual Items Excluding Goodwill": 8000000.0,
        "Net Income From Continuing Operation Net Minority Interest": 42100000.0,
        "Reconciled Depreciation": 19500000.0,
        "Reconciled Cost Of Revenue": 925700000.0,
        "EBITDA": 73700000.0,
        "EBIT": 54200000.0,
        "Net Interest Income": -4200000.0,
        "Interest Expense": 4400000.0,
        "Interest Income": 200000.0,
        "Normalized Income": 35369076.305221,
        "Net Income From Continuing And Discontinued Operation": 42100000.0,
        "Total Expenses": 973600000.0,
        "Total Operating Income As Reported": 53900000.0,
        "Diluted Average Shares": 48023238.0,
        "Basic Average Shares": 47936254.0,
        "Diluted EPS": 0.88,
        "Basic EPS": 0.88,
        "Diluted NI Availto Com Stockholders": 42100000.0,
        "Net Income Common Stockholders": 42100000.0,
        "Net Income": 42100000.0,
        "Minority Interests": 200000.0,
        "Net Income Including Noncontrolling Interests": 41900000.0,
        "Net Income Continuous Operations": 41900000.0,
        "Tax Provision": 7900000.0,
        "Pretax Income": 49800000.0,
        "Other Income Expense": 8100000.0,
        "Other Non Operating Income Expenses": 100000.0,
        "Special Income Charges": 8000000.0,
        "Gain On Sale Of Ppe": 8200000.0,
        "Write Off": NaN,
        "Impairment Of Capital Assets": 0.0,
        "Restructuring And Mergern Acquisition": 200000.0,
        "Net Non Operating Interest Income Expense": -4200000.0,
        "Interest Expense Non Operating": 4400000.0,
        "Interest Income Non Operating": 200000.0,
        "Operating Income": 45900000.0,
        "Operating Expense": 47900000.0,
        "Selling General And Administration": 47900000.0,
        "Gross Profit": 93800000.0,
        "Cost Of Revenue": 925700000.0,
        "Total Revenue": 1019500000.0,
        "Operating Revenue": 1019500000.0
    },
    "2024-12-31": {
        "Tax Effect Of Unusual Items": 1449790.794979,
        "Tax Rate For Calcs": 0.146444,
        "Normalized EBITDA": 36900000.0,
        "Total Unusual Items": 9900000.0,
        "Total Unusual Items Excluding Goodwill": 9900000.0,
        "Net Income From Continuing Operation Net Minority Interest": 20400000.0,
        "Reconciled Depreciation": 19300000.0,
        "Reconciled Cost Of Revenue": 944500000.0,
        "EBITDA": 46800000.0,
        "EBIT": 27500000.0,
        "Net Interest Income": -3200000.0,
        "Interest Expense": 3600000.0,
        "Interest Income": 400000.0,
        "Normalized Income": 11949790.794979,
        "Net Income From Continuing And Discontinued Operation": 20400000.0,
        "Total Expenses": 992800000.0,
        "Total Operating Income As Reported": 30300000.0,
        "Diluted Average Shares": 48257648.0,
        "Basic Average Shares": 47939455.0,
        "Diluted EPS": 0.42,
        "Basic EPS": 0.43,
        "Diluted NI Availto Com Stockholders": 20400000.0,
        "Net Income Common Stockholders": 20400000.0,
        "Net Income": 20400000.0,
        "Minority Interests": 0.0,
        "Net Income Including Noncontrolling Interests": 20400000.0,
        "Net Income Continuous Operations": 20400000.0,
        "Tax Provision": 3500000.0,
        "Pretax Income": 23900000.0,
        "Other Income Expense": 6700000.0,
        "Other Non Operating Income Expenses": -3200000.0,
        "Special Income Charges": 9900000.0,
        "Gain On Sale Of Ppe": 12900000.0,
        "Write Off": NaN,
        "Impairment Of Capital Assets": 2900000.0,
        "Restructuring And Mergern Acquisition": 0.0,
        "Net Non Operating Interest Income Expense": -3200000.0,
        "Interest Expense Non Operating": 3600000.0,
        "Interest Income Non Operating": 400000.0,
        "Operating Income": 20400000.0,
        "Operating Expense": 48300000.0,
        "Selling General And Administration": 48300000.0,
        "Gross Profit": 68700000.0,
        "Cost Of Revenue": 944500000.0,
        "Total Revenue": 1013200000.0,
        "Operating Revenue": 1013200000.0
    },
    "2025-03-31": {
        "Tax Effect Of Unusual Items": 142268.041237,
        "Tax Rate For Calcs": 0.177835,
        "Normalized EBITDA": 59900000.0,
        "Total Unusual Items": 800000.0,
        "Total Unusual Items Excluding Goodwill": 800000.0,
        "Net Income From Continuing Operation Net Minority Interest": 31100000.0,
        "Reconciled Depreciation": 18500000.0,
        "Reconciled Cost Of Revenue": 1006200000.0,
        "EBITDA": 60700000.0,
        "EBIT": 42200000.0,
        "Net Interest Income": -3300000.0,
        "Interest Expense": 3400000.0,
        "Interest Income": 100000.0,
        "Normalized Income": 30442268.041237,
        "Net Income From Continuing And Discontinued Operation": 31100000.0,
        "Total Expenses": 1054300000.0,
        "Total Operating Income As Reported": 44900000.0,
        "Diluted Average Shares": 48268620.0,
        "Basic Average Shares": 47956338.0,
        "Diluted EPS": 0.64,
        "Basic EPS": 0.65,
        "Diluted NI Availto Com Stockholders": 31100000.0,
        "Net Income Common Stockholders": 31100000.0,
        "Net Income": 31100000.0,
        "Minority Interests": -800000.0,
        "Net Income Including Noncontrolling Interests": 31900000.0,
        "Net Income Continuous Operations": 31900000.0,
        "Tax Provision": 6900000.0,
        "Pretax Income": 38800000.0,
        "Other Income Expense": -2000000.0,
        "Other Non Operating Income Expenses": -2800000.0,
        "Special Income Charges": 800000.0,
        "Gain On Sale Of Ppe": 800000.0,
        "Write Off": 0.0,
        "Impairment Of Capital Assets": NaN,
        "Restructuring And Mergern Acquisition": NaN,
        "Net Non Operating Interest Income Expense": -3300000.0,
        "Interest Expense Non Operating": 3400000.0,
        "Interest Income Non Operating": 100000.0,
        "Operating Income": 44100000.0,
        "Operating Expense": 48100000.0,
        "Selling General And Administration": 48100000.0,
        "Gross Profit": 92200000.0,
        "Cost Of Revenue": 1006200000.0,
        "Total Revenue": 1098400000.0,
        "Operating Revenue": 1098400000.0
    },
    "2025-06-30": {
        "Tax Effect Of Unusual Items": -98601.398601,
        "Tax Rate For Calcs": 0.197203,
        "Normalized EBITDA": 93600000.0,
        "Total Unusual Items": -500000.0,
        "Total Unusual Items Excluding Goodwill": -500000.0,
        "Net Income From Continuing Operation Net Minority Interest": 56800000.0,
        "Reconciled Depreciation": 18400000.0,
        "Reconciled Cost Of Revenue": 1062400000.0,
        "EBITDA": 93100000.0,
        "EBIT": 74700000.0,
        "Net Interest Income": -3000000.0,
        "Interest Expense": 3200000.0,
        "Interest Income": 200000.0,
        "Normalized Income": 57201398.601399,
        "Net Income From Continuing And Discontinued Operation": 56800000.0,
        "Total Expenses": 1113700000.0,
        "Total Operating Income As Reported": 68300000.0,
        "Diluted Average Shares": 48172414.0,
        "Basic Average Shares": 47953982.0,
        "Diluted EPS": 1.18,
        "Basic EPS": 1.19,
        "Diluted NI Availto Com Stockholders": 56800000.0,
        "Net Income Common Stockholders": 56800000.0,
        "Net Income": 56800000.0,
        "Minority Interests": -600000.0,
        "Net Income Including Noncontrolling Interests": 57400000.0,
        "Net Income Continuous Operations": 57400000.0,
        "Tax Provision": 14100000.0,
        "Pretax Income": 71500000.0,
        "Other Income Expense": 5700000.0,
        "Other Non Operating Income Expenses": 6200000.0,
        "Special Income Charges": -500000.0,
        "Gain On Sale Of Ppe": 100000.0,
        "Write Off": NaN,
        "Impairment Of Capital Assets": 600000.0,
        "Restructuring And Mergern Acquisition": 0.0,
        "Net Non Operating Interest Income Expense": -3000000.0,
        "Interest Expense Non Operating": 3200000.0,
        "Interest Income Non Operating": 200000.0,
        "Operating Income": 68800000.0,
        "Operating Expense": 51300000.0,
        "Selling General And Administration": 51300000.0,
        "Gross Profit": 120100000.0,
        "Cost Of Revenue": 1062400000.0,
        "Total Revenue": 1182500000.0,
        "Operating Revenue": 1182500000.0
    }
}