{
    "2023-04-30": {
        "Tax Effect Of Unusual Items": NaN,
        "Tax Rate For Calcs": NaN,
        "Normalized EBITDA": NaN,
        "Total Unusual Items": NaN,
        "Total Unusual Items Excluding Goodwill": NaN,
        "Net Income From Continuing Operation Net Minority Interest": NaN,
        "Reconciled Cost Of Revenue": NaN,
        "EBITDA": NaN,
        "EBIT": NaN,
        "Net Interest Income": NaN,
        "Interest Expense": NaN,
        "Normalized Income": NaN,
        "Net Income From Continuing And Discontinued Operation": NaN,
        "Total Expenses": NaN,
        "Total Operating Income As Reported": NaN,
        "Diluted Average Shares": NaN,
        "Basic Average Shares": NaN,
        "Diluted EPS": NaN,
        "Basic EPS": NaN,
        "Diluted NI Availto Com Stockholders": NaN,
        "Net Income Common Stockholders": NaN,
        "Net Income": NaN,
        "Net Income Including Noncontrolling Interests": NaN,
        "Net Income Continuous Operations": NaN,
        "Tax Provision": NaN,
        "Pretax Income": NaN,
        "Other Income Expense": NaN,
        "Other Non Operating Income Expenses": 2000.0,
        "Gain On Sale Of Security": NaN,
        "Net Non Operating Interest Income Expense": NaN,
        "Interest Expense Non Operating": NaN,
        "Operating Income": NaN,
        "Operating Expense": NaN,
        "Research And Development": NaN,
        "Selling General And Administration": NaN,
        "Gross Profit": NaN,
        "Cost Of Revenue": NaN,
        "Total Revenue": NaN,
        "Operating Revenue": NaN
    },
    "2023-01-31": {
        "Tax Effect Of Unusual Items": NaN,
        "Tax Rate For Calcs": NaN,
        "Normalized EBITDA": NaN,
        "Total Unusual Items": NaN,
        "Total Unusual Items Excluding Goodwill": NaN,
        "Net Income From Continuing Operation Net Minority Interest": NaN,
        "Reconciled Cost Of Revenue": NaN,
        "EBITDA": NaN,
        "EBIT": NaN,
        "Net Interest Income": NaN,
        "Interest Expense": NaN,
        "Normalized Income": NaN,
        "Net Income From Continuing And Discontinued Operation": NaN,
        "Total Expenses": NaN,
        "Total Operating Income As Reported": NaN,
        "Diluted Average Shares": NaN,
        "Basic Average Shares": NaN,
        "Diluted EPS": NaN,
        "Basic EPS": NaN,
        "Diluted NI Availto Com Stockholders": NaN,
        "Net Income Common Stockholders": NaN,
        "Net Income": NaN,
        "Net Income Including Noncontrolling Interests": NaN,
        "Net Income Continuous Operations": NaN,
        "Tax Provision": NaN,
        "Pretax Income": NaN,
        "Other Income Expense": NaN,
        "Other Non Operating Income Expenses": 5000.0,
        "Gain On Sale Of Security": NaN,
        "Net Non Operating Interest Income Expense": NaN,
        "Interest Expense Non Operating": NaN,
        "Operating Income": NaN,
        "Operating Expense": NaN,
        "Research And Development": NaN,
        "Selling General And Administration": NaN,
        "Gross Profit": NaN,
        "Cost Of Revenue": NaN,
        "Total Revenue": NaN,
        "Operating Revenue": NaN
    },
    "2022-10-31": {
        "Tax Effect Of Unusual Items": 0.0,
        "Tax Rate For Calcs": 0.0,
        "Normalized EBITDA": -2283000.0,
        "Total Unusual Items": -12000.0,
        "Total Unusual Items Excluding Goodwill": -12000.0,
        "Net Income From Continuing Operation Net Minority Interest": -2314000.0,
        "Reconciled Cost Of Revenue": 8599000.0,
        "EBITDA": -2295000.0,
        "EBIT": -2295000.0,
        "Net Interest Income": -18000.0,
        "Interest Expense": 18000.0,
        "Normalized Income": -2302000.0,
        "Net Income From Continuing And Discontinued Operation": -2314000.0,
        "Total Expenses": 11232000.0,
        "Total Operating Income As Reported": -2283000.0,
        "Diluted Average Shares": 9326347.0,
        "Basic Average Shares": 9326347.0,
        "Diluted EPS": -0.25,
        "Basic EPS": -0.25,
        "Diluted NI Availto Com Stockholders": -2314000.0,
        "Net Income Common Stockholders": -2314000.0,
        "Net Income": -2314000.0,
        "Net Income Including Noncontrolling Interests": -2314000.0,
        "Net Income Continuous Operations": -2314000.0,
        "Tax Provision": 1000.0,
        "Pretax Income": -2313000.0,
        "Other Income Expense": -12000.0,
        "Other Non Operating Income Expenses": NaN,
        "Gain On Sale Of Security": -12000.0,
        "Net Non Operating Interest Income Expense": -18000.0,
        "Interest Expense Non Operating": 18000.0,
        "Operating Income": -2283000.0,
        "Operating Expense": 2633000.0,
        "Research And Development": 599000.0,
        "Selling General And Administration": 2034000.0,
        "Gross Profit": 350000.0,
        "Cost Of Revenue": 8599000.0,
        "Total Revenue": 8949000.0,
        "Operating Revenue": 8949000.0
    },
    "2022-07-31": {
        "Tax Effect Of Unusual Items": 0.0,
        "Tax Rate For Calcs": 0.4,
        "Normalized EBITDA": -3107000.0,
        "Total Unusual Items": 36000.0,
        "Total Unusual Items Excluding Goodwill": 36000.0,
        "Net Income From Continuing Operation Net Minority Interest": -3117000.0,
        "Reconciled Cost Of Revenue": 8209000.0,
        "EBITDA": -3107000.0,
        "EBIT": -3107000.0,
        "Net Interest Income": -9000.0,
        "Interest Expense": 45000.0,
        "Normalized Income": -3117000.0,
        "Net Income From Continuing And Discontinued Operation": -3117000.0,
        "Total Expenses": 11311000.0,
        "Total Operating Income As Reported": -3107000.0,
        "Diluted Average Shares": 9308000.0,
        "Basic Average Shares": 9308000.0,
        "Diluted EPS": -0.33,
        "Basic EPS": -0.33,
        "Diluted NI Availto Com Stockholders": -3117000.0,
        "Net Income Common Stockholders": -3117000.0,
        "Net Income": -3117000.0,
        "Net Income Including Noncontrolling Interests": -3117000.0,
        "Net Income Continuous Operations": -3117000.0,
        "Tax Provision": 1000.0,
        "Pretax Income": -3116000.0,
        "Other Income Expense": 36000.0,
        "Other Non Operating Income Expenses": NaN,
        "Gain On Sale Of Security": 36000.0,
        "Net Non Operating Interest Income Expense": -9000.0,
        "Total Other Finance Cost": 9000.0,
        "Interest Expense Non Operating": 45000.0,
        "Operating Income": -3107000.0,
        "Operating Expense": 3102000.0,
        "Research And Development": 1110000.0,
        "Selling General And Administration": 1992000.0,
        "Gross Profit": -5000.0,
        "Cost Of Revenue": 8209000.0,
        "Total Revenue": 8204000.0,
        "Operating Revenue": 8204000.0
    },
    "2022-04-30": {
        "Diluted EPS": -0.73,
        "Total Revenue": 10,
        "Gross Profit": -3,
        "Operating Income": -6,
        "EBIT": -6,
        "Net Income": -7
    },
    "2022-01-31": {
        "Diluted EPS": -0.08,
        "Total Revenue": 12,
        "Gross Profit": 3,
        "Operating Income": -1,
        "EBIT": -1,
        "Net Income": -1
    },
    "2021-10-31": {
        "Diluted EPS": 0.05,
        "Total Revenue": 13,
        "Gross Profit": 4,
        "Operating Income": 0,
        "EBIT": 0,
        "Net Income": 0
    },
    "2021-07-31": {
        "Diluted EPS": -0.17,
        "Total Revenue": 13,
        "Gross Profit": 4,
        "Operating Income": -2,
        "EBIT": -2,
        "Net Income": -2
    },
    "2021-04-30": {
        "Diluted EPS": 0.15,
        "Total Revenue": 16,
        "Gross Profit": 5,
        "Operating Income": 0,
        "EBIT": 0,
        "Net Income": 1
    },
    "2021-01-31": {
        "Diluted EPS": -0.09,
        "Total Revenue": 12,
        "Gross Profit": 3,
        "Operating Income": -1,
        "EBIT": -1,
        "Net Income": -1
    },
    "2020-10-31": {
        "Diluted EPS": 0.04,
        "Total Revenue": 14,
        "Gross Profit": 5,
        "Operating Income": 0,
        "EBIT": 0,
        "Net Income": 0
    },
    "2020-07-31": {
        "Diluted EPS": -0.03,
        "Total Revenue": 13,
        "Gross Profit": 4,
        "Operating Income": 0,
        "EBIT": 0,
        "Net Income": 0
    },
    "2020-04-30": {
        "Diluted EPS": -0.32,
        "Total Revenue": 10,
        "Gross Profit": 0,
        "Operating Income": -4,
        "EBIT": -4,
        "Net Income": -3
    },
    "2020-01-31": {
        "Diluted EPS": -0.17,
        "Total Revenue": 10,
        "Gross Profit": 3,
        "Operating Income": -2,
        "EBIT": -2,
        "Net Income": -2
    },
    "2019-10-31": {
        "Diluted EPS": -0.54,
        "Total Revenue": 9,
        "Gross Profit": -1,
        "Operating Income": -5,
        "EBIT": -5,
        "Net Income": -5
    },
    "2019-07-31": {
        "Diluted EPS": -0.07,
        "Total Revenue": 13,
        "Gross Profit": 4,
        "Operating Income": -1,
        "EBIT": -1,
        "Net Income": -1
    },
    "2019-04-30": {
        "Diluted EPS": -0.25,
        "Total Revenue": 13,
        "Gross Profit": 3,
        "Operating Income": -2,
        "EBIT": -2,
        "Net Income": -2
    },
    "2019-01-31": {
        "Diluted EPS": -0.04,
        "Total Revenue": 13,
        "Gross Profit": 4,
        "Operating Income": 0,
        "EBIT": 0,
        "Net Income": 0
    },
    "2018-10-31": {
        "Diluted EPS": 0.01,
        "Total Revenue": 12,
        "Gross Profit": 4,
        "Operating Income": 0,
        "EBIT": 0,
        "Net Income": 0
    },
    "2018-07-31": {
        "Diluted EPS": 0.0,
        "Total Revenue": 11,
        "Gross Profit": 4,
        "Operating Income": 0,
        "EBIT": 0,
        "Net Income": 0
    },
    "2018-04-30": {
        "Diluted EPS": -1.41,
        "Total Revenue": 7,
        "Gross Profit": 1,
        "Operating Income": -3,
        "EBIT": -3,
        "Net Income": -13
    },
    "2018-01-31": {
        "Diluted EPS": -1.18,
        "Total Revenue": 11,
        "Gross Profit": -3,
        "Operating Income": -7,
        "EBIT": -7,
        "Net Income": -10
    },
    "2017-10-31": {
        "Diluted EPS": -0.17,
        "Total Revenue": 9,
        "Gross Profit": 2,
        "Operating Income": -2,
        "EBIT": -2,
        "Net Income": -1
    },
    "2017-07-31": {
        "Diluted EPS": 0.07,
        "Total Revenue": 12,
        "Gross Profit": 5,
        "Operating Income": 0,
        "EBIT": 0,
        "Net Income": 1
    },
    "2017-04-30": {
        "Diluted EPS": -0.39,
        "Total Revenue": 16,
        "Gross Profit": 0,
        "Operating Income": -5,
        "EBIT": -5,
        "Net Income": -3
    },
    "2017-01-31": {
        "Diluted EPS": 0.04,
        "Total Revenue": 11,
        "Gross Profit": 3,
        "Operating Income": -1,
        "EBIT": -1,
        "Net Income": 0
    },
    "2016-10-31": {
        "Diluted EPS": -0.12,
        "Total Revenue": 11,
        "Gross Profit": 4,
        "Operating Income": -1,
        "EBIT": -1,
        "Net Income": -1
    },
    "2016-07-31": {
        "Diluted EPS": -0.08,
        "Total Revenue": 12,
        "Gross Profit": 4,
        "Operating Income": 0,
        "EBIT": 0,
        "Net Income": -1
    },
    "2016-04-30": {
        "Diluted EPS": -0.01,
        "Total Revenue": 9,
        "Gross Profit": 4,
        "Operating Income": 1,
        "EBIT": 1,
        "Net Income": 0
    },
    "2016-01-31": {
        "Diluted EPS": 0.03,
        "Total Revenue": 13,
        "Gross Profit": 5,
        "Operating Income": 0,
        "EBIT": 0,
        "Net Income": 0
    },
    "2015-10-31": {
        "Diluted EPS": -0.01,
        "Total Revenue": 16,
        "Gross Profit": 5,
        "Operating Income": 0,
        "EBIT": 0,
        "Net Income": 0
    },
    "2015-07-31": {
        "Diluted EPS": 0.1,
        "Total Revenue": 17,
        "Gross Profit": 6,
        "Operating Income": 1,
        "EBIT": 1,
        "Net Income": 1
    },
    "2015-04-30": {
        "Diluted EPS": -0.01,
        "Total Revenue": 19,
        "Gross Profit": 5,
        "Operating Income": 0,
        "EBIT": 0,
        "Net Income": 0
    },
    "2015-01-31": {
        "Diluted EPS": 0.1,
        "Total Revenue": 18,
        "Gross Profit": 6,
        "Operating Income": 1,
        "EBIT": 1,
        "Net Income": 1
    },
    "2014-10-31": {
        "Diluted EPS": 0.15,
        "Total Revenue": 19,
        "Gross Profit": 7,
        "Operating Income": 2,
        "EBIT": 2,
        "Net Income": 1
    },
    "2014-07-31": {
        "Diluted EPS": 0.08,
        "Total Revenue": 20,
        "Gross Profit": 6,
        "Operating Income": 1,
        "EBIT": 1,
        "Net Income": 1
    },
    "2014-04-30": {
        "Diluted EPS": 0.08,
        "Total Revenue": 19,
        "Gross Profit": 6,
        "Operating Income": 1,
        "EBIT": 1,
        "Net Income": 1
    },
    "2014-01-31": {
        "Diluted EPS": 0.14,
        "Total Revenue": 18,
        "Gross Profit": 6,
        "Operating Income": 1,
        "EBIT": 1,
        "Net Income": 1
    },
    "2013-10-31": {
        "Diluted EPS": 0.16,
        "Total Revenue": 17,
        "Gross Profit": 6,
        "Operating Income": 1,
        "EBIT": 1,
        "Net Income": 1
    },
    "2013-07-31": {
        "Diluted EPS": 0.08,
        "Total Revenue": 17,
        "Gross Profit": 6,
        "Operating Income": 1,
        "EBIT": 1,
        "Net Income": 1
    },
    "2013-04-30": {
        "Diluted EPS": -0.01,
        "Total Revenue": 18,
        "Gross Profit": 6,
        "Operating Income": 0,
        "EBIT": 0,
        "Net Income": 0
    },
    "2013-01-31": {
        "Diluted EPS": 0.18,
        "Total Revenue": 17,
        "Gross Profit": 7,
        "Operating Income": 2,
        "EBIT": 2,
        "Net Income": 2
    },
    "2012-10-31": {
        "Diluted EPS": 0.17,
        "Total Revenue": 18,
        "Gross Profit": 7,
        "Operating Income": 2,
        "EBIT": 2,
        "Net Income": 1
    },
    "2012-07-31": {
        "Diluted EPS": 0.09,
        "Total Revenue": 17,
        "Gross Profit": 6,
        "Operating Income": 1,
        "EBIT": 1,
        "Net Income": 1
    },
    "2012-04-30": {
        "Diluted EPS": 0.48,
        "Total Revenue": 17,
        "Gross Profit": 6,
        "Operating Income": 1,
        "EBIT": 1,
        "Net Income": 4
    },
    "2012-01-31": {
        "Diluted EPS": 0.13,
        "Total Revenue": 15,
        "Gross Profit": 6,
        "Operating Income": 2,
        "EBIT": 2,
        "Net Income": 1
    },
    "2011-10-31": {
        "Diluted EPS": 0.09,
        "Total Revenue": 15,
        "Gross Profit": 6,
        "Operating Income": 2,
        "EBIT": 2,
        "Net Income": 1
    },
    "2011-07-31": {
        "Diluted EPS": 0.16,
        "Total Revenue": 16,
        "Gross Profit": 6,
        "Operating Income": 2,
        "EBIT": 2,
        "Net Income": 1
    },
    "2011-04-30": {
        "Diluted EPS": 0.56,
        "Total Revenue": 16,
        "Gross Profit": 6,
        "Operating Income": 1,
        "EBIT": 1,
        "Net Income": 5
    },
    "2011-01-31": {
        "Diluted EPS": 0.06,
        "Total Revenue": 13,
        "Gross Profit": 5,
        "Operating Income": 1,
        "EBIT": 1,
        "Net Income": 1
    },
    "2010-10-31": {
        "Diluted EPS": 0.04,
        "Total Revenue": 13,
        "Gross Profit": 5,
        "Operating Income": 1,
        "EBIT": 1,
        "Net Income": 0
    },
    "2010-07-31": {
        "Diluted EPS": 0.06,
        "Total Revenue": 12,
        "Gross Profit": 5,
        "Operating Income": 1,
        "EBIT": 1,
        "Net Income": 1
    },
    "2010-04-30": {
        "Diluted EPS": 0.02,
        "Total Revenue": 13,
        "Gross Profit": 5,
        "Operating Income": 1,
        "EBIT": 1,
        "Net Income": 0
    },
    "2010-01-31": {
        "Diluted EPS": 0.25,
        "Total Revenue": 13,
        "Gross Profit": 4,
        "Operating Income": 0,
        "EBIT": 0,
        "Net Income": 2
    },
    "2009-10-31": {
        "Diluted EPS": -0.02,
        "Total Revenue": 11,
        "Gross Profit": 4,
        "Operating Income": 0,
        "EBIT": 0,
        "Net Income": 0
    },
    "2009-07-31": {
        "Diluted EPS": 0.08,
        "Total Revenue": 12,
        "Gross Profit": 4,
        "Operating Income": 1,
        "EBIT": 1,
        "Net Income": 1
    },
    "2009-04-30": {
        "Diluted EPS": -1.14,
        "Total Revenue": 12,
        "Gross Profit": 1,
        "Operating Income": -3,
        "EBIT": -3,
        "Net Income": -9
    },
    "2009-01-31": {
        "Diluted EPS": 0.01,
        "Total Revenue": 13,
        "Gross Profit": 3,
        "Operating Income": 0,
        "EBIT": 0,
        "Net Income": 0
    },
    "2023-07-31": {
        "Tax Effect Of Unusual Items": 68.326013,
        "Tax Rate For Calcs": 0.003416,
        "Normalized EBITDA": 2060000.0,
        "Total Unusual Items": 20000.0,
        "Total Unusual Items Excluding Goodwill": 20000.0,
        "Net Income From Continuing Operation Net Minority Interest": 2042000.0,
        "Reconciled Cost Of Revenue": 7540000.0,
        "EBITDA": 2080000.0,
        "EBIT": 2080000.0,
        "Net Interest Income": -31000.0,
        "Interest Expense": 31000.0,
        "Normalized Income": 2022068.326013,
        "Net Income From Continuing And Discontinued Operation": 2042000.0,
        "Total Expenses": 10348000.0,
        "Total Operating Income As Reported": 2060000.0,
        "Diluted Average Shares": 9384000.0,
        "Basic Average Shares": 9384000.0,
        "Diluted EPS": 0.22,
        "Basic EPS": 0.22,
        "Diluted NI Availto Com Stockholders": 2042000.0,
        "Net Income Common Stockholders": 2042000.0,
        "Net Income": 2042000.0,
        "Net Income Including Noncontrolling Interests": 2042000.0,
        "Net Income Continuous Operations": 2042000.0,
        "Tax Provision": 7000.0,
        "Pretax Income": 2049000.0,
        "Other Income Expense": 20000.0,
        "Other Non Operating Income Expenses": NaN,
        "Gain On Sale Of Security": 20000.0,
        "Net Non Operating Interest Income Expense": -31000.0,
        "Interest Expense Non Operating": 31000.0,
        "Operating Income": 2060000.0,
        "Operating Expense": 2808000.0,
        "Research And Development": 506000.0,
        "Selling General And Administration": 2302000.0,
        "Gross Profit": 4868000.0,
        "Cost Of Revenue": 7540000.0,
        "Total Revenue": 12408000.0,
        "Operating Revenue": 12408000.0
    },
    "2023-10-31": {
        "Tax Effect Of Unusual Items": -742.0,
        "Tax Rate For Calcs": 0.007,
        "Normalized EBITDA": 938000.0,
        "Total Unusual Items": -106000.0,
        "Total Unusual Items Excluding Goodwill": -106000.0,
        "Net Income From Continuing Operation Net Minority Interest": 797000.0,
        "Reconciled Cost Of Revenue": 9245000.0,
        "EBITDA": 832000.0,
        "EBIT": 832000.0,
        "Net Interest Income": -29000.0,
        "Interest Expense": 29000.0,
        "Normalized Income": 902258.0,
        "Net Income From Continuing And Discontinued Operation": 797000.0,
        "Total Expenses": 12637000.0,
        "Total Operating Income As Reported": 938000.0,
        "Diluted Average Shares": 9399000.0,
        "Basic Average Shares": 9399000.0,
        "Diluted EPS": 0.08,
        "Basic EPS": 0.08,
        "Diluted NI Availto Com Stockholders": 797000.0,
        "Net Income Common Stockholders": 797000.0,
        "Net Income": 797000.0,
        "Net Income Including Noncontrolling Interests": 797000.0,
        "Net Income Continuous Operations": 797000.0,
        "Tax Provision": 6000.0,
        "Pretax Income": 803000.0,
        "Other Income Expense": -106000.0,
        "Other Non Operating Income Expenses": NaN,
        "Gain On Sale Of Security": -106000.0,
        "Net Non Operating Interest Income Expense": -29000.0,
        "Interest Expense Non Operating": 29000.0,
        "Operating Income": 938000.0,
        "Operating Expense": 3392000.0,
        "Research And Development": 840000.0,
        "Selling General And Administration": 2552000.0,
        "Gross Profit": 4330000.0,
        "Cost Of Revenue": 9245000.0,
        "Total Revenue": 13575000.0,
        "Operating Revenue": 13575000.0
    },
    "2024-01-31": {
        "Tax Effect Of Unusual Items": NaN,
        "Tax Rate For Calcs": NaN,
        "Normalized EBITDA": NaN,
        "Total Unusual Items": NaN,
        "Total Unusual Items Excluding Goodwill": NaN,
        "Net Income From Continuing Operation Net Minority Interest": NaN,
        "Reconciled Cost Of Revenue": NaN,
        "EBITDA": NaN,
        "EBIT": NaN,
        "Net Interest Income": NaN,
        "Interest Expense": NaN,
        "Normalized Income": NaN,
        "Net Income From Continuing And Discontinued Operation": NaN,
        "Total Expenses": NaN,
        "Total Operating Income As Reported": NaN,
        "Diluted Average Shares": 9440000.0,
        "Basic Average Shares": 9440000.0,
        "Diluted EPS": 0.01,
        "Basic EPS": 0.01,
        "Diluted NI Availto Com Stockholders": NaN,
        "Net Income Common Stockholders": NaN,
        "Net Income": NaN,
        "Net Income Including Noncontrolling Interests": NaN,
        "Net Income Continuous Operations": NaN,
        "Tax Provision": NaN,
        "Pretax Income": NaN,
        "Other Income Expense": NaN,
        "Other Non Operating Income Expenses": NaN,
        "Gain On Sale Of Security": NaN,
        "Net Non Operating Interest Income Expense": NaN,
        "Interest Expense Non Operating": NaN,
        "Operating Income": NaN,
        "Operating Expense": NaN,
        "Research And Development": NaN,
        "Selling General And Administration": NaN,
        "Gross Profit": NaN,
        "Cost Of Revenue": NaN,
        "Total Revenue": NaN,
        "Operating Revenue": NaN
    },
    "2024-04-30": {
        "Tax Effect Of Unusual Items": 2520.0,
        "Tax Rate For Calcs": 0.21,
        "Normalized EBITDA": 2487000.0,
        "Total Unusual Items": 12000.0,
        "Total Unusual Items Excluding Goodwill": 12000.0,
        "Net Income From Continuing Operation Net Minority Interest": 2625000.0,
        "Reconciled Cost Of Revenue": 9295000.0,
        "EBITDA": 2499000.0,
        "EBIT": 2499000.0,
        "Net Interest Income": -23000.0,
        "Interest Expense": 23000.0,
        "Normalized Income": 2615520.0,
        "Net Income From Continuing And Discontinued Operation": 2625000.0,
        "Total Expenses": 13082000.0,
        "Total Operating Income As Reported": 2494000.0,
        "Diluted Average Shares": NaN,
        "Basic Average Shares": NaN,
        "Diluted EPS": NaN,
        "Basic EPS": NaN,
        "Diluted NI Availto Com Stockholders": 2625000.0,
        "Net Income Common Stockholders": 2625000.0,
        "Net Income": 2625000.0,
        "Net Income Including Noncontrolling Interests": 2625000.0,
        "Net Income Continuous Operations": 2625000.0,
        "Tax Provision": -149000.0,
        "Pretax Income": 2476000.0,
        "Other Income Expense": 5000.0,
        "Other Non Operating Income Expenses": NaN,
        "Gain On Sale Of Security": 12000.0,
        "Net Non Operating Interest Income Expense": -23000.0,
        "Interest Expense Non Operating": 23000.0,
        "Operating Income": 2494000.0,
        "Operating Expense": 3787000.0,
        "Research And Development": 1076000.0,
        "Selling General And Administration": 2711000.0,
        "Gross Profit": 6281000.0,
        "Cost Of Revenue": 9295000.0,
        "Total Revenue": 15576000.0,
        "Operating Revenue": 15576000.0
    },
    "2024-07-31": {
        "Tax Effect Of Unusual Items": 11623.878268,
        "Tax Rate For Calcs": 0.051892,
        "Normalized EBITDA": 2365000.0,
        "Total Unusual Items": 224000.0,
        "Total Unusual Items Excluding Goodwill": 224000.0,
        "Net Income From Continuing Operation Net Minority Interest": 2430000.0,
        "Reconciled Cost Of Revenue": 8379000.0,
        "EBITDA": 2589000.0,
        "EBIT": 2589000.0,
        "Net Interest Income": -26000.0,
        "Interest Expense": 26000.0,
        "Normalized Income": 2217623.878268,
        "Net Income From Continuing And Discontinued Operation": 2430000.0,
        "Total Expenses": 12712000.0,
        "Total Operating Income As Reported": 2365000.0,
        "Diluted Average Shares": 9538000.0,
        "Basic Average Shares": 9538000.0,
        "Diluted EPS": 0.25,
        "Basic EPS": 0.25,
        "Diluted NI Availto Com Stockholders": 2430000.0,
        "Net Income Common Stockholders": 2430000.0,
        "Net Income": 2430000.0,
        "Net Income Including Noncontrolling Interests": 2430000.0,
        "Net Income Continuous Operations": 2430000.0,
        "Tax Provision": 133000.0,
        "Pretax Income": 2563000.0,
        "Other Income Expense": 224000.0,
        "Other Non Operating Income Expenses": NaN,
        "Gain On Sale Of Security": 224000.0,
        "Net Non Operating Interest Income Expense": -26000.0,
        "Interest Expense Non Operating": 26000.0,
        "Operating Income": 2365000.0,
        "Operating Expense": 4333000.0,
        "Research And Development": 1488000.0,
        "Selling General And Administration": 2845000.0,
        "Gross Profit": 6698000.0,
        "Cost Of Revenue": 8379000.0,
        "Total Revenue": 15077000.0,
        "Operating Revenue": 15077000.0
    },
    "2024-10-31": {
        "Tax Effect Of Unusual Items": 10150.0,
        "Tax Rate For Calcs": 0.05,
        "Normalized EBITDA": 2617000.0,
        "Total Unusual Items": 203000.0,
        "Total Unusual Items Excluding Goodwill": 203000.0,
        "Net Income From Continuing Operation Net Minority Interest": 2654000.0,
        "Reconciled Cost Of Revenue": 8201000.0,
        "EBITDA": 2820000.0,
        "EBIT": 2820000.0,
        "Net Interest Income": -27000.0,
        "Interest Expense": 27000.0,
        "Normalized Income": 2461150.0,
        "Net Income From Continuing And Discontinued Operation": 2654000.0,
        "Total Expenses": 13202000.0,
        "Total Operating Income As Reported": 2618000.0,
        "Diluted Average Shares": 9585000.0,
        "Basic Average Shares": 9585000.0,
        "Diluted EPS": 0.28,
        "Basic EPS": 0.28,
        "Diluted NI Availto Com Stockholders": 2654000.0,
        "Net Income Common Stockholders": 2654000.0,
        "Net Income": 2654000.0,
        "Net Income Including Noncontrolling Interests": 2654000.0,
        "Net Income Continuous Operations": 2654000.0,
        "Tax Provision": 139000.0,
        "Pretax Income": 2793000.0,
        "Other Income Expense": 202000.0,
        "Other Non Operating Income Expenses": -1000.0,
        "Gain On Sale Of Security": 203000.0,
        "Net Non Operating Interest Income Expense": -27000.0,
        "Interest Expense Non Operating": 27000.0,
        "Operating Income": 2618000.0,
        "Operating Expense": 5001000.0,
        "Research And Development": 1613000.0,
        "Selling General And Administration": 3388000.0,
        "Gross Profit": 7619000.0,
        "Cost Of Revenue": 8201000.0,
        "Total Revenue": 15820000.0,
        "Operating Revenue": 15820000.0
    },
    "2025-01-31": {
        "Tax Effect Of Unusual Items": 28980.0,
        "Tax Rate For Calcs": 0.21,
        "Normalized EBITDA": 3469000.0,
        "Total Unusual Items": 138000.0,
        "Total Unusual Items Excluding Goodwill": 138000.0,
        "Net Income From Continuing Operation Net Minority Interest": 15405000.0,
        "Reconciled Cost Of Revenue": 10642000.0,
        "EBITDA": 3607000.0,
        "EBIT": 3607000.0,
        "Net Interest Income": -26000.0,
        "Interest Expense": 26000.0,
        "Normalized Income": 15295980.0,
        "Net Income From Continuing And Discontinued Operation": 15405000.0,
        "Total Expenses": 15458000.0,
        "Total Operating Income As Reported": 3469000.0,
        "Diluted Average Shares": 9632000.0,
        "Basic Average Shares": 9632000.0,
        "Diluted EPS": 1.6,
        "Basic EPS": 1.6,
        "Diluted NI Availto Com Stockholders": 15405000.0,
        "Net Income Common Stockholders": 15405000.0,
        "Net Income": 15405000.0,
        "Net Income Including Noncontrolling Interests": 15405000.0,
        "Net Income Continuous Operations": 15405000.0,
        "Tax Provision": -11824000.0,
        "Pretax Income": 3581000.0,
        "Other Income Expense": 138000.0,
        "Other Non Operating Income Expenses": NaN,
        "Gain On Sale Of Security": 138000.0,
        "Net Non Operating Interest Income Expense": -26000.0,
        "Interest Expense Non Operating": 26000.0,
        "Operating Income": 3469000.0,
        "Operating Expense": 4816000.0,
        "Research And Development": 1436000.0,
        "Selling General And Administration": 3380000.0,
        "Gross Profit": 8285000.0,
        "Cost Of Revenue": 10642000.0,
        "Total Revenue": 18927000.0,
        "Operating Revenue": 18927000.0
    },
    "2025-04-30": {
        "Tax Effect Of Unusual Items": -140.318054,
        "Tax Rate For Calcs": 0.003118,
        "Normalized EBITDA": 3277000.0,
        "Total Unusual Items": -45000.0,
        "Total Unusual Items Excluding Goodwill": -45000.0,
        "Net Income From Continuing Operation Net Minority Interest": 3197000.0,
        "Reconciled Cost Of Revenue": 12492000.0,
        "EBITDA": 3232000.0,
        "EBIT": 3232000.0,
        "Net Interest Income": -25000.0,
        "Interest Expense": 25000.0,
        "Normalized Income": 3241859.681946,
        "Net Income From Continuing And Discontinued Operation": 3197000.0,
        "Total Expenses": 16707000.0,
        "Total Operating Income As Reported": 3279000.0,
        "Diluted Average Shares": 9675000.0,
        "Basic Average Shares": 9675000.0,
        "Diluted EPS": 0.34,
        "Basic EPS": 0.34,
        "Diluted NI Availto Com Stockholders": 3197000.0,
        "Net Income Common Stockholders": 3197000.0,
        "Net Income": 3197000.0,
        "Net Income Including Noncontrolling Interests": 3197000.0,
        "Net Income Continuous Operations": 3197000.0,
        "Tax Provision": 10000.0,
        "Pretax Income": 3207000.0,
        "Other Income Expense": -47000.0,
        "Other Non Operating Income Expenses": -2000.0,
        "Gain On Sale Of Security": -45000.0,
        "Net Non Operating Interest Income Expense": -25000.0,
        "Interest Expense Non Operating": 25000.0,
        "Operating Income": 3279000.0,
        "Operating Expense": 4215000.0,
        "Research And Development": 1540000.0,
        "Selling General And Administration": 2675000.0,
        "Gross Profit": 7494000.0,
        "Cost Of Revenue": 12492000.0,
        "Total Revenue": 19986000.0,
        "Operating Revenue": 19986000.0
    },
    "2025-07-31": {
        "Tax Effect Of Unusual Items": 45780.0,
        "Tax Rate For Calcs": 0.21,
        "Normalized EBITDA": 362000.0,
        "Total Unusual Items": 218000.0,
        "Total Unusual Items Excluding Goodwill": 218000.0,
        "Net Income From Continuing Operation Net Minority Interest": 634000.0,
        "Reconciled Cost Of Revenue": 8730000.0,
        "EBITDA": 580000.0,
        "EBIT": 580000.0,
        "Net Interest Income": -23000.0,
        "Interest Expense": 23000.0,
        "Normalized Income": 461780.0,
        "Net Income From Continuing And Discontinued Operation": 634000.0,
        "Total Expenses": 13448000.0,
        "Total Operating Income As Reported": 364000.0,
        "Diluted Average Shares": 9723000.0,
        "Basic Average Shares": 9723000.0,
        "Diluted EPS": 0.07,
        "Basic EPS": 0.07,
        "Diluted NI Availto Com Stockholders": 634000.0,
        "Net Income Common Stockholders": 634000.0,
        "Net Income": 634000.0,
        "Net Income Including Noncontrolling Interests": 634000.0,
        "Net Income Continuous Operations": 634000.0,
        "Tax Provision": -77000.0,
        "Pretax Income": 557000.0,
        "Other Income Expense": 216000.0,
        "Other Non Operating Income Expenses": -2000.0,
        "Gain On Sale Of Security": 218000.0,
        "Net Non Operating Interest Income Expense": -23000.0,
        "Interest Expense Non Operating": 23000.0,
        "Operating Income": 364000.0,
        "Operating Expense": 4718000.0,
        "Research And Development": 1133000.0,
        "Selling General And Administration": 3585000.0,
        "Gross Profit": 5082000.0,
        "Cost Of Revenue": 8730000.0,
        "Total Revenue": 13812000.0,
        "Operating Revenue": 13812000.0
    }
}