{
    "2023-06-30": {
        "Tax Effect Of Unusual Items": -709288.741205,
        "Tax Rate For Calcs": 0.190669,
        "Normalized EBITDA": 95653000.0,
        "Total Unusual Items": -3720000.0,
        "Total Unusual Items Excluding Goodwill": -3720000.0,
        "Net Income From Continuing Operation Net Minority Interest": 59600000.0,
        "Reconciled Depreciation": 13422000.0,
        "Reconciled Cost Of Revenue": 380700000.0,
        "EBITDA": 91933000.0,
        "EBIT": 78511000.0,
        "Net Interest Income": -4178000.0,
        "Interest Expense": 4178000.0,
        "Normalized Income": 62610711.258795,
        "Net Income From Continuing And Discontinued Operation": 59600000.0,
        "Total Expenses": 488129000.0,
        "Total Operating Income As Reported": 80903000.0,
        "Diluted Average Shares": 46900000.0,
        "Basic Average Shares": 46200000.0,
        "Diluted EPS": 1.27,
        "Basic EPS": 1.29,
        "Diluted NI Availto Com Stockholders": 59400000.0,
        "Net Income Common Stockholders": 59400000.0,
        "Otherunder Preferred Stock Dividend": 200000.0,
        "Net Income": 59600000.0,
        "Minority Interests": -560000.0,
        "Net Income Including Noncontrolling Interests": 60160000.0,
        "Net Income Continuous Operations": 60160000.0,
        "Tax Provision": 14173000.0,
        "Pretax Income": 74333000.0,
        "Other Income Expense": -2541000.0,
        "Other Non Operating Income Expenses": 1179000.0,
        "Special Income Charges": -149000.0,
        "Restructuring And Mergern Acquisition": 149000.0,
        "Gain On Sale Of Security": -3571000.0,
        "Net Non Operating Interest Income Expense": -4178000.0,
        "Interest Expense Non Operating": 4178000.0,
        "Operating Income": 81052000.0,
        "Operating Expense": 107429000.0,
        "Selling General And Administration": 107429000.0,
        "Gross Profit": 188481000.0,
        "Cost Of Revenue": 380700000.0,
        "Total Revenue": 569181000.0,
        "Operating Revenue": 569181000.0
    },
    "2023-03-31": {
        "Tax Effect Of Unusual Items": -463952.0,
        "Tax Rate For Calcs": 0.214,
        "Normalized EBITDA": 65976000.0,
        "Total Unusual Items": -2168000.0,
        "Total Unusual Items Excluding Goodwill": -2168000.0,
        "Net Income From Continuing Operation Net Minority Interest": 37325000.0,
        "Reconciled Depreciation": 12837000.0,
        "Reconciled Cost Of Revenue": 322286000.0,
        "EBITDA": 63808000.0,
        "EBIT": 50971000.0,
        "Net Interest Income": -3147000.0,
        "Interest Expense": 3147000.0,
        "Normalized Income": 39029048.0,
        "Net Income From Continuing And Discontinued Operation": 37325000.0,
        "Total Expenses": 431821000.0,
        "Total Operating Income As Reported": 52606000.0,
        "Diluted Average Shares": 46900000.0,
        "Basic Average Shares": 46200000.0,
        "Diluted EPS": 0.79,
        "Basic EPS": 0.81,
        "Diluted NI Availto Com Stockholders": 37225000.0,
        "Net Income Common Stockholders": 37225000.0,
        "Otherunder Preferred Stock Dividend": 100000.0,
        "Net Income": 37325000.0,
        "Minority Interests": -251000.0,
        "Net Income Including Noncontrolling Interests": 37576000.0,
        "Net Income Continuous Operations": 37576000.0,
        "Tax Provision": 10248000.0,
        "Pretax Income": 47824000.0,
        "Other Income Expense": -1759000.0,
        "Other Non Operating Income Expenses": 409000.0,
        "Special Income Charges": -124000.0,
        "Restructuring And Mergern Acquisition": 124000.0,
        "Gain On Sale Of Security": -2044000.0,
        "Net Non Operating Interest Income Expense": -3147000.0,
        "Interest Expense Non Operating": 3147000.0,
        "Operating Income": 52730000.0,
        "Operating Expense": 109535000.0,
        "Selling General And Administration": 109535000.0,
        "Gross Profit": 162265000.0,
        "Cost Of Revenue": 322286000.0,
        "Total Revenue": 484551000.0,
        "Operating Revenue": 484551000.0
    },
    "2022-12-31": {
        "Tax Effect Of Unusual Items": NaN,
        "Tax Rate For Calcs": NaN,
        "Normalized EBITDA": NaN,
        "Total Unusual Items": NaN,
        "Total Unusual Items Excluding Goodwill": NaN,
        "Net Income From Continuing Operation Net Minority Interest": NaN,
        "Reconciled Depreciation": NaN,
        "Reconciled Cost Of Revenue": NaN,
        "EBITDA": NaN,
        "EBIT": NaN,
        "Net Interest Income": NaN,
        "Interest Expense": NaN,
        "Normalized Income": NaN,
        "Net Income From Continuing And Discontinued Operation": NaN,
        "Total Expenses": NaN,
        "Total Operating Income As Reported": NaN,
        "Diluted Average Shares": NaN,
        "Basic Average Shares": NaN,
        "Diluted EPS": NaN,
        "Basic EPS": NaN,
        "Diluted NI Availto Com Stockholders": NaN,
        "Net Income Common Stockholders": NaN,
        "Otherunder Preferred Stock Dividend": 100000.0,
        "Net Income": NaN,
        "Minority Interests": NaN,
        "Net Income Including Noncontrolling Interests": NaN,
        "Net Income Continuous Operations": NaN,
        "Tax Provision": NaN,
        "Pretax Income": NaN,
        "Other Income Expense": NaN,
        "Other Non Operating Income Expenses": NaN,
        "Special Income Charges": NaN,
        "Restructuring And Mergern Acquisition": NaN,
        "Gain On Sale Of Security": NaN,
        "Net Non Operating Interest Income Expense": NaN,
        "Interest Expense Non Operating": NaN,
        "Operating Income": NaN,
        "Operating Expense": NaN,
        "Selling General And Administration": NaN,
        "Gross Profit": NaN,
        "Cost Of Revenue": NaN,
        "Total Revenue": NaN,
        "Operating Revenue": NaN
    },
    "2022-09-30": {
        "Tax Effect Of Unusual Items": -843462.240159,
        "Tax Rate For Calcs": 0.184929,
        "Normalized EBITDA": 92525000.0,
        "Total Unusual Items": -4561000.0,
        "Total Unusual Items Excluding Goodwill": -4561000.0,
        "Net Income From Continuing Operation Net Minority Interest": 58624000.0,
        "Reconciled Depreciation": 12546000.0,
        "Reconciled Cost Of Revenue": 361077000.0,
        "EBITDA": 87964000.0,
        "EBIT": 75418000.0,
        "Net Interest Income": -3066000.0,
        "Interest Expense": 3066000.0,
        "Normalized Income": 62341537.759841,
        "Net Income From Continuing And Discontinued Operation": 58624000.0,
        "Total Expenses": 470443000.0,
        "Total Operating Income As Reported": 80044000.0,
        "Diluted Average Shares": 47000000.0,
        "Basic Average Shares": 46526984.0,
        "Diluted EPS": 1.24,
        "Basic EPS": 1.26,
        "Diluted NI Availto Com Stockholders": 58624000.0,
        "Net Income Common Stockholders": 58624000.0,
        "Otherunder Preferred Stock Dividend": 200000.0,
        "Net Income": 58624000.0,
        "Minority Interests": -348000.0,
        "Net Income Including Noncontrolling Interests": 58972000.0,
        "Net Income Continuous Operations": 58972000.0,
        "Tax Provision": 13380000.0,
        "Pretax Income": 72352000.0,
        "Other Income Expense": -5811000.0,
        "Other Non Operating Income Expenses": -1250000.0,
        "Special Income Charges": -1185000.0,
        "Restructuring And Mergern Acquisition": 1185000.0,
        "Gain On Sale Of Security": -3376000.0,
        "Net Non Operating Interest Income Expense": -3066000.0,
        "Interest Expense Non Operating": 3066000.0,
        "Operating Income": 81229000.0,
        "Operating Expense": 109366000.0,
        "Selling General And Administration": 109366000.0,
        "Gross Profit": 190595000.0,
        "Cost Of Revenue": 361077000.0,
        "Total Revenue": 551672000.0,
        "Operating Revenue": 551672000.0
    },
    "2022-06-30": {
        "Tax Effect Of Unusual Items": -70652.255688,
        "Tax Rate For Calcs": 0.219417,
        "Normalized EBITDA": 92259000.0,
        "Total Unusual Items": -322000.0,
        "Total Unusual Items Excluding Goodwill": -322000.0,
        "Net Income From Continuing Operation Net Minority Interest": 59364000.0,
        "Reconciled Depreciation": 12443000.0,
        "Reconciled Cost Of Revenue": 361850000.0,
        "EBITDA": 91937000.0,
        "EBIT": 79494000.0,
        "Net Interest Income": -2932000.0,
        "Interest Expense": 2932000.0,
        "Normalized Income": 59615347.744312,
        "Net Income From Continuing And Discontinued Operation": 59364000.0,
        "Total Expenses": 470163000.0,
        "Total Operating Income As Reported": 80982000.0,
        "Diluted Average Shares": 46900000.0,
        "Basic Average Shares": 46300000.0,
        "Diluted EPS": 1.26,
        "Basic EPS": 1.27,
        "Diluted NI Availto Com Stockholders": 59364000.0,
        "Net Income Common Stockholders": 59364000.0,
        "Otherunder Preferred Stock Dividend": NaN,
        "Net Income": 59364000.0,
        "Minority Interests": -399000.0,
        "Net Income Including Noncontrolling Interests": 59763000.0,
        "Net Income Continuous Operations": 59763000.0,
        "Tax Provision": 16799000.0,
        "Pretax Income": 76562000.0,
        "Other Income Expense": -1481000.0,
        "Other Non Operating Income Expenses": -1159000.0,
        "Special Income Charges": 7000.0,
        "Restructuring And Mergern Acquisition": -7000.0,
        "Gain On Sale Of Security": -329000.0,
        "Net Non Operating Interest Income Expense": -2932000.0,
        "Interest Expense Non Operating": 2932000.0,
        "Operating Income": 80975000.0,
        "Operating Expense": 108313000.0,
        "Selling General And Administration": 108313000.0,
        "Gross Profit": 189288000.0,
        "Cost Of Revenue": 361850000.0,
        "Total Revenue": 551138000.0,
        "Operating Revenue": 551138000.0
    },
    "2022-03-31": {
        "Diluted EPS": 0.63,
        "Total Revenue": 451,
        "Gross Profit": 145,
        "Operating Income": 40,
        "EBIT": 52,
        "Net Income": 30
    },
    "2021-12-31": {
        "Diluted EPS": 0.85,
        "Total Revenue": 433,
        "Gross Profit": 145,
        "Operating Income": 47,
        "EBIT": 59,
        "Net Income": 40
    },
    "2021-09-30": {
        "Diluted EPS": 0.98,
        "Total Revenue": 459,
        "Gross Profit": 163,
        "Operating Income": 57,
        "EBIT": 69,
        "Net Income": 46
    },
    "2021-06-30": {
        "Diluted EPS": 0.83,
        "Total Revenue": 437,
        "Gross Profit": 152,
        "Operating Income": 52,
        "EBIT": 63,
        "Net Income": 39
    },
    "2021-03-31": {
        "Diluted EPS": 0.59,
        "Total Revenue": 333,
        "Gross Profit": 116,
        "Operating Income": 34,
        "EBIT": 43,
        "Net Income": 28
    },
    "2020-12-31": {
        "Diluted EPS": 0.57,
        "Total Revenue": 321,
        "Gross Profit": 111,
        "Operating Income": 34,
        "EBIT": 44,
        "Net Income": 26
    },
    "2020-09-30": {
        "Diluted EPS": 0.82,
        "Total Revenue": 351,
        "Gross Profit": 124,
        "Operating Income": 48,
        "EBIT": 57,
        "Net Income": 38
    },
    "2020-06-30": {
        "Diluted EPS": 0.52,
        "Total Revenue": 308,
        "Gross Profit": 107,
        "Operating Income": 34,
        "EBIT": 43,
        "Net Income": 25
    },
    "2020-03-31": {
        "Diluted EPS": 0.23,
        "Total Revenue": 267,
        "Gross Profit": 90,
        "Operating Income": 14,
        "EBIT": 23,
        "Net Income": 11
    },
    "2019-12-31": {
        "Diluted EPS": 0.42,
        "Total Revenue": 320,
        "Gross Profit": 101,
        "Operating Income": 29,
        "EBIT": 38,
        "Net Income": 19
    },
    "2019-09-30": {
        "Diluted EPS": 0.72,
        "Total Revenue": 348,
        "Gross Profit": 118,
        "Operating Income": 43,
        "EBIT": 52,
        "Net Income": 34
    },
    "2019-06-30": {
        "Diluted EPS": 0.7,
        "Total Revenue": 355,
        "Gross Profit": 120,
        "Operating Income": 44,
        "EBIT": 53,
        "Net Income": 33
    },
    "2019-03-31": {
        "Diluted EPS": 0.19,
        "Total Revenue": 291,
        "Gross Profit": 90,
        "Operating Income": 12,
        "EBIT": 21,
        "Net Income": 9
    },
    "2018-12-31": {
        "Diluted EPS": 0.51,
        "Total Revenue": 317,
        "Gross Profit": 104,
        "Operating Income": 29,
        "EBIT": 38,
        "Net Income": 24
    },
    "2018-09-30": {
        "Diluted EPS": 0.63,
        "Total Revenue": 342,
        "Gross Profit": 113,
        "Operating Income": 40,
        "EBIT": 50,
        "Net Income": 30
    },
    "2018-06-30": {
        "Diluted EPS": 0.64,
        "Total Revenue": 344,
        "Gross Profit": 116,
        "Operating Income": 40,
        "EBIT": 50,
        "Net Income": 30
    },
    "2018-03-31": {
        "Diluted EPS": 0.45,
        "Total Revenue": 296,
        "Gross Profit": 99,
        "Operating Income": 23,
        "EBIT": 33,
        "Net Income": 21
    },
    "2017-12-31": {
        "Diluted EPS": 0.16,
        "Total Revenue": 288,
        "Gross Profit": 95,
        "Operating Income": 22,
        "EBIT": 33,
        "Net Income": 8
    },
    "2017-09-30": {
        "Diluted EPS": 0.52,
        "Total Revenue": 311,
        "Gross Profit": 104,
        "Operating Income": 32,
        "EBIT": 42,
        "Net Income": 24
    },
    "2017-06-30": {
        "Diluted EPS": 0.64,
        "Total Revenue": 305,
        "Gross Profit": 103,
        "Operating Income": 34,
        "EBIT": 44,
        "Net Income": 30
    },
    "2017-03-31": {
        "Diluted EPS": 0.33,
        "Total Revenue": 220,
        "Gross Profit": 76,
        "Operating Income": 19,
        "EBIT": 27,
        "Net Income": 16
    },
    "2016-12-31": {
        "Diluted EPS": 0.37,
        "Total Revenue": 240,
        "Gross Profit": 81,
        "Operating Income": 27,
        "EBIT": 35,
        "Net Income": 16
    },
    "2016-09-30": {
        "Diluted EPS": 0.5,
        "Total Revenue": 240,
        "Gross Profit": 85,
        "Operating Income": 32,
        "EBIT": 41,
        "Net Income": 24
    },
    "2016-06-30": {
        "Diluted EPS": 0.5,
        "Total Revenue": 252,
        "Gross Profit": 91,
        "Operating Income": 33,
        "EBIT": 42,
        "Net Income": 24
    },
    "2016-03-31": {
        "Diluted EPS": 0.28,
        "Total Revenue": 218,
        "Gross Profit": 74,
        "Operating Income": 21,
        "EBIT": 30,
        "Net Income": 13
    },
    "2015-12-31": {
        "Diluted EPS": 0.33,
        "Total Revenue": 219,
        "Gross Profit": 69,
        "Operating Income": 24,
        "EBIT": 32,
        "Net Income": 15
    },
    "2015-09-30": {
        "Diluted EPS": 0.43,
        "Total Revenue": 232,
        "Gross Profit": 77,
        "Operating Income": 28,
        "EBIT": 37,
        "Net Income": 21
    },
    "2015-06-30": {
        "Diluted EPS": 0.33,
        "Total Revenue": 247,
        "Gross Profit": 80,
        "Operating Income": 23,
        "EBIT": 32,
        "Net Income": 16
    },
    "2015-03-31": {
        "Diluted EPS": 0.41,
        "Total Revenue": 226,
        "Gross Profit": 71,
        "Operating Income": 16,
        "EBIT": 25,
        "Net Income": 19
    },
    "2014-12-31": {
        "Diluted EPS": 0.05,
        "Total Revenue": 254,
        "Gross Profit": 78,
        "Operating Income": 3,
        "EBIT": 12,
        "Net Income": 2
    },
    "2014-09-30": {
        "Diluted EPS": 0.46,
        "Total Revenue": 278,
        "Gross Profit": 89,
        "Operating Income": 32,
        "EBIT": 42,
        "Net Income": 23
    },
    "2014-06-30": {
        "Diluted EPS": 0.55,
        "Total Revenue": 284,
        "Gross Profit": 99,
        "Operating Income": 39,
        "EBIT": 48,
        "Net Income": 27
    },
    "2014-03-31": {
        "Diluted EPS": 0.35,
        "Total Revenue": 231,
        "Gross Profit": 78,
        "Operating Income": 26,
        "EBIT": 35,
        "Net Income": 17
    },
    "2013-12-31": {
        "Diluted EPS": 0.27,
        "Total Revenue": 230,
        "Gross Profit": 76,
        "Operating Income": 22,
        "EBIT": 31,
        "Net Income": 13
    },
    "2013-09-30": {
        "Diluted EPS": 0.51,
        "Total Revenue": 250,
        "Gross Profit": 87,
        "Operating Income": 38,
        "EBIT": 46,
        "Net Income": 25
    },
    "2013-06-30": {
        "Diluted EPS": 0.58,
        "Total Revenue": 263,
        "Gross Profit": 95,
        "Operating Income": 41,
        "EBIT": 48,
        "Net Income": 28
    },
    "2013-03-31": {
        "Diluted EPS": 0.32,
        "Total Revenue": 223,
        "Gross Profit": 74,
        "Operating Income": 23,
        "EBIT": 31,
        "Net Income": 15
    },
    "2012-12-31": {
        "Diluted EPS": 0.27,
        "Total Revenue": 205,
        "Gross Profit": 68,
        "Operating Income": 21,
        "EBIT": 30,
        "Net Income": 13
    },
    "2012-09-30": {
        "Diluted EPS": 0.46,
        "Total Revenue": 238,
        "Gross Profit": 83,
        "Operating Income": 33,
        "EBIT": 40,
        "Net Income": 22
    },
    "2012-06-30": {
        "Diluted EPS": 0.52,
        "Total Revenue": 247,
        "Gross Profit": 84,
        "Operating Income": 38,
        "EBIT": 44,
        "Net Income": 25
    },
    "2012-03-31": {
        "Diluted EPS": 0.48,
        "Total Revenue": 202,
        "Gross Profit": 66,
        "Operating Income": 21,
        "EBIT": 27,
        "Net Income": 23
    },
    "2011-12-31": {
        "Diluted EPS": 0.25,
        "Total Revenue": 187,
        "Gross Profit": 61,
        "Operating Income": 16,
        "EBIT": 22,
        "Net Income": 11
    },
    "2011-09-30": {
        "Diluted EPS": 0.4,
        "Total Revenue": 224,
        "Gross Profit": 74,
        "Operating Income": 28,
        "EBIT": 35,
        "Net Income": 19
    },
    "2011-06-30": {
        "Diluted EPS": 0.46,
        "Total Revenue": 224,
        "Gross Profit": 77,
        "Operating Income": 33,
        "EBIT": 40,
        "Net Income": 21
    },
    "2011-03-31": {
        "Diluted EPS": 0.23,
        "Total Revenue": 185,
        "Gross Profit": 61,
        "Operating Income": 16,
        "EBIT": 22,
        "Net Income": 11
    },
    "2010-12-31": {
        "Diluted EPS": 0.18,
        "Total Revenue": 175,
        "Gross Profit": 56,
        "Operating Income": 13,
        "EBIT": 19,
        "Net Income": 8
    },
    "2010-09-30": {
        "Diluted EPS": 0.26,
        "Total Revenue": 188,
        "Gross Profit": 59,
        "Operating Income": 20,
        "EBIT": 26,
        "Net Income": 12
    },
    "2010-06-30": {
        "Diluted EPS": 0.24,
        "Total Revenue": 190,
        "Gross Profit": 65,
        "Operating Income": 19,
        "EBIT": 25,
        "Net Income": 11
    },
    "2010-03-31": {
        "Diluted EPS": 0.16,
        "Total Revenue": 160,
        "Gross Profit": 51,
        "Operating Income": 13,
        "EBIT": 19,
        "Net Income": 7
    },
    "2009-12-31": {
        "Diluted EPS": 0.11,
        "Total Revenue": 145,
        "Gross Profit": 41,
        "Operating Income": 10,
        "EBIT": 16,
        "Net Income": 5
    },
    "2009-09-30": {
        "Diluted EPS": 0.19,
        "Total Revenue": 166,
        "Gross Profit": 50,
        "Operating Income": 15,
        "EBIT": 22,
        "Net Income": 9
    },
    "2009-06-30": {
        "Diluted EPS": 0.13,
        "Total Revenue": 165,
        "Gross Profit": 49,
        "Operating Income": 11,
        "EBIT": 17,
        "Net Income": 6
    },
    "2009-03-31": {
        "Diluted EPS": 0.09,
        "Total Revenue": 150,
        "Gross Profit": 43,
        "Operating Income": 8,
        "EBIT": 14,
        "Net Income": 4
    },
    "2023-09-30": {
        "Tax Effect Of Unusual Items": NaN,
        "Tax Rate For Calcs": NaN,
        "Normalized EBITDA": NaN,
        "Total Unusual Items": NaN,
        "Total Unusual Items Excluding Goodwill": NaN,
        "Net Income From Continuing Operation Net Minority Interest": NaN,
        "Reconciled Depreciation": NaN,
        "Reconciled Cost Of Revenue": NaN,
        "EBITDA": NaN,
        "EBIT": NaN,
        "Net Interest Income": NaN,
        "Interest Expense": NaN,
        "Normalized Income": NaN,
        "Net Income From Continuing And Discontinued Operation": NaN,
        "Total Expenses": NaN,
        "Total Operating Income As Reported": NaN,
        "Diluted Average Shares": 46900000.0,
        "Basic Average Shares": 46200000.0,
        "Diluted EPS": 1.23,
        "Basic EPS": 1.25,
        "Diluted NI Availto Com Stockholders": NaN,
        "Net Income Common Stockholders": NaN,
        "Otherunder Preferred Stock Dividend": NaN,
        "Net Income": NaN,
        "Minority Interests": NaN,
        "Net Income Including Noncontrolling Interests": NaN,
        "Net Income Continuous Operations": NaN,
        "Tax Provision": NaN,
        "Pretax Income": NaN,
        "Other Income Expense": NaN,
        "Other Non Operating Income Expenses": NaN,
        "Special Income Charges": NaN,
        "Restructuring And Mergern Acquisition": NaN,
        "Gain On Sale Of Security": NaN,
        "Net Non Operating Interest Income Expense": NaN,
        "Interest Expense Non Operating": NaN,
        "Operating Income": NaN,
        "Operating Expense": NaN,
        "Selling General And Administration": NaN,
        "Gross Profit": NaN,
        "Cost Of Revenue": NaN,
        "Total Revenue": NaN,
        "Operating Revenue": NaN
    },
    "2023-12-31": {
        "Tax Effect Of Unusual Items": -773392.517815,
        "Tax Rate For Calcs": 0.176493,
        "Normalized EBITDA": 65693000.0,
        "Total Unusual Items": -4382000.0,
        "Total Unusual Items Excluding Goodwill": -4382000.0,
        "Net Income From Continuing Operation Net Minority Interest": 38549000.0,
        "Reconciled Depreciation": 12678000.0,
        "Reconciled Cost Of Revenue": 312961000.0,
        "EBITDA": 61311000.0,
        "EBIT": 48633000.0,
        "Net Interest Income": -1481000.0,
        "Interest Expense": 1481000.0,
        "Normalized Income": 42157607.482185,
        "Net Income From Continuing And Discontinued Operation": 38549000.0,
        "Total Expenses": 421786000.0,
        "Total Operating Income As Reported": 50828000.0,
        "Diluted Average Shares": 47010976.0,
        "Basic Average Shares": 46444578.0,
        "Diluted EPS": 0.82,
        "Basic EPS": 0.83,
        "Diluted NI Availto Com Stockholders": 38400000.0,
        "Net Income Common Stockholders": 38400000.0,
        "Otherunder Preferred Stock Dividend": 200000.0,
        "Net Income": 38549000.0,
        "Minority Interests": -281000.0,
        "Net Income Including Noncontrolling Interests": 38830000.0,
        "Net Income Continuous Operations": 38830000.0,
        "Tax Provision": 8322000.0,
        "Pretax Income": 47152000.0,
        "Other Income Expense": -2551000.0,
        "Other Non Operating Income Expenses": 1831000.0,
        "Special Income Charges": -356000.0,
        "Restructuring And Mergern Acquisition": 356000.0,
        "Gain On Sale Of Security": -4026000.0,
        "Net Non Operating Interest Income Expense": -1481000.0,
        "Interest Expense Non Operating": 1481000.0,
        "Operating Income": 51184000.0,
        "Operating Expense": 108825000.0,
        "Selling General And Administration": 108825000.0,
        "Gross Profit": 160009000.0,
        "Cost Of Revenue": 312961000.0,
        "Total Revenue": 472970000.0,
        "Operating Revenue": 472970000.0
    },
    "2024-03-31": {
        "Tax Effect Of Unusual Items": -1063557.215106,
        "Tax Rate For Calcs": 0.217942,
        "Normalized EBITDA": 62434000.0,
        "Total Unusual Items": -4880000.0,
        "Total Unusual Items Excluding Goodwill": -4880000.0,
        "Net Income From Continuing Operation Net Minority Interest": 32959000.0,
        "Reconciled Depreciation": 13792000.0,
        "Reconciled Cost Of Revenue": 297320000.0,
        "EBITDA": 57554000.0,
        "EBIT": 43762000.0,
        "Net Interest Income": -1448000.0,
        "Interest Expense": 1448000.0,
        "Normalized Income": 36775442.784894,
        "Net Income From Continuing And Discontinued Operation": 32959000.0,
        "Total Expenses": 412964000.0,
        "Total Operating Income As Reported": 47936000.0,
        "Diluted Average Shares": 46700000.0,
        "Basic Average Shares": 46100000.0,
        "Diluted EPS": 0.7,
        "Basic EPS": 0.71,
        "Diluted NI Availto Com Stockholders": 32859000.0,
        "Net Income Common Stockholders": 32859000.0,
        "Otherunder Preferred Stock Dividend": 100000.0,
        "Net Income": 32959000.0,
        "Minority Interests": -133000.0,
        "Net Income Including Noncontrolling Interests": 33092000.0,
        "Net Income Continuous Operations": 33092000.0,
        "Tax Provision": 9222000.0,
        "Pretax Income": 42314000.0,
        "Other Income Expense": -4174000.0,
        "Other Non Operating Income Expenses": 706000.0,
        "Special Income Charges": 0.0,
        "Restructuring And Mergern Acquisition": 0.0,
        "Gain On Sale Of Security": -4880000.0,
        "Net Non Operating Interest Income Expense": -1448000.0,
        "Interest Expense Non Operating": 1448000.0,
        "Operating Income": 47936000.0,
        "Operating Expense": 115644000.0,
        "Selling General And Administration": 115644000.0,
        "Gross Profit": 163580000.0,
        "Cost Of Revenue": 297320000.0,
        "Total Revenue": 460900000.0,
        "Operating Revenue": 460900000.0
    },
    "2024-06-30": {
        "Tax Effect Of Unusual Items": -99844.0,
        "Tax Rate For Calcs": 0.229,
        "Normalized EBITDA": 93231000.0,
        "Total Unusual Items": -436000.0,
        "Total Unusual Items Excluding Goodwill": -436000.0,
        "Net Income From Continuing Operation Net Minority Interest": 59099000.0,
        "Reconciled Depreciation": 13898000.0,
        "Reconciled Cost Of Revenue": 343461000.0,
        "EBITDA": 92795000.0,
        "EBIT": 78897000.0,
        "Net Interest Income": -1976000.0,
        "Interest Expense": 1976000.0,
        "Normalized Income": 59435156.0,
        "Net Income From Continuing And Discontinued Operation": 59099000.0,
        "Total Expenses": 464109000.0,
        "Total Operating Income As Reported": 79149000.0,
        "Diluted Average Shares": 46903968.0,
        "Basic Average Shares": 46171094.0,
        "Diluted EPS": 1.26,
        "Basic EPS": 1.28,
        "Diluted NI Availto Com Stockholders": 58899000.0,
        "Net Income Common Stockholders": 58899000.0,
        "Otherunder Preferred Stock Dividend": 200000.0,
        "Net Income": 59099000.0,
        "Minority Interests": -232000.0,
        "Net Income Including Noncontrolling Interests": 59331000.0,
        "Net Income Continuous Operations": 59331000.0,
        "Tax Provision": 17590000.0,
        "Pretax Income": 76921000.0,
        "Other Income Expense": -252000.0,
        "Other Non Operating Income Expenses": 184000.0,
        "Special Income Charges": 0.0,
        "Restructuring And Mergern Acquisition": 0.0,
        "Gain On Sale Of Security": -436000.0,
        "Net Non Operating Interest Income Expense": -1976000.0,
        "Interest Expense Non Operating": 1976000.0,
        "Operating Income": 79149000.0,
        "Operating Expense": 120648000.0,
        "Selling General And Administration": 120648000.0,
        "Gross Profit": 199797000.0,
        "Cost Of Revenue": 343461000.0,
        "Total Revenue": 543258000.0,
        "Operating Revenue": 543258000.0
    },
    "2024-09-30": {
        "Tax Effect Of Unusual Items": -12036.0,
        "Tax Rate For Calcs": 0.236,
        "Normalized EBITDA": 87619000.0,
        "Total Unusual Items": -51000.0,
        "Total Unusual Items Excluding Goodwill": -51000.0,
        "Net Income From Continuing Operation Net Minority Interest": 54596000.0,
        "Reconciled Depreciation": 14135000.0,
        "Reconciled Cost Of Revenue": 341775000.0,
        "EBITDA": 87568000.0,
        "EBIT": 73433000.0,
        "Net Interest Income": -1556000.0,
        "Interest Expense": 1556000.0,
        "Normalized Income": 54634964.0,
        "Net Income From Continuing And Discontinued Operation": 54596000.0,
        "Total Expenses": 457773000.0,
        "Total Operating Income As Reported": 73526000.0,
        "Diluted Average Shares": 46663248.0,
        "Basic Average Shares": 45878992.0,
        "Diluted EPS": 1.17,
        "Basic EPS": 1.19,
        "Diluted NI Availto Com Stockholders": 54396000.0,
        "Net Income Common Stockholders": 54396000.0,
        "Otherunder Preferred Stock Dividend": 200000.0,
        "Net Income": 54596000.0,
        "Minority Interests": -298000.0,
        "Net Income Including Noncontrolling Interests": 54894000.0,
        "Net Income Continuous Operations": 54894000.0,
        "Tax Provision": 16983000.0,
        "Pretax Income": 71877000.0,
        "Other Income Expense": -232000.0,
        "Other Non Operating Income Expenses": -181000.0,
        "Special Income Charges": -139000.0,
        "Restructuring And Mergern Acquisition": 139000.0,
        "Gain On Sale Of Security": 88000.0,
        "Net Non Operating Interest Income Expense": -1556000.0,
        "Interest Expense Non Operating": 1556000.0,
        "Operating Income": 73665000.0,
        "Operating Expense": 115998000.0,
        "Selling General And Administration": 115998000.0,
        "Gross Profit": 189663000.0,
        "Cost Of Revenue": 341775000.0,
        "Total Revenue": 531438000.0,
        "Operating Revenue": 531438000.0
    },
    "2024-12-31": {
        "Tax Effect Of Unusual Items": -782934.822634,
        "Tax Rate For Calcs": 0.158169,
        "Normalized EBITDA": 61272000.0,
        "Total Unusual Items": -4950000.0,
        "Total Unusual Items Excluding Goodwill": -4950000.0,
        "Net Income From Continuing Operation Net Minority Interest": 33655000.0,
        "Reconciled Depreciation": 14248000.0,
        "Reconciled Cost Of Revenue": 321505000.0,
        "EBITDA": 56322000.0,
        "EBIT": 42074000.0,
        "Net Interest Income": -1339000.0,
        "Interest Expense": 1339000.0,
        "Normalized Income": 37822065.177366,
        "Net Income From Continuing And Discontinued Operation": 33655000.0,
        "Total Expenses": 439351000.0,
        "Total Operating Income As Reported": 43034000.0,
        "Diluted Average Shares": 46743056.0,
        "Basic Average Shares": 46102740.0,
        "Diluted EPS": 0.72,
        "Basic EPS": 0.73,
        "Diluted NI Availto Com Stockholders": 33446000.0,
        "Net Income Common Stockholders": 33446000.0,
        "Otherunder Preferred Stock Dividend": 200000.0,
        "Net Income": 33655000.0,
        "Minority Interests": -637000.0,
        "Net Income Including Noncontrolling Interests": 34292000.0,
        "Net Income Continuous Operations": 34292000.0,
        "Tax Provision": 6443000.0,
        "Pretax Income": 40735000.0,
        "Other Income Expense": -4320000.0,
        "Other Non Operating Income Expenses": 630000.0,
        "Special Income Charges": -3360000.0,
        "Restructuring And Mergern Acquisition": 3360000.0,
        "Gain On Sale Of Security": -1590000.0,
        "Net Non Operating Interest Income Expense": -1339000.0,
        "Interest Expense Non Operating": 1339000.0,
        "Operating Income": 46394000.0,
        "Operating Expense": 117846000.0,
        "Selling General And Administration": 117846000.0,
        "Gross Profit": 164240000.0,
        "Cost Of Revenue": 321505000.0,
        "Total Revenue": 485745000.0,
        "Operating Revenue": 485745000.0
    },
    "2025-03-31": {
        "Tax Effect Of Unusual Items": -363000.0,
        "Tax Rate For Calcs": 0.25,
        "Normalized EBITDA": 59536000.0,
        "Total Unusual Items": -1452000.0,
        "Total Unusual Items Excluding Goodwill": -1452000.0,
        "Net Income From Continuing Operation Net Minority Interest": 30962000.0,
        "Reconciled Depreciation": 14433000.0,
        "Reconciled Cost Of Revenue": 291344000.0,
        "EBITDA": 58084000.0,
        "EBIT": 43651000.0,
        "Net Interest Income": -1799000.0,
        "Interest Expense": 1799000.0,
        "Normalized Income": 32051000.0,
        "Net Income From Continuing And Discontinued Operation": 30962000.0,
        "Total Expenses": 410987000.0,
        "Total Operating Income As Reported": 44101000.0,
        "Diluted Average Shares": 46211940.0,
        "Basic Average Shares": 46211940.0,
        "Diluted EPS": 0.67,
        "Basic EPS": 0.67,
        "Diluted NI Availto Com Stockholders": 30862000.0,
        "Net Income Common Stockholders": 30862000.0,
        "Otherunder Preferred Stock Dividend": 100000.0,
        "Net Income": 30962000.0,
        "Minority Interests": -412000.0,
        "Net Income Including Noncontrolling Interests": 31374000.0,
        "Net Income Continuous Operations": 31374000.0,
        "Tax Provision": 10478000.0,
        "Pretax Income": 41852000.0,
        "Other Income Expense": -609000.0,
        "Other Non Operating Income Expenses": 843000.0,
        "Special Income Charges": -159000.0,
        "Restructuring And Mergern Acquisition": 159000.0,
        "Gain On Sale Of Security": -1293000.0,
        "Net Non Operating Interest Income Expense": -1799000.0,
        "Interest Expense Non Operating": 1799000.0,
        "Operating Income": 44260000.0,
        "Operating Expense": 119643000.0,
        "Selling General And Administration": 119643000.0,
        "Gross Profit": 163903000.0,
        "Cost Of Revenue": 291344000.0,
        "Total Revenue": 455247000.0,
        "Operating Revenue": 455247000.0
    },
    "2025-06-30": {
        "Tax Effect Of Unusual Items": -1173288.0,
        "Tax Rate For Calcs": 0.249,
        "Normalized EBITDA": 103911000.0,
        "Total Unusual Items": -4712000.0,
        "Total Unusual Items Excluding Goodwill": -4712000.0,
        "Net Income From Continuing Operation Net Minority Interest": 60140000.0,
        "Reconciled Depreciation": 15770000.0,
        "Reconciled Cost Of Revenue": 375608000.0,
        "EBITDA": 99199000.0,
        "EBIT": 83429000.0,
        "Net Interest Income": -2805000.0,
        "Interest Expense": 2805000.0,
        "Normalized Income": 63678712.0,
        "Net Income From Continuing And Discontinued Operation": 60140000.0,
        "Total Expenses": 499129000.0,
        "Total Operating Income As Reported": 88141000.0,
        "Diluted Average Shares": 45908397.0,
        "Basic Average Shares": 45560606.0,
        "Diluted EPS": 1.31,
        "Basic EPS": 1.32,
        "Diluted NI Availto Com Stockholders": 59940000.0,
        "Net Income Common Stockholders": 59940000.0,
        "Otherunder Preferred Stock Dividend": 200000.0,
        "Net Income": 60140000.0,
        "Minority Interests": -423000.0,
        "Net Income Including Noncontrolling Interests": 60563000.0,
        "Net Income Continuous Operations": 60563000.0,
        "Tax Provision": 20061000.0,
        "Pretax Income": 80624000.0,
        "Other Income Expense": -4876000.0,
        "Other Non Operating Income Expenses": -164000.0,
        "Special Income Charges": -164000.0,
        "Restructuring And Mergern Acquisition": 164000.0,
        "Gain On Sale Of Security": -4548000.0,
        "Net Non Operating Interest Income Expense": -2805000.0,
        "Interest Expense Non Operating": 2805000.0,
        "Operating Income": 88305000.0,
        "Operating Expense": 123521000.0,
        "Selling General And Administration": 123521000.0,
        "Gross Profit": 211826000.0,
        "Cost Of Revenue": 375608000.0,
        "Total Revenue": 587434000.0,
        "Operating Revenue": 587434000.0
    }
}