{
    "2023-03-31": {
        "Tax Effect Of Unusual Items": 32735.867748,
        "Tax Rate For Calcs": 0.022924,
        "Normalized EBITDA": -75832000.0,
        "Total Unusual Items": 1428000.0,
        "Total Unusual Items Excluding Goodwill": 1428000.0,
        "Net Income From Continuing Operation Net Minority Interest": -57788000.0,
        "Reconciled Cost Of Revenue": 118088000.0,
        "EBITDA": -74404000.0,
        "EBIT": -74404000.0,
        "Net Interest Income": 8594000.0,
        "Interest Income": 8594000.0,
        "Normalized Income": -59183264.132252,
        "Net Income From Continuing And Discontinued Operation": -57788000.0,
        "Total Expenses": 220770000.0,
        "Total Operating Income As Reported": -74404000.0,
        "Diluted Average Shares": 12131757.0,
        "Basic Average Shares": 12131757.0,
        "Diluted EPS": -4.8,
        "Basic EPS": -4.8,
        "Diluted NI Availto Com Stockholders": -57788000.0,
        "Net Income Common Stockholders": -57788000.0,
        "Net Income": -57788000.0,
        "Minority Interests": 5335000.0,
        "Net Income Including Noncontrolling Interests": -63123000.0,
        "Net Income Continuous Operations": -63123000.0,
        "Tax Provision": -1481000.0,
        "Pretax Income": -64604000.0,
        "Other Income Expense": 1206000.0,
        "Other Non Operating Income Expenses": 39000.0,
        "Special Income Charges": NaN,
        "Write Off": NaN,
        "Earnings From Equity Interest": -261000.0,
        "Gain On Sale Of Security": 1428000.0,
        "Net Non Operating Interest Income Expense": 8594000.0,
        "Interest Income Non Operating": 8594000.0,
        "Operating Income": -74404000.0,
        "Operating Expense": 102682000.0,
        "Research And Development": 25069000.0,
        "Selling General And Administration": 77613000.0,
        "Selling And Marketing Expense": 40050000.0,
        "General And Administrative Expense": 37563000.0,
        "Other Gand A": 37563000.0,
        "Gross Profit": 28278000.0,
        "Cost Of Revenue": 118088000.0,
        "Total Revenue": 146366000.0,
        "Operating Revenue": 146366000.0
    },
    "2022-12-31": {
        "Tax Effect Of Unusual Items": NaN,
        "Tax Rate For Calcs": NaN,
        "Normalized EBITDA": NaN,
        "Total Unusual Items": NaN,
        "Total Unusual Items Excluding Goodwill": NaN,
        "Net Income From Continuing Operation Net Minority Interest": NaN,
        "Reconciled Cost Of Revenue": NaN,
        "EBITDA": NaN,
        "EBIT": NaN,
        "Net Interest Income": NaN,
        "Interest Income": NaN,
        "Normalized Income": NaN,
        "Net Income From Continuing And Discontinued Operation": NaN,
        "Total Expenses": NaN,
        "Total Operating Income As Reported": NaN,
        "Diluted Average Shares": NaN,
        "Basic Average Shares": NaN,
        "Diluted EPS": NaN,
        "Basic EPS": NaN,
        "Diluted NI Availto Com Stockholders": NaN,
        "Net Income Common Stockholders": NaN,
        "Net Income": NaN,
        "Minority Interests": NaN,
        "Net Income Including Noncontrolling Interests": NaN,
        "Net Income Continuous Operations": NaN,
        "Tax Provision": NaN,
        "Pretax Income": NaN,
        "Other Income Expense": NaN,
        "Other Non Operating Income Expenses": NaN,
        "Special Income Charges": 803000.0,
        "Write Off": -803000.0,
        "Earnings From Equity Interest": NaN,
        "Gain On Sale Of Security": NaN,
        "Net Non Operating Interest Income Expense": NaN,
        "Interest Income Non Operating": NaN,
        "Operating Income": NaN,
        "Operating Expense": NaN,
        "Research And Development": NaN,
        "Selling General And Administration": NaN,
        "Selling And Marketing Expense": NaN,
        "General And Administrative Expense": NaN,
        "Other Gand A": NaN,
        "Gross Profit": NaN,
        "Cost Of Revenue": NaN,
        "Total Revenue": NaN,
        "Operating Revenue": NaN
    },
    "2022-09-30": {
        "Tax Effect Of Unusual Items": NaN,
        "Tax Rate For Calcs": NaN,
        "Normalized EBITDA": NaN,
        "Total Unusual Items": NaN,
        "Total Unusual Items Excluding Goodwill": NaN,
        "Net Income From Continuing Operation Net Minority Interest": NaN,
        "Reconciled Cost Of Revenue": NaN,
        "EBITDA": NaN,
        "EBIT": NaN,
        "Net Interest Income": NaN,
        "Interest Income": NaN,
        "Normalized Income": NaN,
        "Net Income From Continuing And Discontinued Operation": NaN,
        "Total Expenses": NaN,
        "Total Operating Income As Reported": NaN,
        "Diluted Average Shares": NaN,
        "Basic Average Shares": NaN,
        "Diluted EPS": NaN,
        "Basic EPS": NaN,
        "Diluted NI Availto Com Stockholders": NaN,
        "Net Income Common Stockholders": NaN,
        "Net Income": NaN,
        "Minority Interests": NaN,
        "Net Income Including Noncontrolling Interests": NaN,
        "Net Income Continuous Operations": NaN,
        "Tax Provision": NaN,
        "Pretax Income": NaN,
        "Other Income Expense": NaN,
        "Other Non Operating Income Expenses": NaN,
        "Special Income Charges": 0.0,
        "Write Off": 0.0,
        "Earnings From Equity Interest": NaN,
        "Gain On Sale Of Security": NaN,
        "Net Non Operating Interest Income Expense": NaN,
        "Interest Income Non Operating": NaN,
        "Operating Income": NaN,
        "Operating Expense": NaN,
        "Research And Development": NaN,
        "Selling General And Administration": NaN,
        "Selling And Marketing Expense": NaN,
        "General And Administrative Expense": NaN,
        "Other Gand A": NaN,
        "Gross Profit": NaN,
        "Cost Of Revenue": NaN,
        "Total Revenue": NaN,
        "Operating Revenue": NaN
    },
    "2022-06-30": {
        "Tax Effect Of Unusual Items": -2717432.720868,
        "Tax Rate For Calcs": 0.095168,
        "Normalized EBITDA": -66226000.0,
        "Total Unusual Items": -28554000.0,
        "Total Unusual Items Excluding Goodwill": -28554000.0,
        "Net Income From Continuing Operation Net Minority Interest": -95840000.0,
        "Reconciled Cost Of Revenue": 142003000.0,
        "EBITDA": -94780000.0,
        "EBIT": -94780000.0,
        "Net Interest Income": 10320000.0,
        "Interest Income": 10320000.0,
        "Normalized Income": -70003432.720868,
        "Net Income From Continuing And Discontinued Operation": -95840000.0,
        "Total Expenses": 286419000.0,
        "Total Operating Income As Reported": -94780000.0,
        "Diluted Average Shares": 12131757.0,
        "Basic Average Shares": 12131757.0,
        "Diluted EPS": -7.68,
        "Basic EPS": -7.68,
        "Diluted NI Availto Com Stockholders": -95840000.0,
        "Net Income Common Stockholders": -95840000.0,
        "Net Income": -95840000.0,
        "Minority Interests": 8954000.0,
        "Net Income Including Noncontrolling Interests": -104794000.0,
        "Net Income Continuous Operations": -104794000.0,
        "Tax Provision": -11022000.0,
        "Pretax Income": -115816000.0,
        "Other Income Expense": -31356000.0,
        "Other Non Operating Income Expenses": -2378000.0,
        "Special Income Charges": -5980000.0,
        "Write Off": 5980000.0,
        "Earnings From Equity Interest": -424000.0,
        "Gain On Sale Of Security": -22574000.0,
        "Net Non Operating Interest Income Expense": 10320000.0,
        "Interest Income Non Operating": 10320000.0,
        "Operating Income": -94780000.0,
        "Operating Expense": 144416000.0,
        "Research And Development": 39649000.0,
        "Selling General And Administration": 104767000.0,
        "Selling And Marketing Expense": 52575000.0,
        "General And Administrative Expense": 52192000.0,
        "Other Gand A": 52192000.0,
        "Gross Profit": 49636000.0,
        "Cost Of Revenue": 142003000.0,
        "Total Revenue": 191639000.0,
        "Operating Revenue": 191639000.0
    },
    "2022-03-31": {
        "Diluted EPS": -1.02,
        "Total Revenue": 28,
        "Gross Profit": 5,
        "Operating Income": -17,
        "EBIT": -17,
        "Net Income": -13
    },
    "2021-12-31": {
        "Diluted EPS": -0.41,
        "Total Revenue": 47,
        "Gross Profit": 17,
        "Operating Income": -8,
        "EBIT": -8,
        "Net Income": -5
    },
    "2021-09-30": {
        "Diluted EPS": -1.74,
        "Total Revenue": 38,
        "Gross Profit": 14,
        "Operating Income": -32,
        "EBIT": -32,
        "Net Income": -21
    },
    "2021-06-30": {
        "Diluted EPS": -0.12,
        "Total Revenue": 40,
        "Gross Profit": 19,
        "Operating Income": -5,
        "EBIT": -5,
        "Net Income": -1
    },
    "2021-03-31": {
        "Diluted EPS": -0.36,
        "Total Revenue": 35,
        "Gross Profit": 18,
        "Operating Income": -6,
        "EBIT": -6,
        "Net Income": -5
    },
    "2020-12-31": {
        "Diluted EPS": 5.88,
        "Total Revenue": 58,
        "Gross Profit": 30,
        "Operating Income": 1,
        "EBIT": 1,
        "Net Income": 70
    },
    "2020-09-30": {
        "Diluted EPS": 0.0,
        "Total Revenue": 45,
        "Gross Profit": 23,
        "Operating Income": -4,
        "EBIT": -4,
        "Net Income": 0
    },
    "2020-06-30": {
        "Diluted EPS": -0.18,
        "Total Revenue": 44,
        "Gross Profit": 27,
        "Operating Income": 4,
        "EBIT": 4,
        "Net Income": 0
    },
    "2020-03-31": {
        "Diluted EPS": -0.9,
        "Total Revenue": 39,
        "Gross Profit": 21,
        "Operating Income": -16,
        "EBIT": -16,
        "Net Income": -11
    },
    "2019-12-31": {
        "Diluted EPS": 10.92,
        "Total Revenue": 67,
        "Gross Profit": 37,
        "Operating Income": -13,
        "EBIT": -13,
        "Net Income": 132
    },
    "2019-09-30": {
        "Diluted EPS": 0.06,
        "Total Revenue": 53,
        "Gross Profit": 26,
        "Operating Income": -2,
        "EBIT": -2,
        "Net Income": 1
    },
    "2019-06-30": {
        "Diluted EPS": -0.84,
        "Total Revenue": 58,
        "Gross Profit": 31,
        "Operating Income": -12,
        "EBIT": -12,
        "Net Income": -10
    },
    "2019-03-31": {
        "Diluted EPS": -1.5,
        "Total Revenue": 42,
        "Gross Profit": 16,
        "Operating Income": -18,
        "EBIT": -18,
        "Net Income": -18
    },
    "2018-12-31": {
        "Diluted EPS": -0.42,
        "Total Revenue": 52,
        "Gross Profit": 28,
        "Operating Income": -5,
        "EBIT": -5,
        "Net Income": -5
    },
    "2018-09-30": {
        "Diluted EPS": -0.18,
        "Total Revenue": 48,
        "Gross Profit": 26,
        "Operating Income": -8,
        "EBIT": -8,
        "Net Income": -2
    },
    "2018-06-30": {
        "Diluted EPS": 0.6,
        "Total Revenue": 55,
        "Gross Profit": 35,
        "Operating Income": 4,
        "EBIT": 4,
        "Net Income": 7
    },
    "2018-03-31": {
        "Diluted EPS": -0.78,
        "Total Revenue": 45,
        "Gross Profit": 25,
        "Operating Income": -9,
        "EBIT": -9,
        "Net Income": -9
    },
    "2017-12-31": {
        "Diluted EPS": 0.18,
        "Total Revenue": 77,
        "Gross Profit": 42,
        "Operating Income": -1,
        "EBIT": -1,
        "Net Income": 2
    },
    "2017-09-30": {
        "Diluted EPS": 0.42,
        "Total Revenue": 64,
        "Gross Profit": 36,
        "Operating Income": 5,
        "EBIT": 5,
        "Net Income": 5
    },
    "2017-06-30": {
        "Diluted EPS": 0.3,
        "Total Revenue": 58,
        "Gross Profit": 33,
        "Operating Income": 4,
        "EBIT": 4,
        "Net Income": 4
    },
    "2017-03-31": {
        "Diluted EPS": -0.42,
        "Total Revenue": 43,
        "Gross Profit": 19,
        "Operating Income": -6,
        "EBIT": -6,
        "Net Income": -5
    },
    "2016-12-31": {
        "Diluted EPS": 0.48,
        "Total Revenue": 51,
        "Gross Profit": 26,
        "Operating Income": 3,
        "EBIT": 3,
        "Net Income": 5
    },
    "2016-09-30": {
        "Diluted EPS": 0.42,
        "Total Revenue": 54,
        "Gross Profit": 27,
        "Operating Income": 4,
        "EBIT": 4,
        "Net Income": 5
    },
    "2016-06-30": {
        "Diluted EPS": -0.06,
        "Total Revenue": 53,
        "Gross Profit": 26,
        "Operating Income": -3,
        "EBIT": -3,
        "Net Income": 0
    },
    "2016-03-31": {
        "Diluted EPS": 0.12,
        "Total Revenue": 50,
        "Gross Profit": 26,
        "Operating Income": 1,
        "EBIT": 1,
        "Net Income": 2
    },
    "2015-12-31": {
        "Diluted EPS": 0.54,
        "Total Revenue": 67,
        "Gross Profit": 38,
        "Operating Income": 12,
        "EBIT": 12,
        "Net Income": 6
    },
    "2015-09-30": {
        "Diluted EPS": 0.3,
        "Total Revenue": 61,
        "Gross Profit": 28,
        "Operating Income": 1,
        "EBIT": 1,
        "Net Income": 3
    },
    "2015-06-30": {
        "Diluted EPS": 0.3,
        "Total Revenue": 68,
        "Gross Profit": 32,
        "Operating Income": 4,
        "EBIT": 4,
        "Net Income": 4
    },
    "2015-03-31": {
        "Diluted EPS": -0.18,
        "Total Revenue": 59,
        "Gross Profit": 28,
        "Operating Income": 1,
        "EBIT": 1,
        "Net Income": -2
    },
    "2014-12-31": {
        "Diluted EPS": 0.6,
        "Total Revenue": 71,
        "Gross Profit": 37,
        "Operating Income": 8,
        "EBIT": 8,
        "Net Income": 8
    },
    "2014-09-30": {
        "Diluted EPS": 0.9,
        "Total Revenue": 70,
        "Gross Profit": 37,
        "Operating Income": 11,
        "EBIT": 11,
        "Net Income": 11
    },
    "2014-06-30": {
        "Diluted EPS": 1.08,
        "Total Revenue": 66,
        "Gross Profit": 34,
        "Operating Income": 13,
        "EBIT": 13,
        "Net Income": 14
    },
    "2014-03-31": {
        "Diluted EPS": 0.78,
        "Total Revenue": 57,
        "Gross Profit": 29,
        "Operating Income": 7,
        "EBIT": 7,
        "Net Income": 10
    },
    "2013-12-31": {
        "Diluted EPS": 1.08,
        "Total Revenue": 66,
        "Gross Profit": 34,
        "Operating Income": 9,
        "EBIT": 9,
        "Net Income": 14
    },
    "2013-09-30": {
        "Diluted EPS": 1.02,
        "Total Revenue": 62,
        "Gross Profit": 30,
        "Operating Income": 12,
        "EBIT": 12,
        "Net Income": 13
    },
    "2013-06-30": {
        "Diluted EPS": 0.96,
        "Total Revenue": 59,
        "Gross Profit": 31,
        "Operating Income": 12,
        "EBIT": 12,
        "Net Income": 13
    },
    "2013-03-31": {
        "Diluted EPS": 0.48,
        "Total Revenue": 45,
        "Gross Profit": 22,
        "Operating Income": 5,
        "EBIT": 5,
        "Net Income": 6
    },
    "2012-12-31": {
        "Diluted EPS": 0.36,
        "Total Revenue": 49,
        "Gross Profit": 21,
        "Operating Income": 1,
        "EBIT": 1,
        "Net Income": 4
    },
    "2012-09-30": {
        "Diluted EPS": 0.12,
        "Total Revenue": 46,
        "Gross Profit": 18,
        "Operating Income": 1,
        "EBIT": 1,
        "Net Income": 2
    },
    "2012-06-30": {
        "Diluted EPS": 0.42,
        "Total Revenue": 45,
        "Gross Profit": 20,
        "Operating Income": 6,
        "EBIT": 6,
        "Net Income": 6
    },
    "2012-03-31": {
        "Diluted EPS": 0.36,
        "Total Revenue": 38,
        "Gross Profit": 17,
        "Operating Income": 4,
        "EBIT": 4,
        "Net Income": 5
    },
    "2011-12-31": {
        "Diluted EPS": 0.42,
        "Total Revenue": 45,
        "Gross Profit": 17,
        "Operating Income": 2,
        "EBIT": 2,
        "Net Income": 6
    },
    "2011-09-30": {
        "Diluted EPS": 0.66,
        "Total Revenue": 42,
        "Gross Profit": 19,
        "Operating Income": 7,
        "EBIT": 7,
        "Net Income": 9
    },
    "2011-06-30": {
        "Diluted EPS": -5.4,
        "Total Revenue": 35,
        "Gross Profit": 16,
        "Operating Income": 6,
        "EBIT": 6,
        "Net Income": 6
    },
    "2011-03-31": {
        "Diluted EPS": -11.82,
        "Total Revenue": 26,
        "Gross Profit": 9,
        "Operating Income": -4,
        "EBIT": -4,
        "Net Income": -4
    },
    "2010-12-31": {
        "Diluted EPS": -0.3,
        "Total Revenue": 24,
        "Gross Profit": 24,
        "Operating Income": 24,
        "EBIT": 24,
        "Net Income": 2
    },
    "2010-09-30": {
        "Diluted EPS": -1.32,
        "Total Revenue": 22,
        "Gross Profit": 22,
        "Operating Income": 22,
        "EBIT": 22,
        "Net Income": 4
    },
    "2010-06-30": {
        "Diluted EPS": -1.08,
        "Total Revenue": 18,
        "Gross Profit": 18,
        "Operating Income": 18,
        "EBIT": 18,
        "Net Income": 3
    },
    "2010-03-31": {
        "Diluted EPS": -0.84,
        "Total Revenue": 14,
        "Gross Profit": 14,
        "Operating Income": 14,
        "EBIT": 14,
        "Net Income": 2
    },
    "2023-06-30": {
        "Tax Effect Of Unusual Items": NaN,
        "Tax Rate For Calcs": NaN,
        "Normalized EBITDA": NaN,
        "Total Unusual Items": NaN,
        "Total Unusual Items Excluding Goodwill": NaN,
        "Net Income From Continuing Operation Net Minority Interest": NaN,
        "Reconciled Cost Of Revenue": NaN,
        "EBITDA": NaN,
        "EBIT": NaN,
        "Net Interest Income": NaN,
        "Interest Income": NaN,
        "Normalized Income": NaN,
        "Net Income From Continuing And Discontinued Operation": NaN,
        "Total Expenses": NaN,
        "Total Operating Income As Reported": NaN,
        "Diluted Average Shares": NaN,
        "Basic Average Shares": NaN,
        "Diluted EPS": NaN,
        "Basic EPS": NaN,
        "Diluted NI Availto Com Stockholders": NaN,
        "Net Income Common Stockholders": NaN,
        "Net Income": NaN,
        "Minority Interests": NaN,
        "Net Income Including Noncontrolling Interests": NaN,
        "Net Income Continuous Operations": NaN,
        "Tax Provision": NaN,
        "Pretax Income": NaN,
        "Other Income Expense": NaN,
        "Other Non Operating Income Expenses": NaN,
        "Special Income Charges": 0.0,
        "Write Off": 0.0,
        "Earnings From Equity Interest": NaN,
        "Gain On Sale Of Security": NaN,
        "Net Non Operating Interest Income Expense": NaN,
        "Interest Income Non Operating": NaN,
        "Operating Income": NaN,
        "Operating Expense": NaN,
        "Research And Development": NaN,
        "Selling General And Administration": NaN,
        "Selling And Marketing Expense": NaN,
        "General And Administrative Expense": NaN,
        "Other Gand A": NaN,
        "Gross Profit": NaN,
        "Cost Of Revenue": NaN,
        "Total Revenue": NaN,
        "Operating Revenue": NaN
    },
    "2023-09-30": {
        "Tax Effect Of Unusual Items": NaN,
        "Tax Rate For Calcs": NaN,
        "Normalized EBITDA": NaN,
        "Total Unusual Items": NaN,
        "Total Unusual Items Excluding Goodwill": NaN,
        "Net Income From Continuing Operation Net Minority Interest": NaN,
        "Reconciled Cost Of Revenue": NaN,
        "EBITDA": NaN,
        "EBIT": NaN,
        "Net Interest Income": NaN,
        "Interest Income": NaN,
        "Normalized Income": NaN,
        "Net Income From Continuing And Discontinued Operation": NaN,
        "Total Expenses": NaN,
        "Total Operating Income As Reported": NaN,
        "Diluted Average Shares": NaN,
        "Basic Average Shares": NaN,
        "Diluted EPS": NaN,
        "Basic EPS": NaN,
        "Diluted NI Availto Com Stockholders": NaN,
        "Net Income Common Stockholders": NaN,
        "Net Income": NaN,
        "Minority Interests": NaN,
        "Net Income Including Noncontrolling Interests": NaN,
        "Net Income Continuous Operations": NaN,
        "Tax Provision": NaN,
        "Pretax Income": NaN,
        "Other Income Expense": NaN,
        "Other Non Operating Income Expenses": NaN,
        "Special Income Charges": 0.0,
        "Write Off": 0.0,
        "Earnings From Equity Interest": NaN,
        "Gain On Sale Of Security": NaN,
        "Net Non Operating Interest Income Expense": NaN,
        "Interest Income Non Operating": NaN,
        "Operating Income": NaN,
        "Operating Expense": NaN,
        "Research And Development": NaN,
        "Selling General And Administration": NaN,
        "Selling And Marketing Expense": NaN,
        "General And Administrative Expense": NaN,
        "Other Gand A": NaN,
        "Gross Profit": NaN,
        "Cost Of Revenue": NaN,
        "Total Revenue": NaN,
        "Operating Revenue": NaN
    },
    "2023-12-31": {
        "Tax Effect Of Unusual Items": NaN,
        "Tax Rate For Calcs": NaN,
        "Normalized EBITDA": NaN,
        "Total Unusual Items": NaN,
        "Total Unusual Items Excluding Goodwill": NaN,
        "Net Income From Continuing Operation Net Minority Interest": NaN,
        "Reconciled Cost Of Revenue": NaN,
        "EBITDA": NaN,
        "EBIT": NaN,
        "Net Interest Income": NaN,
        "Interest Income": NaN,
        "Normalized Income": NaN,
        "Net Income From Continuing And Discontinued Operation": NaN,
        "Total Expenses": NaN,
        "Total Operating Income As Reported": NaN,
        "Diluted Average Shares": NaN,
        "Basic Average Shares": NaN,
        "Diluted EPS": NaN,
        "Basic EPS": NaN,
        "Diluted NI Availto Com Stockholders": NaN,
        "Net Income Common Stockholders": NaN,
        "Net Income": NaN,
        "Minority Interests": NaN,
        "Net Income Including Noncontrolling Interests": NaN,
        "Net Income Continuous Operations": NaN,
        "Tax Provision": NaN,
        "Pretax Income": NaN,
        "Other Income Expense": NaN,
        "Other Non Operating Income Expenses": NaN,
        "Special Income Charges": 0.0,
        "Write Off": 0.0,
        "Earnings From Equity Interest": NaN,
        "Gain On Sale Of Security": NaN,
        "Net Non Operating Interest Income Expense": NaN,
        "Interest Income Non Operating": NaN,
        "Operating Income": NaN,
        "Operating Expense": NaN,
        "Research And Development": NaN,
        "Selling General And Administration": NaN,
        "Selling And Marketing Expense": NaN,
        "General And Administrative Expense": NaN,
        "Other Gand A": NaN,
        "Gross Profit": NaN,
        "Cost Of Revenue": NaN,
        "Total Revenue": NaN,
        "Operating Revenue": NaN
    },
    "2024-03-31": {
        "Tax Effect Of Unusual Items": -80500.0,
        "Tax Rate For Calcs": 0.25,
        "Normalized EBITDA": -36212000.0,
        "Total Unusual Items": -322000.0,
        "Total Unusual Items Excluding Goodwill": -322000.0,
        "Net Income From Continuing Operation Net Minority Interest": -26014000.0,
        "Reconciled Cost Of Revenue": 108963000.0,
        "EBITDA": -36534000.0,
        "EBIT": -36534000.0,
        "Net Interest Income": 10137000.0,
        "Interest Income": 10137000.0,
        "Normalized Income": -25772500.0,
        "Net Income From Continuing And Discontinued Operation": -26014000.0,
        "Total Expenses": 189526000.0,
        "Total Operating Income As Reported": -36534000.0,
        "Diluted Average Shares": 12033971.0,
        "Basic Average Shares": 12033971.0,
        "Diluted EPS": -2.4,
        "Basic EPS": -2.4,
        "Diluted NI Availto Com Stockholders": -26014000.0,
        "Net Income Common Stockholders": -26014000.0,
        "Net Income": -26014000.0,
        "Minority Interests": 1016000.0,
        "Net Income Including Noncontrolling Interests": -27030000.0,
        "Net Income Continuous Operations": -27030000.0,
        "Tax Provision": 208000.0,
        "Pretax Income": -26822000.0,
        "Other Income Expense": -425000.0,
        "Other Non Operating Income Expenses": 86000.0,
        "Special Income Charges": NaN,
        "Write Off": NaN,
        "Earnings From Equity Interest": -189000.0,
        "Gain On Sale Of Security": -322000.0,
        "Net Non Operating Interest Income Expense": 10137000.0,
        "Interest Income Non Operating": 10137000.0,
        "Operating Income": -36534000.0,
        "Operating Expense": 80563000.0,
        "Research And Development": 17550000.0,
        "Selling General And Administration": 63013000.0,
        "Selling And Marketing Expense": 36882000.0,
        "General And Administrative Expense": 26131000.0,
        "Other Gand A": 26131000.0,
        "Gross Profit": 44029000.0,
        "Cost Of Revenue": 108963000.0,
        "Total Revenue": 152992000.0,
        "Operating Revenue": 152992000.0
    },
    "2024-06-30": {
        "Tax Effect Of Unusual Items": 439000.0,
        "Tax Rate For Calcs": 0.25,
        "Normalized EBITDA": -10695000.0,
        "Total Unusual Items": 1756000.0,
        "Total Unusual Items Excluding Goodwill": 1756000.0,
        "Net Income From Continuing Operation Net Minority Interest": -5461000.0,
        "Reconciled Cost Of Revenue": 102918000.0,
        "EBITDA": -8939000.0,
        "EBIT": -8939000.0,
        "Net Interest Income": 8751000.0,
        "Interest Income": 8751000.0,
        "Normalized Income": -6778000.0,
        "Net Income From Continuing And Discontinued Operation": -5461000.0,
        "Total Expenses": 177257000.0,
        "Total Operating Income As Reported": -8939000.0,
        "Diluted Average Shares": 12010776.0,
        "Basic Average Shares": 12010776.0,
        "Diluted EPS": -0.48,
        "Basic EPS": -0.48,
        "Diluted NI Availto Com Stockholders": -5461000.0,
        "Net Income Common Stockholders": -5461000.0,
        "Net Income": -5461000.0,
        "Minority Interests": -1170000.0,
        "Net Income Including Noncontrolling Interests": -4291000.0,
        "Net Income Continuous Operations": -4291000.0,
        "Tax Provision": 93000.0,
        "Pretax Income": -4198000.0,
        "Other Income Expense": -4010000.0,
        "Other Non Operating Income Expenses": -91000.0,
        "Earnings From Equity Interest": -5675000.0,
        "Gain On Sale Of Security": 1756000.0,
        "Net Non Operating Interest Income Expense": 8751000.0,
        "Interest Income Non Operating": 8751000.0,
        "Operating Income": -8939000.0,
        "Operating Expense": 74339000.0,
        "Research And Development": 17676000.0,
        "Selling General And Administration": 56663000.0,
        "Selling And Marketing Expense": 39592000.0,
        "General And Administrative Expense": 17071000.0,
        "Other Gand A": 17071000.0,
        "Gross Profit": 65400000.0,
        "Cost Of Revenue": 102918000.0,
        "Total Revenue": 168318000.0,
        "Operating Revenue": 168318000.0
    },
    "2024-09-30": {
        "Tax Effect Of Unusual Items": 694750.0,
        "Tax Rate For Calcs": 0.25,
        "Normalized EBITDA": -28736000.0,
        "Total Unusual Items": 2779000.0,
        "Total Unusual Items Excluding Goodwill": 2779000.0,
        "Net Income From Continuing Operation Net Minority Interest": -18486000.0,
        "Reconciled Cost Of Revenue": 102006000.0,
        "EBITDA": -25957000.0,
        "EBIT": -25957000.0,
        "Net Interest Income": 4995000.0,
        "Interest Income": 4995000.0,
        "Normalized Income": -20570250.0,
        "Net Income From Continuing And Discontinued Operation": -18486000.0,
        "Total Expenses": 190235000.0,
        "Total Operating Income As Reported": -25957000.0,
        "Diluted Average Shares": 12010776.0,
        "Basic Average Shares": 12010776.0,
        "Diluted EPS": -1.44,
        "Basic EPS": -1.44,
        "Diluted NI Availto Com Stockholders": -18486000.0,
        "Net Income Common Stockholders": -18486000.0,
        "Net Income": -18486000.0,
        "Minority Interests": 1154000.0,
        "Net Income Including Noncontrolling Interests": -19640000.0,
        "Net Income Continuous Operations": -19640000.0,
        "Tax Provision": 551000.0,
        "Pretax Income": -19089000.0,
        "Other Income Expense": 1873000.0,
        "Other Non Operating Income Expenses": -658000.0,
        "Earnings From Equity Interest": -248000.0,
        "Gain On Sale Of Security": 2779000.0,
        "Net Non Operating Interest Income Expense": 4995000.0,
        "Interest Income Non Operating": 4995000.0,
        "Operating Income": -25957000.0,
        "Operating Expense": 88229000.0,
        "Research And Development": 17314000.0,
        "Selling General And Administration": 70915000.0,
        "Selling And Marketing Expense": 44226000.0,
        "General And Administrative Expense": 26689000.0,
        "Other Gand A": 26689000.0,
        "Gross Profit": 62272000.0,
        "Cost Of Revenue": 102006000.0,
        "Total Revenue": 164278000.0,
        "Operating Revenue": 164278000.0
    },
    "2024-12-31": {
        "Tax Effect Of Unusual Items": -1282000.0,
        "Tax Rate For Calcs": 0.25,
        "Normalized EBITDA": 11837000.0,
        "Total Unusual Items": -5128000.0,
        "Total Unusual Items Excluding Goodwill": -5128000.0,
        "Net Income From Continuing Operation Net Minority Interest": -3593000.0,
        "Reconciled Cost Of Revenue": 121102000.0,
        "EBITDA": 6709000.0,
        "EBIT": 6709000.0,
        "Net Interest Income": 8519000.0,
        "Interest Income": 8519000.0,
        "Normalized Income": 253000.0,
        "Net Income From Continuing And Discontinued Operation": -3593000.0,
        "Total Expenses": 211398000.0,
        "Total Operating Income As Reported": 6709000.0,
        "Diluted Average Shares": 12010776.0,
        "Basic Average Shares": 12010776.0,
        "Diluted EPS": -0.48,
        "Basic EPS": -0.48,
        "Diluted NI Availto Com Stockholders": -3593000.0,
        "Net Income Common Stockholders": -3593000.0,
        "Net Income": -3593000.0,
        "Minority Interests": -1608000.0,
        "Net Income Including Noncontrolling Interests": -1985000.0,
        "Net Income Continuous Operations": -1985000.0,
        "Tax Provision": 3793000.0,
        "Pretax Income": 1808000.0,
        "Other Income Expense": -13420000.0,
        "Other Non Operating Income Expenses": 1560000.0,
        "Earnings From Equity Interest": -9852000.0,
        "Gain On Sale Of Security": -5128000.0,
        "Net Non Operating Interest Income Expense": 8519000.0,
        "Interest Income Non Operating": 8519000.0,
        "Operating Income": 6709000.0,
        "Operating Expense": 90296000.0,
        "Research And Development": 18212000.0,
        "Selling General And Administration": 72084000.0,
        "Selling And Marketing Expense": 63539000.0,
        "General And Administrative Expense": 8545000.0,
        "Other Gand A": 8545000.0,
        "Gross Profit": 97005000.0,
        "Cost Of Revenue": 121102000.0,
        "Total Revenue": 218107000.0,
        "Operating Revenue": 218107000.0
    },
    "2025-03-31": {
        "Tax Effect Of Unusual Items": -11807.135362,
        "Tax Rate For Calcs": 0.09297,
        "Normalized EBITDA": -38238000.0,
        "Total Unusual Items": -127000.0,
        "Total Unusual Items Excluding Goodwill": -127000.0,
        "Net Income From Continuing Operation Net Minority Interest": -29726000.0,
        "Reconciled Cost Of Revenue": 92481000.0,
        "EBITDA": -38365000.0,
        "EBIT": -38365000.0,
        "Net Interest Income": 5064000.0,
        "Interest Income": 5064000.0,
        "Normalized Income": -29610807.135362,
        "Net Income From Continuing And Discontinued Operation": -29726000.0,
        "Total Expenses": 193577000.0,
        "Total Operating Income As Reported": -38365000.0,
        "Diluted Average Shares": 12010776.0,
        "Basic Average Shares": 12010776.0,
        "Diluted EPS": -2.4,
        "Basic EPS": -2.4,
        "Diluted NI Availto Com Stockholders": -29726000.0,
        "Net Income Common Stockholders": -29726000.0,
        "Net Income": -29726000.0,
        "Minority Interests": 528000.0,
        "Net Income Including Noncontrolling Interests": -30254000.0,
        "Net Income Continuous Operations": -30254000.0,
        "Tax Provision": -3101000.0,
        "Pretax Income": -33355000.0,
        "Other Income Expense": -54000.0,
        "Other Non Operating Income Expenses": 260000.0,
        "Earnings From Equity Interest": -187000.0,
        "Gain On Sale Of Security": -127000.0,
        "Net Non Operating Interest Income Expense": 5064000.0,
        "Interest Income Non Operating": 5064000.0,
        "Operating Income": -38365000.0,
        "Operating Expense": 101096000.0,
        "Research And Development": 17025000.0,
        "Selling General And Administration": 84071000.0,
        "Selling And Marketing Expense": 63038000.0,
        "General And Administrative Expense": 21033000.0,
        "Other Gand A": 21033000.0,
        "Gross Profit": 62731000.0,
        "Cost Of Revenue": 92481000.0,
        "Total Revenue": 155212000.0,
        "Operating Revenue": 155212000.0
    },
    "2025-06-30": {
        "Tax Effect Of Unusual Items": -258250.0,
        "Tax Rate For Calcs": 0.25,
        "Normalized EBITDA": -6178000.0,
        "Total Unusual Items": -1033000.0,
        "Total Unusual Items Excluding Goodwill": -1033000.0,
        "Net Income From Continuing Operation Net Minority Interest": -10355000.0,
        "Reconciled Cost Of Revenue": 95131000.0,
        "EBITDA": -7211000.0,
        "EBIT": -7211000.0,
        "Net Interest Income": 6090000.0,
        "Interest Income": 6090000.0,
        "Normalized Income": -9580250.0,
        "Net Income From Continuing And Discontinued Operation": -10355000.0,
        "Total Expenses": 194364000.0,
        "Total Operating Income As Reported": -7211000.0,
        "Diluted Average Shares": 12010776.0,
        "Basic Average Shares": 12010776.0,
        "Diluted EPS": -0.96,
        "Basic EPS": -0.96,
        "Diluted NI Availto Com Stockholders": -10355000.0,
        "Net Income Common Stockholders": -10355000.0,
        "Net Income": -10355000.0,
        "Minority Interests": -652000.0,
        "Net Income Including Noncontrolling Interests": -9703000.0,
        "Net Income Continuous Operations": -9703000.0,
        "Tax Provision": 4627000.0,
        "Pretax Income": -5076000.0,
        "Other Income Expense": -3955000.0,
        "Other Non Operating Income Expenses": 193000.0,
        "Earnings From Equity Interest": -3115000.0,
        "Gain On Sale Of Security": -1033000.0,
        "Net Non Operating Interest Income Expense": 6090000.0,
        "Interest Income Non Operating": 6090000.0,
        "Operating Income": -7211000.0,
        "Operating Expense": 99233000.0,
        "Research And Development": 16553000.0,
        "Selling General And Administration": 82680000.0,
        "Selling And Marketing Expense": 68545000.0,
        "General And Administrative Expense": 14135000.0,
        "Other Gand A": 14135000.0,
        "Gross Profit": 92022000.0,
        "Cost Of Revenue": 95131000.0,
        "Total Revenue": 187153000.0,
        "Operating Revenue": 187153000.0
    },
    "2025-09-30": {
        "Tax Effect Of Unusual Items": 2850500.0,
        "Tax Rate For Calcs": 0.25,
        "Normalized EBITDA": -24701000.0,
        "Total Unusual Items": 11402000.0,
        "Total Unusual Items Excluding Goodwill": 11402000.0,
        "Net Income From Continuing Operation Net Minority Interest": -4922000.0,
        "Reconciled Cost Of Revenue": 105220000.0,
        "EBITDA": -13299000.0,
        "EBIT": -13299000.0,
        "Net Interest Income": 4924000.0,
        "Interest Income": 4924000.0,
        "Normalized Income": -13473500.0,
        "Net Income From Continuing And Discontinued Operation": -4922000.0,
        "Total Expenses": 214207000.0,
        "Total Operating Income As Reported": -13299000.0,
        "Diluted Average Shares": 12010776.0,
        "Basic Average Shares": 12010776.0,
        "Diluted EPS": -0.48,
        "Basic EPS": -0.48,
        "Diluted NI Availto Com Stockholders": -4922000.0,
        "Net Income Common Stockholders": -4922000.0,
        "Net Income": -4922000.0,
        "Minority Interests": 80000.0,
        "Net Income Including Noncontrolling Interests": -5002000.0,
        "Net Income Continuous Operations": -5002000.0,
        "Tax Provision": 7990000.0,
        "Pretax Income": 2988000.0,
        "Other Income Expense": 11363000.0,
        "Other Non Operating Income Expenses": 206000.0,
        "Earnings From Equity Interest": -245000.0,
        "Gain On Sale Of Security": 11402000.0,
        "Net Non Operating Interest Income Expense": 4924000.0,
        "Interest Income Non Operating": 4924000.0,
        "Operating Income": -13299000.0,
        "Operating Expense": 108987000.0,
        "Research And Development": 16310000.0,
        "Selling General And Administration": 92677000.0,
        "Selling And Marketing Expense": 73377000.0,
        "General And Administrative Expense": 19300000.0,
        "Other Gand A": 19300000.0,
        "Gross Profit": 95688000.0,
        "Cost Of Revenue": 105220000.0,
        "Total Revenue": 200908000.0,
        "Operating Revenue": 200908000.0
    }
}