{
    "2023-06-30": {
        "Tax Effect Of Unusual Items": 0.0,
        "Tax Rate For Calcs": 0.190795,
        "Net Income From Continuing Operation Net Minority Interest": 65667000.0,
        "Reconciled Depreciation": 7516000.0,
        "Net Interest Income": 159232000.0,
        "Interest Expense": 64663000.0,
        "Interest Income": 223895000.0,
        "Normalized Income": 65667000.0,
        "Net Income From Continuing And Discontinued Operation": 65667000.0,
        "Rent Expense Supplemental": 6730000.0,
        "Diluted Average Shares": 95169348.0,
        "Basic Average Shares": 93924068.0,
        "Diluted EPS": 0.69,
        "Basic EPS": 0.7,
        "Diluted NI Availto Com Stockholders": 65667000.0,
        "Net Income Common Stockholders": 65667000.0,
        "Net Income": 65667000.0,
        "Net Income Including Noncontrolling Interests": 65667000.0,
        "Net Income Continuous Operations": 65667000.0,
        "Tax Provision": 15483000.0,
        "Pretax Income": 81150000.0,
        "Gain On Sale Of Security": -466000.0,
        "Depreciation Amortization Depletion Income Statement": 2601000.0,
        "Depreciation And Amortization In Income Statement": 2601000.0,
        "Amortization": 2601000.0,
        "Amortization Of Intangibles Income Statement": 2601000.0,
        "Selling General And Administration": 86537000.0,
        "Selling And Marketing Expense": 2802000.0,
        "General And Administrative Expense": 83735000.0,
        "Insurance And Claims": 2806000.0,
        "Rent And Landing Fees": 6730000.0,
        "Salaries And Wages": 74199000.0,
        "Total Revenue": 212490000.0,
        "Operating Revenue": 212490000.0,
        "Occupancy And Equipment": 8968000.0,
        "Professional Expense And Contract Services Expense": 2308000.0,
        "Other Non Interest Expense": 20201000.0
    },
    "2023-03-31": {
        "Tax Effect Of Unusual Items": 0.0,
        "Tax Rate For Calcs": 0.197,
        "Net Income From Continuing Operation Net Minority Interest": 70403000.0,
        "Reconciled Depreciation": 7520000.0,
        "Net Interest Income": 159318000.0,
        "Interest Expense": 49263000.0,
        "Interest Income": 208581000.0,
        "Normalized Income": 70403000.0,
        "Net Income From Continuing And Discontinued Operation": 70403000.0,
        "Rent Expense Supplemental": 7938000.0,
        "Diluted Average Shares": 94960158.0,
        "Basic Average Shares": 93732532.0,
        "Diluted EPS": 0.74,
        "Basic EPS": 0.75,
        "Diluted NI Availto Com Stockholders": 70403000.0,
        "Net Income Common Stockholders": 70403000.0,
        "Net Income": 70403000.0,
        "Net Income Including Noncontrolling Interests": 70403000.0,
        "Net Income Continuous Operations": 70403000.0,
        "Tax Provision": 17286000.0,
        "Pretax Income": 87689000.0,
        "Gain On Sale Of Security": 121000.0,
        "Depreciation Amortization Depletion Income Statement": 2600000.0,
        "Depreciation And Amortization In Income Statement": 2600000.0,
        "Amortization": 2600000.0,
        "Amortization Of Intangibles Income Statement": 2600000.0,
        "Selling General And Administration": 85178000.0,
        "Selling And Marketing Expense": 2160000.0,
        "General And Administrative Expense": 83018000.0,
        "Insurance And Claims": 2826000.0,
        "Rent And Landing Fees": 7938000.0,
        "Salaries And Wages": 72254000.0,
        "Total Revenue": 214861000.0,
        "Operating Revenue": 214861000.0,
        "Occupancy And Equipment": 9002000.0,
        "Professional Expense And Contract Services Expense": 1946000.0,
        "Other Non Interest Expense": 17967000.0
    },
    "2022-12-31": {
        "Tax Effect Of Unusual Items": 0.0,
        "Tax Rate For Calcs": 0.130545,
        "Net Income From Continuing Operation Net Minority Interest": 69086000.0,
        "Reconciled Depreciation": 14962000.0,
        "Net Interest Income": 157896000.0,
        "Interest Expense": 32018000.0,
        "Interest Income": 189914000.0,
        "Normalized Income": 69086000.0,
        "Net Income From Continuing And Discontinued Operation": 69086000.0,
        "Rent Expense Supplemental": 6061000.0,
        "Diluted Average Shares": 94831788.0,
        "Basic Average Shares": 93590674.0,
        "Diluted EPS": 0.73,
        "Basic EPS": 0.74,
        "Diluted NI Availto Com Stockholders": 69086000.0,
        "Net Income Common Stockholders": 69086000.0,
        "Net Income": 69086000.0,
        "Net Income Including Noncontrolling Interests": 69086000.0,
        "Net Income Continuous Operations": 69086000.0,
        "Tax Provision": 10373000.0,
        "Pretax Income": 79459000.0,
        "Gain On Sale Of Security": 922000.0,
        "Depreciation Amortization Depletion Income Statement": 2573000.0,
        "Depreciation And Amortization In Income Statement": 2573000.0,
        "Amortization": 2573000.0,
        "Amortization Of Intangibles Income Statement": 2573000.0,
        "Selling General And Administration": 56965000.0,
        "Selling And Marketing Expense": 2198000.0,
        "General And Administrative Expense": 54767000.0,
        "Insurance And Claims": 2173000.0,
        "Rent And Landing Fees": 6061000.0,
        "Salaries And Wages": 73621000.0,
        "Total Revenue": 213931000.0,
        "Operating Revenue": 213931000.0
    },
    "2022-09-30": {
        "Tax Effect Of Unusual Items": NaN,
        "Tax Rate For Calcs": NaN,
        "Net Income From Continuing Operation Net Minority Interest": NaN,
        "Reconciled Depreciation": NaN,
        "Net Interest Income": NaN,
        "Interest Expense": NaN,
        "Interest Income": NaN,
        "Normalized Income": NaN,
        "Net Income From Continuing And Discontinued Operation": NaN,
        "Rent Expense Supplemental": NaN,
        "Diluted Average Shares": NaN,
        "Basic Average Shares": NaN,
        "Diluted EPS": NaN,
        "Basic EPS": NaN,
        "Diluted NI Availto Com Stockholders": NaN,
        "Net Income Common Stockholders": NaN,
        "Net Income": NaN,
        "Net Income Including Noncontrolling Interests": NaN,
        "Net Income Continuous Operations": NaN,
        "Tax Provision": NaN,
        "Pretax Income": NaN,
        "Gain On Sale Of Security": NaN,
        "Depreciation Amortization Depletion Income Statement": NaN,
        "Depreciation And Amortization In Income Statement": NaN,
        "Amortization": NaN,
        "Amortization Of Intangibles Income Statement": NaN,
        "Selling General And Administration": NaN,
        "Selling And Marketing Expense": NaN,
        "General And Administrative Expense": NaN,
        "Other Gand A": 9154000.0,
        "Insurance And Claims": NaN,
        "Rent And Landing Fees": NaN,
        "Salaries And Wages": NaN,
        "Total Revenue": NaN,
        "Operating Revenue": NaN
    },
    "2022-06-30": {
        "Tax Effect Of Unusual Items": 0.0,
        "Tax Rate For Calcs": 0.202,
        "Net Income From Continuing Operation Net Minority Interest": 51520000.0,
        "Reconciled Depreciation": 2915000.0,
        "Net Interest Income": 117195000.0,
        "Interest Expense": 8948000.0,
        "Interest Income": 126143000.0,
        "Normalized Income": 51520000.0,
        "Net Income From Continuing And Discontinued Operation": 51520000.0,
        "Diluted Average Shares": 94449817.0,
        "Basic Average Shares": 93555131.0,
        "Diluted EPS": 0.55,
        "Basic EPS": 0.55,
        "Diluted NI Availto Com Stockholders": 51520000.0,
        "Net Income Common Stockholders": 51520000.0,
        "Net Income": 51520000.0,
        "Net Income Including Noncontrolling Interests": 51520000.0,
        "Net Income Continuous Operations": 51520000.0,
        "Tax Provision": 13020000.0,
        "Pretax Income": 64540000.0,
        "Gain On Sale Of Security": -1054000.0,
        "Depreciation Amortization Depletion Income Statement": 2915000.0,
        "Depreciation And Amortization In Income Statement": 2915000.0,
        "Amortization": 2915000.0,
        "Amortization Of Intangibles Income Statement": 2915000.0,
        "Selling General And Administration": 77996000.0,
        "Selling And Marketing Expense": 2323000.0,
        "General And Administrative Expense": 75673000.0,
        "Other Gand A": 9004000.0,
        "Insurance And Claims": 1677000.0,
        "Salaries And Wages": 64992000.0,
        "Total Revenue": 166981000.0,
        "Operating Revenue": 166981000.0
    },
    "2022-03-31": {
        "Diluted EPS": 0.44,
        "Total Revenue": 155,
        "Gross Profit": 148,
        "Operating Income": 51,
        "EBIT": NaN,
        "Net Income": 41
    },
    "2021-12-31": {
        "Diluted EPS": 0.51,
        "Total Revenue": 164,
        "Gross Profit": 156,
        "Operating Income": 55,
        "EBIT": NaN,
        "Net Income": 47
    },
    "2021-09-30": {
        "Diluted EPS": 0.63,
        "Total Revenue": 163,
        "Gross Profit": 156,
        "Operating Income": 67,
        "EBIT": NaN,
        "Net Income": 60
    },
    "2021-06-30": {
        "Diluted EPS": 0.52,
        "Total Revenue": 165,
        "Gross Profit": 157,
        "Operating Income": 62,
        "EBIT": NaN,
        "Net Income": 51
    },
    "2021-03-31": {
        "Diluted EPS": 0.48,
        "Total Revenue": 163,
        "Gross Profit": 154,
        "Operating Income": 58,
        "EBIT": NaN,
        "Net Income": 47
    },
    "2020-12-31": {
        "Diluted EPS": 0.5,
        "Total Revenue": 192,
        "Gross Profit": 180,
        "Operating Income": 54,
        "EBIT": NaN,
        "Net Income": 48
    },
    "2020-09-30": {
        "Diluted EPS": 0.42,
        "Total Revenue": 176,
        "Gross Profit": 162,
        "Operating Income": 51,
        "EBIT": NaN,
        "Net Income": 41
    },
    "2020-06-30": {
        "Diluted EPS": 0.38,
        "Total Revenue": 172,
        "Gross Profit": 154,
        "Operating Income": 45,
        "EBIT": NaN,
        "Net Income": 37
    },
    "2020-03-31": {
        "Diluted EPS": 0.29,
        "Total Revenue": 175,
        "Gross Profit": 150,
        "Operating Income": 35,
        "EBIT": NaN,
        "Net Income": 29
    },
    "2019-12-31": {
        "Diluted EPS": 0.49,
        "Total Revenue": 184,
        "Gross Profit": 156,
        "Operating Income": 58,
        "EBIT": NaN,
        "Net Income": 49
    },
    "2019-09-30": {
        "Diluted EPS": 0.51,
        "Total Revenue": 187,
        "Gross Profit": 155,
        "Operating Income": 63,
        "EBIT": NaN,
        "Net Income": 51
    },
    "2019-06-30": {
        "Diluted EPS": 0.53,
        "Total Revenue": 189,
        "Gross Profit": 157,
        "Operating Income": 66,
        "EBIT": NaN,
        "Net Income": 53
    },
    "2019-03-31": {
        "Diluted EPS": 0.47,
        "Total Revenue": 179,
        "Gross Profit": 148,
        "Operating Income": 56,
        "EBIT": NaN,
        "Net Income": 46
    },
    "2018-12-31": {
        "Diluted EPS": 0.56,
        "Total Revenue": 183,
        "Gross Profit": 155,
        "Operating Income": 65,
        "EBIT": NaN,
        "Net Income": 55
    },
    "2018-09-30": {
        "Diluted EPS": 0.51,
        "Total Revenue": 178,
        "Gross Profit": 152,
        "Operating Income": 64,
        "EBIT": NaN,
        "Net Income": 51
    },
    "2018-06-30": {
        "Diluted EPS": 0.37,
        "Total Revenue": 176,
        "Gross Profit": 152,
        "Operating Income": 47,
        "EBIT": NaN,
        "Net Income": 36
    },
    "2018-03-31": {
        "Diluted EPS": 0.49,
        "Total Revenue": 107,
        "Gross Profit": 93,
        "Operating Income": 38,
        "EBIT": NaN,
        "Net Income": 31
    },
    "2017-12-31": {
        "Diluted EPS": 0.4,
        "Total Revenue": 107,
        "Gross Profit": 94,
        "Operating Income": 13,
        "EBIT": NaN,
        "Net Income": 25
    },
    "2017-09-30": {
        "Diluted EPS": 0.4,
        "Total Revenue": 108,
        "Gross Profit": 93,
        "Operating Income": 37,
        "EBIT": NaN,
        "Net Income": 25
    },
    "2017-06-30": {
        "Diluted EPS": 0.37,
        "Total Revenue": 98,
        "Gross Profit": 86,
        "Operating Income": 35,
        "EBIT": NaN,
        "Net Income": 23
    },
    "2017-03-31": {
        "Diluted EPS": 0.39,
        "Total Revenue": 96,
        "Gross Profit": 86,
        "Operating Income": 36,
        "EBIT": NaN,
        "Net Income": 24
    },
    "2016-12-31": {
        "Diluted EPS": 0.38,
        "Total Revenue": 96,
        "Gross Profit": 87,
        "Operating Income": 34,
        "EBIT": NaN,
        "Net Income": 23
    },
    "2016-09-30": {
        "Diluted EPS": 0.37,
        "Total Revenue": 94,
        "Gross Profit": 86,
        "Operating Income": 33,
        "EBIT": NaN,
        "Net Income": 23
    },
    "2016-06-30": {
        "Diluted EPS": 0.36,
        "Total Revenue": 95,
        "Gross Profit": 87,
        "Operating Income": 34,
        "EBIT": NaN,
        "Net Income": 23
    },
    "2016-03-31": {
        "Diluted EPS": 0.32,
        "Total Revenue": 90,
        "Gross Profit": 82,
        "Operating Income": 30,
        "EBIT": NaN,
        "Net Income": 20
    },
    "2015-12-31": {
        "Diluted EPS": 0.31,
        "Total Revenue": 89,
        "Gross Profit": 82,
        "Operating Income": 29,
        "EBIT": NaN,
        "Net Income": 20
    },
    "2015-09-30": {
        "Diluted EPS": 0.3,
        "Total Revenue": 89,
        "Gross Profit": 84,
        "Operating Income": 28,
        "EBIT": NaN,
        "Net Income": 19
    },
    "2015-06-30": {
        "Diluted EPS": 0.31,
        "Total Revenue": 85,
        "Gross Profit": 80,
        "Operating Income": 28,
        "EBIT": NaN,
        "Net Income": 19
    },
    "2015-03-31": {
        "Diluted EPS": 0.29,
        "Total Revenue": 82,
        "Gross Profit": 76,
        "Operating Income": 26,
        "EBIT": NaN,
        "Net Income": 18
    },
    "2014-12-31": {
        "Diluted EPS": 0.29,
        "Total Revenue": 84,
        "Gross Profit": 78,
        "Operating Income": 26,
        "EBIT": NaN,
        "Net Income": 19
    },
    "2014-09-30": {
        "Diluted EPS": 0.26,
        "Total Revenue": 80,
        "Gross Profit": 75,
        "Operating Income": 23,
        "EBIT": NaN,
        "Net Income": 15
    },
    "2014-06-30": {
        "Diluted EPS": 0.28,
        "Total Revenue": 75,
        "Gross Profit": 71,
        "Operating Income": 24,
        "EBIT": NaN,
        "Net Income": 16
    },
    "2014-03-31": {
        "Diluted EPS": 0.26,
        "Total Revenue": 73,
        "Gross Profit": 69,
        "Operating Income": 22,
        "EBIT": NaN,
        "Net Income": 15
    },
    "2013-12-31": {
        "Diluted EPS": 0.06,
        "Total Revenue": 73,
        "Gross Profit": 69,
        "Operating Income": 25,
        "EBIT": NaN,
        "Net Income": 4
    },
    "2013-09-30": {
        "Diluted EPS": 0.26,
        "Total Revenue": 82,
        "Gross Profit": 78,
        "Operating Income": 23,
        "EBIT": NaN,
        "Net Income": 15
    },
    "2013-06-30": {
        "Diluted EPS": 0.27,
        "Total Revenue": 74,
        "Gross Profit": 70,
        "Operating Income": 22,
        "EBIT": NaN,
        "Net Income": 16
    },
    "2013-03-31": {
        "Diluted EPS": 0.24,
        "Total Revenue": 90,
        "Gross Profit": 85,
        "Operating Income": 20,
        "EBIT": NaN,
        "Net Income": 14
    },
    "2012-12-31": {
        "Diluted EPS": 0.27,
        "Total Revenue": 94,
        "Gross Profit": 88,
        "Operating Income": 25,
        "EBIT": NaN,
        "Net Income": 16
    },
    "2012-09-30": {
        "Diluted EPS": 0.28,
        "Total Revenue": 97,
        "Gross Profit": 91,
        "Operating Income": 25,
        "EBIT": NaN,
        "Net Income": 16
    },
    "2012-06-30": {
        "Diluted EPS": 0.3,
        "Total Revenue": 105,
        "Gross Profit": 98,
        "Operating Income": 27,
        "EBIT": NaN,
        "Net Income": 18
    },
    "2012-03-31": {
        "Diluted EPS": 0.29,
        "Total Revenue": 107,
        "Gross Profit": 99,
        "Operating Income": 27,
        "EBIT": NaN,
        "Net Income": 17
    },
    "2011-12-31": {
        "Diluted EPS": 0.31,
        "Total Revenue": 105,
        "Gross Profit": 95,
        "Operating Income": 28,
        "EBIT": NaN,
        "Net Income": 18
    },
    "2011-09-30": {
        "Diluted EPS": 0.27,
        "Total Revenue": 104,
        "Gross Profit": 93,
        "Operating Income": 25,
        "EBIT": NaN,
        "Net Income": 16
    },
    "2011-06-30": {
        "Diluted EPS": 0.27,
        "Total Revenue": 119,
        "Gross Profit": 107,
        "Operating Income": 25,
        "EBIT": NaN,
        "Net Income": 16
    },
    "2011-03-31": {
        "Diluted EPS": 0.29,
        "Total Revenue": 124,
        "Gross Profit": 111,
        "Operating Income": 27,
        "EBIT": NaN,
        "Net Income": 17
    },
    "2010-12-31": {
        "Diluted EPS": 0.25,
        "Total Revenue": 117,
        "Gross Profit": 102,
        "Operating Income": 22,
        "EBIT": NaN,
        "Net Income": 14
    },
    "2010-09-30": {
        "Diluted EPS": 0.27,
        "Total Revenue": 130,
        "Gross Profit": 113,
        "Operating Income": 24,
        "EBIT": NaN,
        "Net Income": 16
    },
    "2010-06-30": {
        "Diluted EPS": 0.3,
        "Total Revenue": 126,
        "Gross Profit": 108,
        "Operating Income": 27,
        "EBIT": NaN,
        "Net Income": 18
    },
    "2010-03-31": {
        "Diluted EPS": 0.17,
        "Total Revenue": 117,
        "Gross Profit": 99,
        "Operating Income": 18,
        "EBIT": NaN,
        "Net Income": 10
    },
    "2009-12-31": {
        "Diluted EPS": 0.76,
        "Total Revenue": 117,
        "Gross Profit": 97,
        "Operating Income": 21,
        "EBIT": NaN,
        "Net Income": 13
    },
    "2009-09-30": {
        "Diluted EPS": 3.87,
        "Total Revenue": 409,
        "Gross Profit": 395,
        "Operating Income": 322,
        "EBIT": NaN,
        "Net Income": 199
    },
    "2009-06-30": {
        "Diluted EPS": 0.01,
        "Total Revenue": 56,
        "Gross Profit": 45,
        "Operating Income": 3,
        "EBIT": NaN,
        "Net Income": 0
    },
    "2009-03-31": {
        "Diluted EPS": 0.14,
        "Total Revenue": 55,
        "Gross Profit": 43,
        "Operating Income": 9,
        "EBIT": NaN,
        "Net Income": 5
    },
    "2023-09-30": {
        "Tax Effect Of Unusual Items": NaN,
        "Tax Rate For Calcs": NaN,
        "Net Income From Continuing Operation Net Minority Interest": NaN,
        "Reconciled Depreciation": NaN,
        "Net Interest Income": NaN,
        "Interest Expense": NaN,
        "Interest Income": NaN,
        "Normalized Income": NaN,
        "Net Income From Continuing And Discontinued Operation": NaN,
        "Rent Expense Supplemental": NaN,
        "Diluted Average Shares": 95546970.0,
        "Basic Average Shares": 94030275.0,
        "Diluted EPS": 0.66,
        "Basic EPS": 0.67,
        "Diluted NI Availto Com Stockholders": NaN,
        "Net Income Common Stockholders": NaN,
        "Net Income": NaN,
        "Net Income Including Noncontrolling Interests": NaN,
        "Net Income Continuous Operations": NaN,
        "Tax Provision": NaN,
        "Pretax Income": NaN,
        "Gain On Sale Of Security": NaN,
        "Depreciation Amortization Depletion Income Statement": NaN,
        "Depreciation And Amortization In Income Statement": NaN,
        "Amortization": NaN,
        "Amortization Of Intangibles Income Statement": NaN,
        "Selling General And Administration": NaN,
        "Selling And Marketing Expense": NaN,
        "General And Administrative Expense": NaN,
        "Insurance And Claims": NaN,
        "Rent And Landing Fees": NaN,
        "Salaries And Wages": NaN,
        "Total Revenue": NaN,
        "Operating Revenue": NaN,
        "Occupancy And Equipment": NaN,
        "Professional Expense And Contract Services Expense": NaN,
        "Other Non Interest Expense": NaN
    },
    "2023-12-31": {
        "Tax Effect Of Unusual Items": 0.0,
        "Tax Rate For Calcs": 0.205334,
        "Net Income From Continuing Operation Net Minority Interest": 56732000.0,
        "Reconciled Depreciation": 15132000.0,
        "Net Interest Income": 153765000.0,
        "Interest Expense": 84672000.0,
        "Interest Income": 238437000.0,
        "Normalized Income": 56732000.0,
        "Net Income From Continuing And Discontinued Operation": 56732000.0,
        "Rent Expense Supplemental": 8955000.0,
        "Diluted Average Shares": 95126316.0,
        "Basic Average Shares": 94063570.0,
        "Diluted EPS": 0.6,
        "Basic EPS": 0.6,
        "Diluted NI Availto Com Stockholders": 56732000.0,
        "Net Income Common Stockholders": 56732000.0,
        "Net Income": 56732000.0,
        "Net Income Including Noncontrolling Interests": 56732000.0,
        "Net Income Continuous Operations": 56732000.0,
        "Tax Provision": 14659000.0,
        "Pretax Income": 71391000.0,
        "Gain On Sale Of Security": -649000.0,
        "Depreciation Amortization Depletion Income Statement": 2601000.0,
        "Depreciation And Amortization In Income Statement": 2601000.0,
        "Amortization": 2601000.0,
        "Amortization Of Intangibles Income Statement": 2601000.0,
        "Selling General And Administration": 85330000.0,
        "Selling And Marketing Expense": 2087000.0,
        "General And Administrative Expense": 83243000.0,
        "Insurance And Claims": 3651000.0,
        "Rent And Landing Fees": 8955000.0,
        "Salaries And Wages": 70637000.0,
        "Total Revenue": 200758000.0,
        "Operating Revenue": 200758000.0,
        "Occupancy And Equipment": 9413000.0,
        "Professional Expense And Contract Services Expense": 3148000.0,
        "Other Non Interest Expense": 18645000.0
    },
    "2024-03-31": {
        "Tax Effect Of Unusual Items": 0.0,
        "Tax Rate For Calcs": 0.179,
        "Net Income From Continuing Operation Net Minority Interest": 50689000.0,
        "Reconciled Depreciation": 7395000.0,
        "Net Interest Income": 148740000.0,
        "Interest Expense": 91946000.0,
        "Interest Income": 240686000.0,
        "Normalized Income": 50689000.0,
        "Net Income From Continuing And Discontinued Operation": 50689000.0,
        "Rent Expense Supplemental": 9754000.0,
        "Diluted Average Shares": 95183998.0,
        "Basic Average Shares": 94218067.0,
        "Diluted EPS": 0.53,
        "Basic EPS": 0.54,
        "Diluted NI Availto Com Stockholders": 50689000.0,
        "Net Income Common Stockholders": 50689000.0,
        "Net Income": 50689000.0,
        "Net Income Including Noncontrolling Interests": 50689000.0,
        "Net Income Continuous Operations": 50689000.0,
        "Tax Provision": 11048000.0,
        "Pretax Income": 61737000.0,
        "Gain On Sale Of Security": -5187000.0,
        "Depreciation Amortization Depletion Income Statement": 2301000.0,
        "Depreciation And Amortization In Income Statement": 2301000.0,
        "Amortization": 2301000.0,
        "Amortization Of Intangibles Income Statement": 2301000.0,
        "Selling General And Administration": 88533000.0,
        "Selling And Marketing Expense": 1962000.0,
        "General And Administrative Expense": 86571000.0,
        "Insurance And Claims": 2780000.0,
        "Rent And Landing Fees": 9754000.0,
        "Salaries And Wages": 74037000.0,
        "Total Revenue": 195252000.0,
        "Operating Revenue": 195252000.0,
        "Occupancy And Equipment": 9611000.0,
        "Professional Expense And Contract Services Expense": 2268000.0,
        "Other Non Interest Expense": 19642000.0
    },
    "2024-06-30": {
        "Tax Effect Of Unusual Items": 0.0,
        "Tax Rate For Calcs": 0.187,
        "Net Income From Continuing Operation Net Minority Interest": 60805000.0,
        "Reconciled Depreciation": 7778000.0,
        "Net Interest Income": 153311000.0,
        "Interest Expense": 99408000.0,
        "Interest Income": 252719000.0,
        "Normalized Income": 60805000.0,
        "Net Income From Continuing And Discontinued Operation": 60805000.0,
        "Rent Expense Supplemental": 10128000.0,
        "Diluted Average Shares": 95470093.0,
        "Basic Average Shares": 94438235.0,
        "Diluted EPS": 0.64,
        "Basic EPS": 0.64,
        "Diluted NI Availto Com Stockholders": 60805000.0,
        "Net Income Common Stockholders": 60805000.0,
        "Net Income": 60805000.0,
        "Net Income Including Noncontrolling Interests": 60805000.0,
        "Net Income Continuous Operations": 60805000.0,
        "Tax Provision": 13990000.0,
        "Pretax Income": 74795000.0,
        "Gain On Sale Of Security": -64000.0,
        "Depreciation Amortization Depletion Income Statement": 2396000.0,
        "Depreciation And Amortization In Income Statement": 2396000.0,
        "Amortization": 2396000.0,
        "Amortization Of Intangibles Income Statement": 2396000.0,
        "Selling General And Administration": 90615000.0,
        "Selling And Marketing Expense": 2605000.0,
        "General And Administrative Expense": 88010000.0,
        "Insurance And Claims": 2657000.0,
        "Rent And Landing Fees": 10128000.0,
        "Salaries And Wages": 75225000.0,
        "Total Revenue": 214812000.0,
        "Operating Revenue": 214812000.0,
        "Occupancy And Equipment": 9439000.0,
        "Professional Expense And Contract Services Expense": 2885000.0,
        "Other Non Interest Expense": 18239000.0
    },
    "2024-09-30": {
        "Tax Effect Of Unusual Items": 0.0,
        "Tax Rate For Calcs": 0.192,
        "Net Income From Continuing Operation Net Minority Interest": 52451000.0,
        "Reconciled Depreciation": 7665000.0,
        "Net Interest Income": 155560000.0,
        "Interest Expense": 101559000.0,
        "Interest Income": 257119000.0,
        "Normalized Income": 52451000.0,
        "Net Income From Continuing And Discontinued Operation": 52451000.0,
        "Rent Expense Supplemental": 11899000.0,
        "Diluted Average Shares": 95479510.0,
        "Basic Average Shares": 94473666.0,
        "Diluted EPS": 0.55,
        "Basic EPS": 0.56,
        "Diluted NI Availto Com Stockholders": 52451000.0,
        "Net Income Common Stockholders": 52451000.0,
        "Net Income": 52451000.0,
        "Net Income Including Noncontrolling Interests": 52451000.0,
        "Net Income Continuous Operations": 52451000.0,
        "Tax Provision": 12427000.0,
        "Pretax Income": 64878000.0,
        "Gain On Sale Of Security": -17468000.0,
        "Depreciation Amortization Depletion Income Statement": 2395000.0,
        "Depreciation And Amortization In Income Statement": 2395000.0,
        "Amortization": 2395000.0,
        "Amortization Of Intangibles Income Statement": 2395000.0,
        "Selling General And Administration": 92003000.0,
        "Selling And Marketing Expense": 2255000.0,
        "General And Administrative Expense": 89748000.0,
        "Insurance And Claims": 3036000.0,
        "Rent And Landing Fees": 11899000.0,
        "Salaries And Wages": 74813000.0,
        "Total Revenue": 201261000.0,
        "Operating Revenue": 201261000.0,
        "Occupancy And Equipment": 9536000.0,
        "Professional Expense And Contract Services Expense": 2303000.0,
        "Other Non Interest Expense": 19522000.0
    },
    "2024-12-31": {
        "Tax Effect Of Unusual Items": 0.0,
        "Tax Rate For Calcs": 0.030323,
        "Net Income From Continuing Operation Net Minority Interest": 64885000.0,
        "Reconciled Depreciation": 15580000.0,
        "Net Interest Income": 154399000.0,
        "Interest Expense": 97172000.0,
        "Interest Income": 251571000.0,
        "Normalized Income": 64885000.0,
        "Net Income From Continuing And Discontinued Operation": 64885000.0,
        "Rent Expense Supplemental": 12536000.0,
        "Diluted Average Shares": NaN,
        "Basic Average Shares": NaN,
        "Diluted EPS": NaN,
        "Basic EPS": NaN,
        "Diluted NI Availto Com Stockholders": 64885000.0,
        "Net Income Common Stockholders": 64885000.0,
        "Net Income": 64885000.0,
        "Net Income Including Noncontrolling Interests": 64885000.0,
        "Net Income Continuous Operations": 64885000.0,
        "Tax Provision": 2029000.0,
        "Pretax Income": 66914000.0,
        "Gain On Sale Of Security": 144000.0,
        "Depreciation Amortization Depletion Income Statement": 16791000.0,
        "Depreciation And Amortization In Income Statement": 16791000.0,
        "Amortization": 16791000.0,
        "Amortization Of Intangibles Income Statement": 16791000.0,
        "Selling General And Administration": 97790000.0,
        "Selling And Marketing Expense": 2204000.0,
        "General And Administrative Expense": 95586000.0,
        "Insurance And Claims": 2736000.0,
        "Rent And Landing Fees": 12536000.0,
        "Salaries And Wages": 80314000.0,
        "Total Revenue": 224253000.0,
        "Operating Revenue": 224253000.0,
        "Occupancy And Equipment": 8891000.0,
        "Professional Expense And Contract Services Expense": 6631000.0,
        "Other Non Interest Expense": 17804000.0
    }
}