{
    "2023-06-30": {
        "Tax Effect Of Unusual Items": NaN,
        "Tax Rate For Calcs": NaN,
        "Total Unusual Items": NaN,
        "Total Unusual Items Excluding Goodwill": NaN,
        "Net Income From Continuing Operation Net Minority Interest": NaN,
        "Reconciled Depreciation": NaN,
        "Net Interest Income": NaN,
        "Interest Expense": NaN,
        "Interest Income": NaN,
        "Normalized Income": NaN,
        "Net Income From Continuing And Discontinued Operation": NaN,
        "Diluted Average Shares": NaN,
        "Basic Average Shares": NaN,
        "Diluted EPS": NaN,
        "Basic EPS": NaN,
        "Diluted NI Availto Com Stockholders": NaN,
        "Net Income Common Stockholders": NaN,
        "Net Income": NaN,
        "Net Income Including Noncontrolling Interests": NaN,
        "Net Income Continuous Operations": NaN,
        "Tax Provision": NaN,
        "Pretax Income": NaN,
        "Gain On Sale Of Security": NaN,
        "Depreciation Amortization Depletion Income Statement": NaN,
        "Depreciation And Amortization In Income Statement": NaN,
        "Depreciation Income Statement": 1482000.0,
        "Selling General And Administration": NaN,
        "General And Administrative Expense": NaN,
        "Other Gand A": 1473000.0,
        "Insurance And Claims": NaN,
        "Salaries And Wages": NaN,
        "Total Revenue": NaN,
        "Operating Revenue": NaN,
        "Occupancy And Equipment": NaN,
        "Professional Expense And Contract Services Expense": NaN,
        "Other Non Interest Expense": NaN
    },
    "2023-03-31": {
        "Tax Effect Of Unusual Items": NaN,
        "Tax Rate For Calcs": NaN,
        "Total Unusual Items": NaN,
        "Total Unusual Items Excluding Goodwill": NaN,
        "Net Income From Continuing Operation Net Minority Interest": NaN,
        "Reconciled Depreciation": NaN,
        "Net Interest Income": NaN,
        "Interest Expense": NaN,
        "Interest Income": NaN,
        "Normalized Income": NaN,
        "Net Income From Continuing And Discontinued Operation": NaN,
        "Diluted Average Shares": NaN,
        "Basic Average Shares": NaN,
        "Diluted EPS": NaN,
        "Basic EPS": NaN,
        "Diluted NI Availto Com Stockholders": NaN,
        "Net Income Common Stockholders": NaN,
        "Net Income": NaN,
        "Net Income Including Noncontrolling Interests": NaN,
        "Net Income Continuous Operations": NaN,
        "Tax Provision": NaN,
        "Pretax Income": NaN,
        "Gain On Sale Of Security": NaN,
        "Depreciation Amortization Depletion Income Statement": NaN,
        "Depreciation And Amortization In Income Statement": NaN,
        "Depreciation Income Statement": 1510000.0,
        "Selling General And Administration": NaN,
        "General And Administrative Expense": NaN,
        "Other Gand A": NaN,
        "Insurance And Claims": NaN,
        "Salaries And Wages": NaN,
        "Total Revenue": NaN,
        "Operating Revenue": NaN,
        "Occupancy And Equipment": NaN,
        "Professional Expense And Contract Services Expense": NaN,
        "Other Non Interest Expense": NaN
    },
    "2022-12-31": {
        "Tax Effect Of Unusual Items": NaN,
        "Tax Rate For Calcs": NaN,
        "Total Unusual Items": 104000.0,
        "Total Unusual Items Excluding Goodwill": 104000.0,
        "Net Income From Continuing Operation Net Minority Interest": NaN,
        "Reconciled Depreciation": NaN,
        "Net Interest Income": NaN,
        "Interest Expense": NaN,
        "Interest Income": NaN,
        "Normalized Income": NaN,
        "Net Income From Continuing And Discontinued Operation": NaN,
        "Diluted Average Shares": NaN,
        "Basic Average Shares": NaN,
        "Diluted EPS": NaN,
        "Basic EPS": NaN,
        "Diluted NI Availto Com Stockholders": NaN,
        "Net Income Common Stockholders": NaN,
        "Net Income": NaN,
        "Net Income Including Noncontrolling Interests": NaN,
        "Net Income Continuous Operations": NaN,
        "Tax Provision": NaN,
        "Pretax Income": NaN,
        "Gain On Sale Of Security": NaN,
        "Depreciation Amortization Depletion Income Statement": NaN,
        "Depreciation And Amortization In Income Statement": NaN,
        "Depreciation Income Statement": 1535000.0,
        "Selling General And Administration": NaN,
        "General And Administrative Expense": NaN,
        "Other Gand A": NaN,
        "Insurance And Claims": NaN,
        "Salaries And Wages": NaN,
        "Total Revenue": NaN,
        "Operating Revenue": NaN,
        "Occupancy And Equipment": NaN,
        "Professional Expense And Contract Services Expense": NaN,
        "Other Non Interest Expense": NaN
    },
    "2022-09-30": {
        "Tax Effect Of Unusual Items": NaN,
        "Tax Rate For Calcs": NaN,
        "Total Unusual Items": 0.0,
        "Total Unusual Items Excluding Goodwill": 0.0,
        "Net Income From Continuing Operation Net Minority Interest": NaN,
        "Reconciled Depreciation": NaN,
        "Net Interest Income": NaN,
        "Interest Expense": NaN,
        "Interest Income": NaN,
        "Normalized Income": NaN,
        "Net Income From Continuing And Discontinued Operation": NaN,
        "Diluted Average Shares": NaN,
        "Basic Average Shares": NaN,
        "Diluted EPS": NaN,
        "Basic EPS": NaN,
        "Diluted NI Availto Com Stockholders": NaN,
        "Net Income Common Stockholders": NaN,
        "Net Income": NaN,
        "Net Income Including Noncontrolling Interests": NaN,
        "Net Income Continuous Operations": NaN,
        "Tax Provision": NaN,
        "Pretax Income": NaN,
        "Gain On Sale Of Security": NaN,
        "Depreciation Amortization Depletion Income Statement": NaN,
        "Depreciation And Amortization In Income Statement": NaN,
        "Depreciation Income Statement": 1488000.0,
        "Selling General And Administration": NaN,
        "General And Administrative Expense": NaN,
        "Other Gand A": 1367000.0,
        "Insurance And Claims": NaN,
        "Salaries And Wages": NaN,
        "Total Revenue": NaN,
        "Operating Revenue": NaN
    },
    "2022-06-30": {
        "Tax Effect Of Unusual Items": 20732.0,
        "Tax Rate For Calcs": 0.284,
        "Total Unusual Items": 73000.0,
        "Total Unusual Items Excluding Goodwill": 73000.0,
        "Net Income From Continuing Operation Net Minority Interest": 25035000.0,
        "Reconciled Depreciation": 1447000.0,
        "Net Interest Income": 64719000.0,
        "Interest Expense": 9561000.0,
        "Interest Income": 74280000.0,
        "Normalized Income": 24982732.0,
        "Net Income From Continuing And Discontinued Operation": 25035000.0,
        "Diluted Average Shares": 30937000.0,
        "Basic Average Shares": 30937000.0,
        "Diluted EPS": 0.81,
        "Basic EPS": 0.81,
        "Diluted NI Availto Com Stockholders": 25035000.0,
        "Net Income Common Stockholders": 25035000.0,
        "Net Income": 25035000.0,
        "Net Income Including Noncontrolling Interests": 25035000.0,
        "Net Income Continuous Operations": 25035000.0,
        "Tax Provision": 9936000.0,
        "Pretax Income": 34971000.0,
        "Gain On Sale Of Security": 2533000.0,
        "Depreciation Amortization Depletion Income Statement": 1447000.0,
        "Depreciation And Amortization In Income Statement": 1447000.0,
        "Depreciation Income Statement": 1447000.0,
        "Selling General And Administration": 23107000.0,
        "General And Administrative Expense": 23107000.0,
        "Other Gand A": 1383000.0,
        "Insurance And Claims": 615000.0,
        "Salaries And Wages": 21109000.0,
        "Total Revenue": 72083000.0,
        "Operating Revenue": 72083000.0
    },
    "2022-03-31": {
        "Diluted EPS": 0.58,
        "Total Revenue": 73,
        "Gross Profit": 65,
        "Operating Income": 25,
        "EBIT": NaN,
        "Net Income": 18
    },
    "2021-12-31": {
        "Diluted EPS": 0.57,
        "Total Revenue": 71,
        "Gross Profit": 62,
        "Operating Income": 23,
        "EBIT": NaN,
        "Net Income": 18
    },
    "2021-09-30": {
        "Diluted EPS": 0.81,
        "Total Revenue": 74,
        "Gross Profit": 64,
        "Operating Income": 35,
        "EBIT": NaN,
        "Net Income": 25
    },
    "2021-06-30": {
        "Diluted EPS": 0.61,
        "Total Revenue": 69,
        "Gross Profit": 58,
        "Operating Income": 25,
        "EBIT": NaN,
        "Net Income": 19
    },
    "2021-03-31": {
        "Diluted EPS": 0.6,
        "Total Revenue": 78,
        "Gross Profit": 67,
        "Operating Income": 26,
        "EBIT": NaN,
        "Net Income": 19
    },
    "2020-12-31": {
        "Diluted EPS": 0.1,
        "Total Revenue": 68,
        "Gross Profit": 55,
        "Operating Income": 4,
        "EBIT": NaN,
        "Net Income": 3
    },
    "2020-09-30": {
        "Diluted EPS": 0.5,
        "Total Revenue": 65,
        "Gross Profit": 51,
        "Operating Income": 19,
        "EBIT": NaN,
        "Net Income": 14
    },
    "2020-06-30": {
        "Diluted EPS": 0.63,
        "Total Revenue": 79,
        "Gross Profit": 62,
        "Operating Income": 24,
        "EBIT": NaN,
        "Net Income": 18
    },
    "2020-03-31": {
        "Diluted EPS": -0.05,
        "Total Revenue": 64,
        "Gross Profit": 38,
        "Operating Income": -2,
        "EBIT": NaN,
        "Net Income": -1
    },
    "2019-12-31": {
        "Diluted EPS": 0.45,
        "Total Revenue": 75,
        "Gross Profit": 46,
        "Operating Income": 17,
        "EBIT": NaN,
        "Net Income": 13
    },
    "2019-09-30": {
        "Diluted EPS": 0.37,
        "Total Revenue": 70,
        "Gross Profit": 40,
        "Operating Income": 13,
        "EBIT": NaN,
        "Net Income": 11
    },
    "2019-06-30": {
        "Diluted EPS": 0.37,
        "Total Revenue": 72,
        "Gross Profit": 42,
        "Operating Income": 14,
        "EBIT": NaN,
        "Net Income": 11
    },
    "2019-03-31": {
        "Diluted EPS": 0.25,
        "Total Revenue": 71,
        "Gross Profit": 43,
        "Operating Income": 9,
        "EBIT": NaN,
        "Net Income": 7
    },
    "2018-12-31": {
        "Diluted EPS": 0.44,
        "Total Revenue": 66,
        "Gross Profit": 40,
        "Operating Income": 13,
        "EBIT": NaN,
        "Net Income": 12
    },
    "2018-09-30": {
        "Diluted EPS": 0.61,
        "Total Revenue": 70,
        "Gross Profit": 46,
        "Operating Income": 19,
        "EBIT": NaN,
        "Net Income": 17
    },
    "2018-06-30": {
        "Diluted EPS": 0.48,
        "Total Revenue": 66,
        "Gross Profit": 46,
        "Operating Income": 18,
        "EBIT": NaN,
        "Net Income": 14
    },
    "2018-03-31": {
        "Diluted EPS": 0.39,
        "Total Revenue": 64,
        "Gross Profit": 46,
        "Operating Income": 14,
        "EBIT": NaN,
        "Net Income": 11
    },
    "2017-12-31": {
        "Diluted EPS": 0.2,
        "Total Revenue": 63,
        "Gross Profit": 46,
        "Operating Income": 14,
        "EBIT": NaN,
        "Net Income": 6
    },
    "2017-09-30": {
        "Diluted EPS": 0.35,
        "Total Revenue": 61,
        "Gross Profit": 45,
        "Operating Income": 15,
        "EBIT": NaN,
        "Net Income": 10
    },
    "2017-06-30": {
        "Diluted EPS": 0.44,
        "Total Revenue": 60,
        "Gross Profit": 46,
        "Operating Income": 20,
        "EBIT": NaN,
        "Net Income": 13
    },
    "2017-03-31": {
        "Diluted EPS": 0.42,
        "Total Revenue": 61,
        "Gross Profit": 47,
        "Operating Income": 18,
        "EBIT": NaN,
        "Net Income": 12
    },
    "2016-12-31": {
        "Diluted EPS": 0.49,
        "Total Revenue": 71,
        "Gross Profit": 58,
        "Operating Income": 22,
        "EBIT": NaN,
        "Net Income": 14
    },
    "2016-09-30": {
        "Diluted EPS": 0.37,
        "Total Revenue": 57,
        "Gross Profit": 44,
        "Operating Income": 17,
        "EBIT": NaN,
        "Net Income": 11
    },
    "2016-06-30": {
        "Diluted EPS": 1.05,
        "Total Revenue": 93,
        "Gross Profit": 80,
        "Operating Income": 51,
        "EBIT": NaN,
        "Net Income": 30
    },
    "2016-03-31": {
        "Diluted EPS": 0.33,
        "Total Revenue": 57,
        "Gross Profit": 44,
        "Operating Income": 15,
        "EBIT": NaN,
        "Net Income": 10
    },
    "2015-12-31": {
        "Diluted EPS": 0.4,
        "Total Revenue": 55,
        "Gross Profit": 42,
        "Operating Income": 17,
        "EBIT": NaN,
        "Net Income": 12
    },
    "2015-09-30": {
        "Diluted EPS": 0.38,
        "Total Revenue": 54,
        "Gross Profit": 41,
        "Operating Income": 18,
        "EBIT": NaN,
        "Net Income": 11
    },
    "2015-06-30": {
        "Diluted EPS": 0.51,
        "Total Revenue": 60,
        "Gross Profit": 48,
        "Operating Income": 24,
        "EBIT": NaN,
        "Net Income": 15
    },
    "2015-03-31": {
        "Diluted EPS": 0.3,
        "Total Revenue": 51,
        "Gross Profit": 39,
        "Operating Income": 14,
        "EBIT": NaN,
        "Net Income": 9
    },
    "2014-12-31": {
        "Diluted EPS": 0.37,
        "Total Revenue": 49,
        "Gross Profit": 42,
        "Operating Income": 18,
        "EBIT": NaN,
        "Net Income": 11
    },
    "2014-09-30": {
        "Diluted EPS": 0.38,
        "Total Revenue": 56,
        "Gross Profit": 39,
        "Operating Income": 18,
        "EBIT": NaN,
        "Net Income": 11
    },
    "2014-06-30": {
        "Diluted EPS": 0.39,
        "Total Revenue": 52,
        "Gross Profit": 39,
        "Operating Income": 19,
        "EBIT": NaN,
        "Net Income": 12
    },
    "2014-03-31": {
        "Diluted EPS": 0.34,
        "Total Revenue": 51,
        "Gross Profit": 38,
        "Operating Income": 17,
        "EBIT": NaN,
        "Net Income": 10
    },
    "2013-12-31": {
        "Diluted EPS": 0.4,
        "Total Revenue": 51,
        "Gross Profit": 38,
        "Operating Income": 18,
        "EBIT": NaN,
        "Net Income": 12
    },
    "2013-09-30": {
        "Diluted EPS": 0.32,
        "Total Revenue": 51,
        "Gross Profit": 38,
        "Operating Income": 15,
        "EBIT": NaN,
        "Net Income": 9
    },
    "2013-06-30": {
        "Diluted EPS": 0.32,
        "Total Revenue": 52,
        "Gross Profit": 39,
        "Operating Income": 16,
        "EBIT": NaN,
        "Net Income": 10
    },
    "2013-03-31": {
        "Diluted EPS": 0.22,
        "Total Revenue": 55,
        "Gross Profit": 39,
        "Operating Income": 11,
        "EBIT": NaN,
        "Net Income": 7
    },
    "2012-12-31": {
        "Diluted EPS": 0.31,
        "Total Revenue": 54,
        "Gross Profit": 40,
        "Operating Income": 15,
        "EBIT": NaN,
        "Net Income": 9
    },
    "2012-09-30": {
        "Diluted EPS": 0.31,
        "Total Revenue": 57,
        "Gross Profit": 41,
        "Operating Income": 15,
        "EBIT": NaN,
        "Net Income": 9
    },
    "2012-06-30": {
        "Diluted EPS": 0.28,
        "Total Revenue": 55,
        "Gross Profit": 39,
        "Operating Income": 14,
        "EBIT": NaN,
        "Net Income": 9
    },
    "2012-03-31": {
        "Diluted EPS": 0.23,
        "Total Revenue": 56,
        "Gross Profit": 39,
        "Operating Income": 12,
        "EBIT": NaN,
        "Net Income": 7
    },
    "2011-12-31": {
        "Diluted EPS": 0.27,
        "Total Revenue": 58,
        "Gross Profit": 40,
        "Operating Income": 14,
        "EBIT": NaN,
        "Net Income": 8
    },
    "2011-09-30": {
        "Diluted EPS": 0.33,
        "Total Revenue": 61,
        "Gross Profit": 41,
        "Operating Income": 17,
        "EBIT": NaN,
        "Net Income": 10
    },
    "2011-06-30": {
        "Diluted EPS": 0.29,
        "Total Revenue": 59,
        "Gross Profit": 39,
        "Operating Income": 15,
        "EBIT": NaN,
        "Net Income": 9
    },
    "2011-03-31": {
        "Diluted EPS": 0.26,
        "Total Revenue": 58,
        "Gross Profit": 38,
        "Operating Income": 13,
        "EBIT": NaN,
        "Net Income": 8
    },
    "2010-12-31": {
        "Diluted EPS": 0.29,
        "Total Revenue": 59,
        "Gross Profit": 37,
        "Operating Income": 14,
        "EBIT": NaN,
        "Net Income": 9
    },
    "2010-09-30": {
        "Diluted EPS": 0.48,
        "Total Revenue": 60,
        "Gross Profit": 38,
        "Operating Income": 15,
        "EBIT": NaN,
        "Net Income": 15
    },
    "2010-06-30": {
        "Diluted EPS": 0.25,
        "Total Revenue": 59,
        "Gross Profit": 35,
        "Operating Income": 13,
        "EBIT": NaN,
        "Net Income": 8
    },
    "2010-03-31": {
        "Diluted EPS": 0.26,
        "Total Revenue": 60,
        "Gross Profit": 36,
        "Operating Income": 13,
        "EBIT": NaN,
        "Net Income": 8
    },
    "2009-12-31": {
        "Diluted EPS": 0.12,
        "Total Revenue": 57,
        "Gross Profit": 30,
        "Operating Income": 10,
        "EBIT": NaN,
        "Net Income": 4
    },
    "2009-09-30": {
        "Diluted EPS": 0.33,
        "Total Revenue": 62,
        "Gross Profit": 34,
        "Operating Income": 13,
        "EBIT": NaN,
        "Net Income": 7
    },
    "2009-06-30": {
        "Diluted EPS": 0.2,
        "Total Revenue": 61,
        "Gross Profit": 31,
        "Operating Income": 9,
        "EBIT": NaN,
        "Net Income": 4
    },
    "2009-03-31": {
        "Diluted EPS": 0.26,
        "Total Revenue": 62,
        "Gross Profit": 31,
        "Operating Income": 10,
        "EBIT": NaN,
        "Net Income": 5
    },
    "2023-09-30": {
        "Tax Effect Of Unusual Items": NaN,
        "Tax Rate For Calcs": NaN,
        "Total Unusual Items": 0.0,
        "Total Unusual Items Excluding Goodwill": 0.0,
        "Net Income From Continuing Operation Net Minority Interest": NaN,
        "Reconciled Depreciation": NaN,
        "Net Interest Income": NaN,
        "Interest Expense": NaN,
        "Interest Income": NaN,
        "Normalized Income": NaN,
        "Net Income From Continuing And Discontinued Operation": NaN,
        "Diluted Average Shares": NaN,
        "Basic Average Shares": NaN,
        "Diluted EPS": NaN,
        "Basic EPS": NaN,
        "Diluted NI Availto Com Stockholders": NaN,
        "Net Income Common Stockholders": NaN,
        "Preferred Stock Dividends": NaN,
        "Net Income": NaN,
        "Net Income Including Noncontrolling Interests": NaN,
        "Net Income Continuous Operations": NaN,
        "Tax Provision": NaN,
        "Pretax Income": NaN,
        "Special Income Charges": NaN,
        "Impairment Of Capital Assets": NaN,
        "Gain On Sale Of Security": NaN,
        "Depreciation Amortization Depletion Income Statement": NaN,
        "Depreciation And Amortization In Income Statement": NaN,
        "Depreciation Income Statement": 1482000.0,
        "Selling General And Administration": NaN,
        "General And Administrative Expense": NaN,
        "Other Gand A": 1422000.0,
        "Insurance And Claims": NaN,
        "Salaries And Wages": NaN,
        "Total Revenue": NaN,
        "Operating Revenue": NaN,
        "Occupancy And Equipment": NaN,
        "Professional Expense And Contract Services Expense": NaN,
        "Other Non Interest Expense": NaN
    },
    "2023-12-31": {
        "Tax Effect Of Unusual Items": 0.0,
        "Tax Rate For Calcs": 0.32995,
        "Total Unusual Items": NaN,
        "Total Unusual Items Excluding Goodwill": NaN,
        "Net Income From Continuing Operation Net Minority Interest": 5479000.0,
        "Reconciled Depreciation": 1605000.0,
        "Net Interest Income": 46051000.0,
        "Interest Expense": 62678000.0,
        "Interest Income": 108729000.0,
        "Normalized Income": 5479000.0,
        "Net Income From Continuing And Discontinued Operation": 5479000.0,
        "Diluted Average Shares": 29650000.0,
        "Basic Average Shares": 29650000.0,
        "Diluted EPS": 0.27,
        "Basic EPS": 0.27,
        "Diluted NI Availto Com Stockholders": 5479000.0,
        "Net Income Common Stockholders": 5479000.0,
        "Net Income": 5479000.0,
        "Net Income Including Noncontrolling Interests": 5479000.0,
        "Net Income Continuous Operations": 5479000.0,
        "Tax Provision": 2698000.0,
        "Pretax Income": 8177000.0,
        "Gain On Sale Of Security": 906000.0,
        "Depreciation Amortization Depletion Income Statement": 1491000.0,
        "Depreciation And Amortization In Income Statement": 1491000.0,
        "Depreciation Income Statement": NaN,
        "Selling General And Administration": 28914000.0,
        "General And Administrative Expense": 28914000.0,
        "Other Gand A": NaN,
        "Insurance And Claims": 1162000.0,
        "Salaries And Wages": 27752000.0,
        "Total Revenue": 53167000.0,
        "Operating Revenue": 53167000.0,
        "Occupancy And Equipment": 3698000.0,
        "Professional Expense And Contract Services Expense": 1387000.0,
        "Other Non Interest Expense": 8502000.0
    },
    "2024-03-31": {
        "Tax Effect Of Unusual Items": NaN,
        "Tax Rate For Calcs": NaN,
        "Total Unusual Items": NaN,
        "Total Unusual Items Excluding Goodwill": NaN,
        "Net Income From Continuing Operation Net Minority Interest": NaN,
        "Reconciled Depreciation": NaN,
        "Net Interest Income": NaN,
        "Interest Expense": NaN,
        "Interest Income": NaN,
        "Normalized Income": NaN,
        "Net Income From Continuing And Discontinued Operation": NaN,
        "Diluted Average Shares": NaN,
        "Basic Average Shares": NaN,
        "Diluted EPS": NaN,
        "Basic EPS": NaN,
        "Diluted NI Availto Com Stockholders": NaN,
        "Net Income Common Stockholders": NaN,
        "Preferred Stock Dividends": 104000.0,
        "Net Income": NaN,
        "Net Income Including Noncontrolling Interests": NaN,
        "Net Income Continuous Operations": NaN,
        "Tax Provision": NaN,
        "Pretax Income": NaN,
        "Special Income Charges": 0.0,
        "Impairment Of Capital Assets": 0.0,
        "Gain On Sale Of Security": NaN,
        "Depreciation Amortization Depletion Income Statement": NaN,
        "Depreciation And Amortization In Income Statement": NaN,
        "Depreciation Income Statement": NaN,
        "Selling General And Administration": NaN,
        "General And Administrative Expense": NaN,
        "Insurance And Claims": NaN,
        "Salaries And Wages": NaN,
        "Total Revenue": NaN,
        "Operating Revenue": NaN,
        "Occupancy And Equipment": NaN,
        "Professional Expense And Contract Services Expense": NaN,
        "Other Non Interest Expense": NaN
    },
    "2024-06-30": {
        "Tax Effect Of Unusual Items": NaN,
        "Tax Rate For Calcs": NaN,
        "Total Unusual Items": NaN,
        "Total Unusual Items Excluding Goodwill": NaN,
        "Net Income From Continuing Operation Net Minority Interest": NaN,
        "Reconciled Depreciation": NaN,
        "Net Interest Income": NaN,
        "Interest Expense": NaN,
        "Interest Income": NaN,
        "Normalized Income": NaN,
        "Net Income From Continuing And Discontinued Operation": NaN,
        "Diluted Average Shares": NaN,
        "Basic Average Shares": NaN,
        "Diluted EPS": NaN,
        "Basic EPS": NaN,
        "Diluted NI Availto Com Stockholders": NaN,
        "Net Income Common Stockholders": NaN,
        "Preferred Stock Dividends": NaN,
        "Net Income": NaN,
        "Net Income Including Noncontrolling Interests": NaN,
        "Net Income Continuous Operations": NaN,
        "Tax Provision": NaN,
        "Pretax Income": NaN,
        "Special Income Charges": 0.0,
        "Impairment Of Capital Assets": 0.0,
        "Gain On Sale Of Security": NaN,
        "Depreciation Amortization Depletion Income Statement": NaN,
        "Depreciation And Amortization In Income Statement": NaN,
        "Depreciation Income Statement": 1425000.0,
        "Selling General And Administration": NaN,
        "General And Administrative Expense": NaN,
        "Insurance And Claims": NaN,
        "Salaries And Wages": NaN,
        "Total Revenue": NaN,
        "Operating Revenue": NaN,
        "Occupancy And Equipment": NaN,
        "Professional Expense And Contract Services Expense": NaN,
        "Other Non Interest Expense": NaN
    },
    "2024-09-30": {
        "Tax Effect Of Unusual Items": 38802.0,
        "Tax Rate For Calcs": 0.223,
        "Total Unusual Items": 174000.0,
        "Total Unusual Items Excluding Goodwill": 174000.0,
        "Net Income From Continuing Operation Net Minority Interest": 8906000.0,
        "Reconciled Depreciation": 1538000.0,
        "Net Interest Income": 45570000.0,
        "Interest Expense": 76990000.0,
        "Interest Income": 122560000.0,
        "Normalized Income": 8770802.0,
        "Net Income From Continuing And Discontinued Operation": 8906000.0,
        "Diluted Average Shares": 29742000.0,
        "Basic Average Shares": 29742000.0,
        "Diluted EPS": 0.3,
        "Basic EPS": 0.3,
        "Diluted NI Availto Com Stockholders": 8906000.0,
        "Net Income Common Stockholders": 8906000.0,
        "Preferred Stock Dividends": NaN,
        "Net Income": 8906000.0,
        "Net Income Including Noncontrolling Interests": 8906000.0,
        "Net Income Continuous Operations": 8906000.0,
        "Tax Provision": 2551000.0,
        "Pretax Income": 11457000.0,
        "Special Income Charges": NaN,
        "Impairment Of Capital Assets": NaN,
        "Gain On Sale Of Security": 974000.0,
        "Depreciation Amortization Depletion Income Statement": 1436000.0,
        "Depreciation And Amortization In Income Statement": 1436000.0,
        "Depreciation Income Statement": 1436000.0,
        "Selling General And Administration": 23534000.0,
        "General And Administrative Expense": 23534000.0,
        "Insurance And Claims": 1318000.0,
        "Salaries And Wages": 22216000.0,
        "Total Revenue": 52054000.0,
        "Operating Revenue": 52054000.0,
        "Occupancy And Equipment": 3745000.0,
        "Professional Expense And Contract Services Expense": 2752000.0,
        "Other Non Interest Expense": 7403000.0
    },
    "2024-12-31": {
        "Tax Effect Of Unusual Items": -809358.36453,
        "Tax Rate For Calcs": 0.314681,
        "Total Unusual Items": -2572000.0,
        "Total Unusual Items Excluding Goodwill": -2572000.0,
        "Net Income From Continuing Operation Net Minority Interest": -49245000.0,
        "Reconciled Depreciation": 1509000.0,
        "Net Interest Income": 51204000.0,
        "Interest Expense": 68805000.0,
        "Interest Income": 120009000.0,
        "Normalized Income": -47482358.36453,
        "Net Income From Continuing And Discontinued Operation": -49245000.0,
        "Diluted Average Shares": 30519000.0,
        "Basic Average Shares": 30519000.0,
        "Diluted EPS": -1.61,
        "Basic EPS": -1.61,
        "Diluted NI Availto Com Stockholders": -49245000.0,
        "Net Income Common Stockholders": -49245000.0,
        "Preferred Stock Dividends": NaN,
        "Net Income": -49245000.0,
        "Net Income Including Noncontrolling Interests": -49245000.0,
        "Net Income Continuous Operations": -49245000.0,
        "Tax Provision": -22612000.0,
        "Pretax Income": -71857000.0,
        "Special Income Charges": NaN,
        "Impairment Of Capital Assets": NaN,
        "Gain On Sale Of Security": -73451000.0,
        "Depreciation Amortization Depletion Income Statement": 1412000.0,
        "Depreciation And Amortization In Income Statement": 1412000.0,
        "Depreciation Income Statement": 1412000.0,
        "Selling General And Administration": 27351000.0,
        "General And Administrative Expense": 27351000.0,
        "Insurance And Claims": 2005000.0,
        "Salaries And Wages": 25346000.0,
        "Total Revenue": -19787000.0,
        "Operating Revenue": -19787000.0,
        "Occupancy And Equipment": 3880000.0,
        "Professional Expense And Contract Services Expense": 2516000.0,
        "Other Non Interest Expense": 7899000.0
    },
    "2025-03-31": {
        "Tax Effect Of Unusual Items": -3703560.0,
        "Tax Rate For Calcs": 0.21,
        "Total Unusual Items": -17636000.0,
        "Total Unusual Items Excluding Goodwill": -17636000.0,
        "Net Income From Continuing Operation Net Minority Interest": -9796000.0,
        "Reconciled Depreciation": 1467000.0,
        "Net Interest Income": 52961000.0,
        "Interest Expense": 63547000.0,
        "Interest Income": 116508000.0,
        "Normalized Income": 4136440.0,
        "Net Income From Continuing And Discontinued Operation": -9796000.0,
        "Diluted Average Shares": 33932000.0,
        "Basic Average Shares": 33932000.0,
        "Diluted EPS": -0.29,
        "Basic EPS": -0.29,
        "Diluted NI Availto Com Stockholders": -9928000.0,
        "Net Income Common Stockholders": -9928000.0,
        "Preferred Stock Dividends": 132000.0,
        "Net Income": -9796000.0,
        "Net Income Including Noncontrolling Interests": -9796000.0,
        "Net Income Continuous Operations": -9796000.0,
        "Tax Provision": 3865000.0,
        "Pretax Income": -5931000.0,
        "Special Income Charges": -17636000.0,
        "Impairment Of Capital Assets": 17636000.0,
        "Gain On Sale Of Security": -152000.0,
        "Depreciation Amortization Depletion Income Statement": 1373000.0,
        "Depreciation And Amortization In Income Statement": 1373000.0,
        "Depreciation Income Statement": NaN,
        "Selling General And Administration": 24605000.0,
        "General And Administrative Expense": 24605000.0,
        "Insurance And Claims": 1709000.0,
        "Salaries And Wages": 22896000.0,
        "Total Revenue": 58063000.0,
        "Operating Revenue": 58063000.0,
        "Occupancy And Equipment": 4092000.0,
        "Professional Expense And Contract Services Expense": 2885000.0,
        "Other Non Interest Expense": 9085000.0
    },
    "2025-06-30": {
        "Tax Effect Of Unusual Items": 0.0,
        "Tax Rate For Calcs": 0.249947,
        "Total Unusual Items": 0.0,
        "Total Unusual Items Excluding Goodwill": 0.0,
        "Net Income From Continuing Operation Net Minority Interest": 14203000.0,
        "Reconciled Depreciation": 1456000.0,
        "Net Interest Income": 53181000.0,
        "Interest Expense": 64193000.0,
        "Interest Income": 117374000.0,
        "Normalized Income": 14203000.0,
        "Net Income From Continuing And Discontinued Operation": 14203000.0,
        "Diluted Average Shares": 33929000.0,
        "Basic Average Shares": 33929000.0,
        "Diluted EPS": 0.41,
        "Basic EPS": 0.41,
        "Diluted NI Availto Com Stockholders": 14203000.0,
        "Net Income Common Stockholders": 14203000.0,
        "Preferred Stock Dividends": NaN,
        "Net Income": 14203000.0,
        "Net Income Including Noncontrolling Interests": 14203000.0,
        "Net Income Continuous Operations": 14203000.0,
        "Tax Provision": 4733000.0,
        "Pretax Income": 18936000.0,
        "Special Income Charges": 0.0,
        "Impairment Of Capital Assets": 0.0,
        "Gain On Sale Of Security": 1656000.0,
        "Depreciation Amortization Depletion Income Statement": 1367000.0,
        "Depreciation And Amortization In Income Statement": 1367000.0,
        "Depreciation Income Statement": 1367000.0,
        "Selling General And Administration": 24156000.0,
        "General And Administrative Expense": 24156000.0,
        "Insurance And Claims": 1508000.0,
        "Salaries And Wages": 22648000.0,
        "Total Revenue": 63486000.0,
        "Operating Revenue": 63486000.0,
        "Occupancy And Equipment": 4005000.0,
        "Professional Expense And Contract Services Expense": 3452000.0,
        "Other Non Interest Expense": 7376000.0
    },
    "2025-09-30": {
        "Tax Effect Of Unusual Items": 0.0,
        "Tax Rate For Calcs": 0.236219,
        "Total Unusual Items": 0.0,
        "Total Unusual Items Excluding Goodwill": 0.0,
        "Net Income From Continuing Operation Net Minority Interest": 10447000.0,
        "Reconciled Depreciation": 1402000.0,
        "Net Interest Income": 53799000.0,
        "Interest Expense": 62641000.0,
        "Interest Income": 116440000.0,
        "Normalized Income": 10447000.0,
        "Net Income From Continuing And Discontinued Operation": 10447000.0,
        "Diluted Average Shares": 33939000.0,
        "Basic Average Shares": 33939000.0,
        "Diluted EPS": 0.3,
        "Basic EPS": 0.3,
        "Diluted NI Availto Com Stockholders": 10280000.0,
        "Net Income Common Stockholders": 10280000.0,
        "Preferred Stock Dividends": 167000.0,
        "Net Income": 10447000.0,
        "Net Income Including Noncontrolling Interests": 10447000.0,
        "Net Income Continuous Operations": 10447000.0,
        "Tax Provision": 3231000.0,
        "Pretax Income": 13678000.0,
        "Special Income Charges": 0.0,
        "Impairment Of Capital Assets": 0.0,
        "Gain On Sale Of Security": -1170000.0,
        "Depreciation Amortization Depletion Income Statement": 1316000.0,
        "Depreciation And Amortization In Income Statement": 1316000.0,
        "Depreciation Income Statement": NaN,
        "Selling General And Administration": 26058000.0,
        "General And Administrative Expense": 26058000.0,
        "Insurance And Claims": 1373000.0,
        "Salaries And Wages": 24685000.0,
        "Total Revenue": 58574000.0,
        "Operating Revenue": 58574000.0,
        "Occupancy And Equipment": 4189000.0,
        "Professional Expense And Contract Services Expense": 3999000.0,
        "Other Non Interest Expense": 7803000.0
    }
}