{
    "2023-06-30": {
        "Tax Effect Of Unusual Items": NaN,
        "Tax Rate For Calcs": NaN,
        "Normalized EBITDA": NaN,
        "Total Unusual Items": NaN,
        "Total Unusual Items Excluding Goodwill": NaN,
        "Net Income From Continuing Operation Net Minority Interest": NaN,
        "Reconciled Depreciation": NaN,
        "Reconciled Cost Of Revenue": NaN,
        "EBITDA": NaN,
        "EBIT": NaN,
        "Normalized Income": NaN,
        "Net Income From Continuing And Discontinued Operation": NaN,
        "Total Expenses": NaN,
        "Total Operating Income As Reported": NaN,
        "Diluted Average Shares": 60314000.0,
        "Basic Average Shares": 59977000.0,
        "Diluted EPS": 1.48,
        "Basic EPS": 1.48,
        "Diluted NI Availto Com Stockholders": NaN,
        "Net Income Common Stockholders": NaN,
        "Net Income": NaN,
        "Net Income Including Noncontrolling Interests": NaN,
        "Net Income Continuous Operations": NaN,
        "Tax Provision": NaN,
        "Pretax Income": NaN,
        "Other Income Expense": NaN,
        "Other Non Operating Income Expenses": NaN,
        "Special Income Charges": NaN,
        "Restructuring And Mergern Acquisition": NaN,
        "Operating Income": NaN,
        "Operating Expense": NaN,
        "Research And Development": NaN,
        "Selling General And Administration": NaN,
        "Selling And Marketing Expense": NaN,
        "General And Administrative Expense": NaN,
        "Other Gand A": NaN,
        "Gross Profit": NaN,
        "Cost Of Revenue": NaN,
        "Total Revenue": NaN,
        "Operating Revenue": NaN
    },
    "2023-03-31": {
        "Tax Effect Of Unusual Items": 0.0,
        "Tax Rate For Calcs": 0.251,
        "Normalized EBITDA": 133391000.0,
        "Total Unusual Items": 0.0,
        "Total Unusual Items Excluding Goodwill": 0.0,
        "Net Income From Continuing Operation Net Minority Interest": 81436000.0,
        "Reconciled Depreciation": 27345000.0,
        "Reconciled Cost Of Revenue": 155654000.0,
        "EBITDA": 133391000.0,
        "EBIT": 106046000.0,
        "Normalized Income": 81436000.0,
        "Net Income From Continuing And Discontinued Operation": 81436000.0,
        "Total Expenses": 597129000.0,
        "Total Operating Income As Reported": 106046000.0,
        "Diluted Average Shares": 60691000.0,
        "Basic Average Shares": 60330000.0,
        "Diluted EPS": 1.34,
        "Basic EPS": 1.35,
        "Diluted NI Availto Com Stockholders": 81436000.0,
        "Net Income Common Stockholders": 81436000.0,
        "Net Income": 81436000.0,
        "Net Income Including Noncontrolling Interests": 81436000.0,
        "Net Income Continuous Operations": 81436000.0,
        "Tax Provision": 27347000.0,
        "Pretax Income": 108783000.0,
        "Other Income Expense": 2737000.0,
        "Other Non Operating Income Expenses": 2737000.0,
        "Special Income Charges": 0.0,
        "Restructuring And Mergern Acquisition": 0.0,
        "Operating Income": 106046000.0,
        "Operating Expense": 441475000.0,
        "Research And Development": 141363000.0,
        "Selling General And Administration": 300112000.0,
        "Selling And Marketing Expense": 233076000.0,
        "General And Administrative Expense": 67036000.0,
        "Other Gand A": 67036000.0,
        "Gross Profit": 547521000.0,
        "Cost Of Revenue": 155654000.0,
        "Total Revenue": 703175000.0,
        "Operating Revenue": 703175000.0
    },
    "2022-12-31": {
        "Tax Effect Of Unusual Items": -2141300.0,
        "Tax Rate For Calcs": 0.245,
        "Normalized EBITDA": 136164000.0,
        "Total Unusual Items": -8740000.0,
        "Total Unusual Items Excluding Goodwill": -8740000.0,
        "Net Income From Continuing Operation Net Minority Interest": 72402000.0,
        "Reconciled Depreciation": 27472000.0,
        "Reconciled Cost Of Revenue": 155007000.0,
        "EBITDA": 127424000.0,
        "EBIT": 99952000.0,
        "Normalized Income": 79000700.0,
        "Net Income From Continuing And Discontinued Operation": 72402000.0,
        "Total Expenses": 600426000.0,
        "Total Operating Income As Reported": 91212000.0,
        "Diluted Average Shares": 60387000.0,
        "Basic Average Shares": 60096000.0,
        "Diluted EPS": 1.2,
        "Basic EPS": 1.2,
        "Diluted NI Availto Com Stockholders": 72402000.0,
        "Net Income Common Stockholders": 72402000.0,
        "Net Income": 72402000.0,
        "Net Income Including Noncontrolling Interests": 72402000.0,
        "Net Income Continuous Operations": 72402000.0,
        "Tax Provision": 23512000.0,
        "Pretax Income": 95914000.0,
        "Other Income Expense": -4038000.0,
        "Other Non Operating Income Expenses": 4702000.0,
        "Special Income Charges": -8740000.0,
        "Restructuring And Mergern Acquisition": 8740000.0,
        "Operating Income": 99952000.0,
        "Operating Expense": 445419000.0,
        "Research And Development": 142323000.0,
        "Selling General And Administration": 303096000.0,
        "Selling And Marketing Expense": 233105000.0,
        "General And Administrative Expense": 69991000.0,
        "Other Gand A": 69991000.0,
        "Gross Profit": 545371000.0,
        "Cost Of Revenue": 155007000.0,
        "Total Revenue": 700378000.0,
        "Operating Revenue": 700378000.0
    },
    "2022-09-30": {
        "Tax Effect Of Unusual Items": 0.0,
        "Tax Rate For Calcs": 0.104004,
        "Normalized EBITDA": 134741000.0,
        "Total Unusual Items": 0.0,
        "Total Unusual Items Excluding Goodwill": 0.0,
        "Net Income From Continuing Operation Net Minority Interest": 89346000.0,
        "Reconciled Depreciation": 27211000.0,
        "Reconciled Cost Of Revenue": 147462000.0,
        "EBITDA": 134741000.0,
        "EBIT": 107530000.0,
        "Normalized Income": 89346000.0,
        "Net Income From Continuing And Discontinued Operation": 89346000.0,
        "Total Expenses": 592503000.0,
        "Total Operating Income As Reported": 107530000.0,
        "Diluted Average Shares": 60126000.0,
        "Basic Average Shares": 59751000.0,
        "Diluted EPS": 1.49,
        "Basic EPS": 1.5,
        "Diluted NI Availto Com Stockholders": 89346000.0,
        "Net Income Common Stockholders": 89346000.0,
        "Net Income": 89346000.0,
        "Net Income Including Noncontrolling Interests": 89346000.0,
        "Net Income Continuous Operations": 89346000.0,
        "Tax Provision": 10371000.0,
        "Pretax Income": 99717000.0,
        "Other Income Expense": -7813000.0,
        "Other Non Operating Income Expenses": -7813000.0,
        "Special Income Charges": 0.0,
        "Restructuring And Mergern Acquisition": 0.0,
        "Operating Income": 107530000.0,
        "Operating Expense": 445041000.0,
        "Research And Development": 138522000.0,
        "Selling General And Administration": 306519000.0,
        "Selling And Marketing Expense": 236999000.0,
        "General And Administrative Expense": 69520000.0,
        "Other Gand A": 69520000.0,
        "Gross Profit": 552571000.0,
        "Cost Of Revenue": 147462000.0,
        "Total Revenue": 700033000.0,
        "Operating Revenue": 700033000.0
    },
    "2022-06-30": {
        "Tax Effect Of Unusual Items": 0.0,
        "Tax Rate For Calcs": 0.180003,
        "Normalized EBITDA": 136064000.0,
        "Total Unusual Items": 0.0,
        "Total Unusual Items Excluding Goodwill": 0.0,
        "Net Income From Continuing Operation Net Minority Interest": 83019000.0,
        "Reconciled Depreciation": 28600000.0,
        "Reconciled Cost Of Revenue": 130733000.0,
        "EBITDA": 136064000.0,
        "EBIT": 107464000.0,
        "Normalized Income": 83019000.0,
        "Net Income From Continuing And Discontinued Operation": 83019000.0,
        "Total Expenses": 567024000.0,
        "Total Operating Income As Reported": 107464000.0,
        "Diluted Average Shares": 60460000.0,
        "Basic Average Shares": 59965000.0,
        "Diluted EPS": 1.37,
        "Basic EPS": 1.38,
        "Diluted NI Availto Com Stockholders": 83019000.0,
        "Net Income Common Stockholders": 83019000.0,
        "Net Income": 83019000.0,
        "Net Income Including Noncontrolling Interests": 83019000.0,
        "Net Income Continuous Operations": 83019000.0,
        "Tax Provision": 18224000.0,
        "Pretax Income": 101243000.0,
        "Other Income Expense": -6221000.0,
        "Other Non Operating Income Expenses": -6221000.0,
        "Special Income Charges": 0.0,
        "Restructuring And Mergern Acquisition": 0.0,
        "Operating Income": 107464000.0,
        "Operating Expense": 436291000.0,
        "Research And Development": 138737000.0,
        "Selling General And Administration": 297554000.0,
        "Selling And Marketing Expense": 226731000.0,
        "General And Administrative Expense": 70823000.0,
        "Other Gand A": 70823000.0,
        "Gross Profit": 543755000.0,
        "Cost Of Revenue": 130733000.0,
        "Total Revenue": 674488000.0,
        "Operating Revenue": 674488000.0
    },
    "2022-03-31": {
        "Diluted EPS": 0.92,
        "Total Revenue": 634,
        "Gross Profit": 508,
        "Operating Income": 75,
        "EBIT": 104,
        "Net Income": 56
    },
    "2021-12-31": {
        "Diluted EPS": 1.51,
        "Total Revenue": 687,
        "Gross Profit": 552,
        "Operating Income": 114,
        "EBIT": 144,
        "Net Income": 94
    },
    "2021-09-30": {
        "Diluted EPS": 1.77,
        "Total Revenue": 682,
        "Gross Profit": 553,
        "Operating Income": 126,
        "EBIT": 157,
        "Net Income": 111
    },
    "2021-06-30": {
        "Diluted EPS": 1.46,
        "Total Revenue": 652,
        "Gross Profit": 531,
        "Operating Income": 96,
        "EBIT": 125,
        "Net Income": 90
    },
    "2021-03-31": {
        "Diluted EPS": 0.7,
        "Total Revenue": 645,
        "Gross Profit": 517,
        "Operating Income": 54,
        "EBIT": 82,
        "Net Income": 43
    },
    "2020-12-31": {
        "Diluted EPS": 1.41,
        "Total Revenue": 625,
        "Gross Profit": 510,
        "Operating Income": 118,
        "EBIT": 145,
        "Net Income": 88
    },
    "2020-09-30": {
        "Diluted EPS": 1.25,
        "Total Revenue": 615,
        "Gross Profit": 503,
        "Operating Income": 99,
        "EBIT": 125,
        "Net Income": 78
    },
    "2020-06-30": {
        "Diluted EPS": 1.14,
        "Total Revenue": 583,
        "Gross Profit": 477,
        "Operating Income": 88,
        "EBIT": 114,
        "Net Income": 70
    },
    "2020-03-31": {
        "Diluted EPS": 1.0,
        "Total Revenue": 583,
        "Gross Profit": 482,
        "Operating Income": 84,
        "EBIT": 108,
        "Net Income": 61
    },
    "2019-12-31": {
        "Diluted EPS": 1.62,
        "Total Revenue": 569,
        "Gross Profit": 481,
        "Operating Income": 122,
        "EBIT": 141,
        "Net Income": 99
    },
    "2019-09-30": {
        "Diluted EPS": 1.56,
        "Total Revenue": 590,
        "Gross Profit": 499,
        "Operating Income": 115,
        "EBIT": 137,
        "Net Income": 95
    },
    "2019-06-30": {
        "Diluted EPS": 1.43,
        "Total Revenue": 563,
        "Gross Profit": 473,
        "Operating Income": 103,
        "EBIT": 121,
        "Net Income": 86
    },
    "2019-03-31": {
        "Diluted EPS": 1.93,
        "Total Revenue": 545,
        "Gross Profit": 457,
        "Operating Income": 143,
        "EBIT": 157,
        "Net Income": 116
    },
    "2018-12-31": {
        "Diluted EPS": 2.16,
        "Total Revenue": 544,
        "Gross Profit": 457,
        "Operating Income": 158,
        "EBIT": 172,
        "Net Income": 131
    },
    "2018-09-30": {
        "Diluted EPS": 2.15,
        "Total Revenue": 563,
        "Gross Profit": 469,
        "Operating Income": 154,
        "EBIT": 169,
        "Net Income": 133
    },
    "2018-06-30": {
        "Diluted EPS": 1.99,
        "Total Revenue": 542,
        "Gross Profit": 451,
        "Operating Income": 152,
        "EBIT": 166,
        "Net Income": 123
    },
    "2018-03-31": {
        "Diluted EPS": 1.77,
        "Total Revenue": 533,
        "Gross Profit": 444,
        "Operating Income": 143,
        "EBIT": 158,
        "Net Income": 110
    },
    "2017-12-31": {
        "Diluted EPS": 1.41,
        "Total Revenue": 523,
        "Gross Profit": 436,
        "Operating Income": 142,
        "EBIT": 157,
        "Net Income": 88
    },
    "2017-09-30": {
        "Diluted EPS": 2.11,
        "Total Revenue": 538,
        "Gross Profit": 447,
        "Operating Income": 149,
        "EBIT": 164,
        "Net Income": 136
    },
    "2017-06-30": {
        "Diluted EPS": 1.52,
        "Total Revenue": 518,
        "Gross Profit": 428,
        "Operating Income": 139,
        "EBIT": 154,
        "Net Income": 98
    },
    "2017-03-31": {
        "Diluted EPS": 1.43,
        "Total Revenue": 518,
        "Gross Profit": 430,
        "Operating Income": 139,
        "EBIT": 154,
        "Net Income": 93
    },
    "2016-12-31": {
        "Diluted EPS": 1.44,
        "Total Revenue": 516,
        "Gross Profit": 431,
        "Operating Income": 137,
        "EBIT": 152,
        "Net Income": 94
    },
    "2016-09-30": {
        "Diluted EPS": 1.62,
        "Total Revenue": 525,
        "Gross Profit": 440,
        "Operating Income": 163,
        "EBIT": 177,
        "Net Income": 109
    },
    "2016-06-30": {
        "Diluted EPS": 1.37,
        "Total Revenue": 497,
        "Gross Profit": 412,
        "Operating Income": 139,
        "EBIT": 153,
        "Net Income": 92
    },
    "2016-03-31": {
        "Diluted EPS": 1.11,
        "Total Revenue": 484,
        "Gross Profit": 401,
        "Operating Income": 115,
        "EBIT": 129,
        "Net Income": 75
    },
    "2015-12-31": {
        "Diluted EPS": 1.28,
        "Total Revenue": 489,
        "Gross Profit": 404,
        "Operating Income": 131,
        "EBIT": 145,
        "Net Income": 90
    },
    "2015-09-30": {
        "Diluted EPS": 1.35,
        "Total Revenue": 501,
        "Gross Profit": 417,
        "Operating Income": 148,
        "EBIT": 161,
        "Net Income": 97
    },
    "2015-06-30": {
        "Diluted EPS": 1.29,
        "Total Revenue": 484,
        "Gross Profit": 398,
        "Operating Income": 140,
        "EBIT": 153,
        "Net Income": 93
    },
    "2015-03-31": {
        "Diluted EPS": 1.18,
        "Total Revenue": 472,
        "Gross Profit": 390,
        "Operating Income": 133,
        "EBIT": 146,
        "Net Income": 86
    },
    "2014-12-31": {
        "Diluted EPS": 1.21,
        "Total Revenue": 463,
        "Gross Profit": 383,
        "Operating Income": 132,
        "EBIT": 145,
        "Net Income": 89
    },
    "2014-09-30": {
        "Diluted EPS": 1.26,
        "Total Revenue": 465,
        "Gross Profit": 383,
        "Operating Income": 147,
        "EBIT": 160,
        "Net Income": 94
    },
    "2014-06-30": {
        "Diluted EPS": 1.05,
        "Total Revenue": 440,
        "Gross Profit": 361,
        "Operating Income": 126,
        "EBIT": 137,
        "Net Income": 79
    },
    "2014-03-31": {
        "Diluted EPS": 0.91,
        "Total Revenue": 420,
        "Gross Profit": 344,
        "Operating Income": 111,
        "EBIT": 122,
        "Net Income": 70
    },
    "2013-12-31": {
        "Diluted EPS": 0.87,
        "Total Revenue": 406,
        "Gross Profit": 334,
        "Operating Income": 109,
        "EBIT": 121,
        "Net Income": 68
    },
    "2013-09-30": {
        "Diluted EPS": 0.95,
        "Total Revenue": 395,
        "Gross Profit": 328,
        "Operating Income": 125,
        "EBIT": 135,
        "Net Income": 76
    },
    "2013-06-30": {
        "Diluted EPS": 0.87,
        "Total Revenue": 370,
        "Gross Profit": 305,
        "Operating Income": 104,
        "EBIT": 114,
        "Net Income": 68
    },
    "2013-03-31": {
        "Diluted EPS": 0.8,
        "Total Revenue": 350,
        "Gross Profit": 290,
        "Operating Income": 92,
        "EBIT": 102,
        "Net Income": 63
    },
    "2012-12-31": {
        "Diluted EPS": 0.88,
        "Total Revenue": 365,
        "Gross Profit": 305,
        "Operating Income": 109,
        "EBIT": 119,
        "Net Income": 69
    },
    "2012-09-30": {
        "Diluted EPS": 0.85,
        "Total Revenue": 363,
        "Gross Profit": 300,
        "Operating Income": 112,
        "EBIT": 122,
        "Net Income": 68
    },
    "2012-06-30": {
        "Diluted EPS": 0.91,
        "Total Revenue": 353,
        "Gross Profit": 292,
        "Operating Income": 110,
        "EBIT": 120,
        "Net Income": 72
    },
    "2012-03-31": {
        "Diluted EPS": 0.86,
        "Total Revenue": 340,
        "Gross Profit": 282,
        "Operating Income": 105,
        "EBIT": 114,
        "Net Income": 69
    },
    "2011-12-31": {
        "Diluted EPS": 0.83,
        "Total Revenue": 322,
        "Gross Profit": 267,
        "Operating Income": 100,
        "EBIT": 106,
        "Net Income": 66
    },
    "2011-09-30": {
        "Diluted EPS": 0.83,
        "Total Revenue": 315,
        "Gross Profit": 259,
        "Operating Income": 99,
        "EBIT": 105,
        "Net Income": 68
    },
    "2011-06-30": {
        "Diluted EPS": 0.77,
        "Total Revenue": 291,
        "Gross Profit": 238,
        "Operating Income": 88,
        "EBIT": 93,
        "Net Income": 63
    },
    "2011-03-31": {
        "Diluted EPS": 0.68,
        "Total Revenue": 278,
        "Gross Profit": 227,
        "Operating Income": 83,
        "EBIT": 89,
        "Net Income": 56
    },
    "2010-12-31": {
        "Diluted EPS": 0.68,
        "Total Revenue": 269,
        "Gross Profit": 220,
        "Operating Income": 80,
        "EBIT": 85,
        "Net Income": 56
    },
    "2010-09-30": {
        "Diluted EPS": 0.59,
        "Total Revenue": 254,
        "Gross Profit": 207,
        "Operating Income": 76,
        "EBIT": 82,
        "Net Income": 48
    },
    "2010-06-30": {
        "Diluted EPS": 0.5,
        "Total Revenue": 230,
        "Gross Profit": 186,
        "Operating Income": 60,
        "EBIT": 66,
        "Net Income": 40
    },
    "2010-03-31": {
        "Diluted EPS": 0.41,
        "Total Revenue": 206,
        "Gross Profit": 165,
        "Operating Income": 50,
        "EBIT": 56,
        "Net Income": 33
    },
    "2009-12-31": {
        "Diluted EPS": 0.36,
        "Total Revenue": 191,
        "Gross Profit": 152,
        "Operating Income": 44,
        "EBIT": 50,
        "Net Income": 29
    },
    "2009-09-30": {
        "Diluted EPS": 0.34,
        "Total Revenue": 175,
        "Gross Profit": 139,
        "Operating Income": 40,
        "EBIT": 46,
        "Net Income": 28
    },
    "2009-06-30": {
        "Diluted EPS": 0.29,
        "Total Revenue": 158,
        "Gross Profit": 125,
        "Operating Income": 31,
        "EBIT": 38,
        "Net Income": 23
    },
    "2009-03-31": {
        "Diluted EPS": 0.24,
        "Total Revenue": 154,
        "Gross Profit": 118,
        "Operating Income": 23,
        "EBIT": 31,
        "Net Income": 19
    },
    "2023-09-30": {
        "Tax Effect Of Unusual Items": NaN,
        "Tax Rate For Calcs": NaN,
        "Normalized EBITDA": NaN,
        "Total Unusual Items": NaN,
        "Total Unusual Items Excluding Goodwill": NaN,
        "Net Income From Continuing Operation Net Minority Interest": NaN,
        "Reconciled Depreciation": NaN,
        "Reconciled Cost Of Revenue": NaN,
        "EBITDA": NaN,
        "EBIT": NaN,
        "Normalized Income": NaN,
        "Net Income From Continuing And Discontinued Operation": NaN,
        "Total Expenses": NaN,
        "Total Operating Income As Reported": NaN,
        "Diluted Average Shares": 59699000.0,
        "Basic Average Shares": 59245000.0,
        "Diluted EPS": 2.55,
        "Basic EPS": 2.57,
        "Diluted NI Availto Com Stockholders": NaN,
        "Net Income Common Stockholders": NaN,
        "Net Income": NaN,
        "Net Income Including Noncontrolling Interests": NaN,
        "Net Income Continuous Operations": NaN,
        "Tax Provision": NaN,
        "Pretax Income": NaN,
        "Other Income Expense": NaN,
        "Other Non Operating Income Expenses": NaN,
        "Special Income Charges": NaN,
        "Restructuring And Mergern Acquisition": NaN,
        "Operating Income": NaN,
        "Operating Expense": NaN,
        "Research And Development": NaN,
        "Selling General And Administration": NaN,
        "Selling And Marketing Expense": NaN,
        "General And Administrative Expense": NaN,
        "Other Gand A": NaN,
        "Gross Profit": NaN,
        "Cost Of Revenue": NaN,
        "Total Revenue": NaN,
        "Operating Revenue": NaN
    },
    "2023-12-31": {
        "Tax Effect Of Unusual Items": -1753704.0,
        "Tax Rate For Calcs": 0.207,
        "Normalized EBITDA": 210726000.0,
        "Total Unusual Items": -8472000.0,
        "Total Unusual Items Excluding Goodwill": -8472000.0,
        "Net Income From Continuing Operation Net Minority Interest": 138382000.0,
        "Reconciled Depreciation": 29266000.0,
        "Reconciled Cost Of Revenue": 136389000.0,
        "EBITDA": 202254000.0,
        "EBIT": 172988000.0,
        "Normalized Income": 145100296.0,
        "Net Income From Continuing And Discontinued Operation": 138382000.0,
        "Total Expenses": 519609000.0,
        "Total Operating Income As Reported": 164516000.0,
        "Diluted Average Shares": 59653000.0,
        "Basic Average Shares": 59122000.0,
        "Diluted EPS": 2.32,
        "Basic EPS": 2.34,
        "Diluted NI Availto Com Stockholders": 138382000.0,
        "Net Income Common Stockholders": 138382000.0,
        "Net Income": 138382000.0,
        "Net Income Including Noncontrolling Interests": 138382000.0,
        "Net Income Continuous Operations": 138382000.0,
        "Tax Provision": 36016000.0,
        "Pretax Income": 174398000.0,
        "Other Income Expense": 1410000.0,
        "Other Non Operating Income Expenses": 9882000.0,
        "Special Income Charges": -8472000.0,
        "Restructuring And Mergern Acquisition": 8472000.0,
        "Operating Income": 172988000.0,
        "Operating Expense": 383220000.0,
        "Research And Development": 119575000.0,
        "Selling General And Administration": 263645000.0,
        "Selling And Marketing Expense": 198927000.0,
        "General And Administrative Expense": 64718000.0,
        "Other Gand A": 64718000.0,
        "Gross Profit": 556208000.0,
        "Cost Of Revenue": 136389000.0,
        "Total Revenue": 692597000.0,
        "Operating Revenue": 692597000.0
    },
    "2024-03-31": {
        "Tax Effect Of Unusual Items": -16597.708553,
        "Tax Rate For Calcs": 0.184419,
        "Normalized EBITDA": 168158000.0,
        "Total Unusual Items": -90000.0,
        "Total Unusual Items Excluding Goodwill": -90000.0,
        "Net Income From Continuing Operation Net Minority Interest": 119021000.0,
        "Reconciled Depreciation": 28018000.0,
        "Reconciled Cost Of Revenue": 141113000.0,
        "EBITDA": 168068000.0,
        "EBIT": 140050000.0,
        "Normalized Income": 119094402.291447,
        "Net Income From Continuing And Discontinued Operation": 119021000.0,
        "Total Expenses": 541304000.0,
        "Total Operating Income As Reported": 139960000.0,
        "Diluted Average Shares": 59580000.0,
        "Basic Average Shares": 58788000.0,
        "Diluted EPS": 2.0,
        "Basic EPS": 2.02,
        "Diluted NI Availto Com Stockholders": 119021000.0,
        "Net Income Common Stockholders": 119021000.0,
        "Net Income": 119021000.0,
        "Net Income Including Noncontrolling Interests": 119021000.0,
        "Net Income Continuous Operations": 119021000.0,
        "Tax Provision": 26913000.0,
        "Pretax Income": 145934000.0,
        "Other Income Expense": 5884000.0,
        "Other Non Operating Income Expenses": 5974000.0,
        "Special Income Charges": -90000.0,
        "Restructuring And Mergern Acquisition": 90000.0,
        "Operating Income": 140050000.0,
        "Operating Expense": 400191000.0,
        "Research And Development": 122207000.0,
        "Selling General And Administration": 277984000.0,
        "Selling And Marketing Expense": 210800000.0,
        "General And Administrative Expense": 67184000.0,
        "Other Gand A": 67184000.0,
        "Gross Profit": 540241000.0,
        "Cost Of Revenue": 141113000.0,
        "Total Revenue": 681354000.0,
        "Operating Revenue": 681354000.0
    },
    "2024-06-30": {
        "Tax Effect Of Unusual Items": -14322.0,
        "Tax Rate For Calcs": 0.154,
        "Normalized EBITDA": 190054000.0,
        "Total Unusual Items": -93000.0,
        "Total Unusual Items Excluding Goodwill": -93000.0,
        "Net Income From Continuing Operation Net Minority Interest": 144079000.0,
        "Reconciled Depreciation": 26778000.0,
        "Reconciled Cost Of Revenue": 136425000.0,
        "EBITDA": 189961000.0,
        "EBIT": 163183000.0,
        "Normalized Income": 144157678.0,
        "Net Income From Continuing And Discontinued Operation": 144079000.0,
        "Total Expenses": 532312000.0,
        "Total Operating Income As Reported": 163090000.0,
        "Diluted Average Shares": NaN,
        "Basic Average Shares": NaN,
        "Diluted EPS": NaN,
        "Basic EPS": NaN,
        "Diluted NI Availto Com Stockholders": 144079000.0,
        "Net Income Common Stockholders": 144079000.0,
        "Net Income": 144079000.0,
        "Net Income Including Noncontrolling Interests": 144079000.0,
        "Net Income Continuous Operations": 144079000.0,
        "Tax Provision": 27540000.0,
        "Pretax Income": 171619000.0,
        "Other Income Expense": 8436000.0,
        "Other Non Operating Income Expenses": 8529000.0,
        "Special Income Charges": -93000.0,
        "Restructuring And Mergern Acquisition": 93000.0,
        "Operating Income": 163183000.0,
        "Operating Expense": 395887000.0,
        "Research And Development": 124387000.0,
        "Selling General And Administration": 271500000.0,
        "Selling And Marketing Expense": 205550000.0,
        "General And Administrative Expense": 65950000.0,
        "Other Gand A": 65950000.0,
        "Gross Profit": 559070000.0,
        "Cost Of Revenue": 136425000.0,
        "Total Revenue": 695495000.0,
        "Operating Revenue": 695495000.0
    },
    "2024-09-30": {
        "Tax Effect Of Unusual Items": 0.0,
        "Tax Rate For Calcs": 0.187791,
        "Normalized EBITDA": 213954000.0,
        "Total Unusual Items": 0.0,
        "Total Unusual Items Excluding Goodwill": 0.0,
        "Net Income From Continuing Operation Net Minority Interest": 165296000.0,
        "Reconciled Depreciation": 22929000.0,
        "Reconciled Cost Of Revenue": 143720000.0,
        "EBITDA": 213954000.0,
        "EBIT": 191025000.0,
        "Normalized Income": 165296000.0,
        "Net Income From Continuing And Discontinued Operation": 165296000.0,
        "Total Expenses": 555649000.0,
        "Total Operating Income As Reported": 191025000.0,
        "Diluted Average Shares": NaN,
        "Basic Average Shares": NaN,
        "Diluted EPS": NaN,
        "Basic EPS": NaN,
        "Diluted NI Availto Com Stockholders": 165296000.0,
        "Net Income Common Stockholders": 165296000.0,
        "Net Income": 165296000.0,
        "Net Income Including Noncontrolling Interests": 165296000.0,
        "Net Income Continuous Operations": 165296000.0,
        "Tax Provision": 38218000.0,
        "Pretax Income": 203514000.0,
        "Other Income Expense": 12489000.0,
        "Other Non Operating Income Expenses": 12489000.0,
        "Special Income Charges": 0.0,
        "Restructuring And Mergern Acquisition": 0.0,
        "Operating Income": 191025000.0,
        "Operating Expense": 411929000.0,
        "Research And Development": 123951000.0,
        "Selling General And Administration": 287978000.0,
        "Selling And Marketing Expense": 217002000.0,
        "General And Administrative Expense": 70976000.0,
        "Other Gand A": 70976000.0,
        "Gross Profit": 602954000.0,
        "Cost Of Revenue": 143720000.0,
        "Total Revenue": 746674000.0,
        "Operating Revenue": 746674000.0
    },
    "2024-12-31": {
        "Tax Effect Of Unusual Items": -2309484.0,
        "Tax Rate For Calcs": 0.204,
        "Normalized EBITDA": 250390000.0,
        "Total Unusual Items": -11321000.0,
        "Total Unusual Items Excluding Goodwill": -11321000.0,
        "Net Income From Continuing Operation Net Minority Interest": 166445000.0,
        "Reconciled Depreciation": 22666000.0,
        "Reconciled Cost Of Revenue": 140510000.0,
        "EBITDA": 239069000.0,
        "EBIT": 216403000.0,
        "Normalized Income": 175456516.0,
        "Net Income From Continuing And Discontinued Operation": 166445000.0,
        "Total Expenses": 550086000.0,
        "Total Operating Income As Reported": 205082000.0,
        "Diluted Average Shares": 59058000.0,
        "Basic Average Shares": 58305000.0,
        "Diluted EPS": 2.82,
        "Basic EPS": 2.85,
        "Diluted NI Availto Com Stockholders": 166445000.0,
        "Net Income Common Stockholders": 166445000.0,
        "Net Income": 166445000.0,
        "Net Income Including Noncontrolling Interests": 166445000.0,
        "Net Income Continuous Operations": 166445000.0,
        "Tax Provision": 42599000.0,
        "Pretax Income": 209044000.0,
        "Other Income Expense": -7359000.0,
        "Other Non Operating Income Expenses": 3962000.0,
        "Special Income Charges": -11321000.0,
        "Restructuring And Mergern Acquisition": 11321000.0,
        "Operating Income": 216403000.0,
        "Operating Expense": 409576000.0,
        "Research And Development": 130518000.0,
        "Selling General And Administration": 279058000.0,
        "Selling And Marketing Expense": 206035000.0,
        "General And Administrative Expense": 73023000.0,
        "Other Gand A": 73023000.0,
        "Gross Profit": 625979000.0,
        "Cost Of Revenue": 140510000.0,
        "Total Revenue": 766489000.0,
        "Operating Revenue": 766489000.0
    },
    "2025-03-31": {
        "Tax Effect Of Unusual Items": 0.0,
        "Tax Rate For Calcs": 0.15,
        "Normalized EBITDA": 181368000.0,
        "Total Unusual Items": 0.0,
        "Total Unusual Items Excluding Goodwill": 0.0,
        "Net Income From Continuing Operation Net Minority Interest": 145530000.0,
        "Reconciled Depreciation": 22471000.0,
        "Reconciled Cost Of Revenue": 140959000.0,
        "EBITDA": 181368000.0,
        "EBIT": 158897000.0,
        "Normalized Income": 145530000.0,
        "Net Income From Continuing And Discontinued Operation": 145530000.0,
        "Total Expenses": 572226000.0,
        "Total Operating Income As Reported": 158897000.0,
        "Diluted Average Shares": 58764000.0,
        "Basic Average Shares": 57886000.0,
        "Diluted EPS": 2.48,
        "Basic EPS": 2.51,
        "Diluted NI Availto Com Stockholders": 145530000.0,
        "Net Income Common Stockholders": 145530000.0,
        "Net Income": 145530000.0,
        "Net Income Including Noncontrolling Interests": 145530000.0,
        "Net Income Continuous Operations": 145530000.0,
        "Tax Provision": 25670000.0,
        "Pretax Income": 171200000.0,
        "Other Income Expense": 12303000.0,
        "Other Non Operating Income Expenses": 12303000.0,
        "Special Income Charges": 0.0,
        "Restructuring And Mergern Acquisition": 0.0,
        "Operating Income": 158897000.0,
        "Operating Expense": 431267000.0,
        "Research And Development": 136561000.0,
        "Selling General And Administration": 294706000.0,
        "Selling And Marketing Expense": 218061000.0,
        "General And Administrative Expense": 76645000.0,
        "Other Gand A": 76645000.0,
        "Gross Profit": 590164000.0,
        "Cost Of Revenue": 140959000.0,
        "Total Revenue": 731123000.0,
        "Operating Revenue": 731123000.0
    },
    "2025-06-30": {
        "Tax Effect Of Unusual Items": 0.0,
        "Tax Rate For Calcs": 0.108,
        "Normalized EBITDA": 218788000.0,
        "Total Unusual Items": 0.0,
        "Total Unusual Items Excluding Goodwill": 0.0,
        "Net Income From Continuing Operation Net Minority Interest": 189912000.0,
        "Reconciled Depreciation": 22471000.0,
        "Reconciled Cost Of Revenue": 148628000.0,
        "EBITDA": 218788000.0,
        "EBIT": 196317000.0,
        "Normalized Income": 189912000.0,
        "Net Income From Continuing And Discontinued Operation": 189912000.0,
        "Total Expenses": 584053000.0,
        "Total Operating Income As Reported": 196317000.0,
        "Diluted Average Shares": 58492000.0,
        "Basic Average Shares": 57772000.0,
        "Diluted EPS": 3.25,
        "Basic EPS": 3.29,
        "Diluted NI Availto Com Stockholders": 189912000.0,
        "Net Income Common Stockholders": 189912000.0,
        "Net Income": 189912000.0,
        "Net Income Including Noncontrolling Interests": 189912000.0,
        "Net Income Continuous Operations": 189912000.0,
        "Tax Provision": 23111000.0,
        "Pretax Income": 213023000.0,
        "Other Income Expense": 16706000.0,
        "Other Non Operating Income Expenses": 16706000.0,
        "Special Income Charges": 0.0,
        "Restructuring And Mergern Acquisition": 0.0,
        "Operating Income": 196317000.0,
        "Operating Expense": 435425000.0,
        "Research And Development": 136345000.0,
        "Selling General And Administration": 299080000.0,
        "Selling And Marketing Expense": 220428000.0,
        "General And Administrative Expense": 78652000.0,
        "Other Gand A": 78652000.0,
        "Gross Profit": 631742000.0,
        "Cost Of Revenue": 148628000.0,
        "Total Revenue": 780370000.0,
        "Operating Revenue": 780370000.0
    },
    "2025-09-30": {
        "Tax Effect Of Unusual Items": -1618410.314829,
        "Tax Rate For Calcs": 0.11427,
        "Normalized EBITDA": 258770000.0,
        "Total Unusual Items": -14163000.0,
        "Total Unusual Items Excluding Goodwill": -14163000.0,
        "Net Income From Continuing Operation Net Minority Interest": 190493000.0,
        "Reconciled Depreciation": 24791000.0,
        "Reconciled Cost Of Revenue": 143881000.0,
        "EBITDA": 244607000.0,
        "EBIT": 219816000.0,
        "Normalized Income": 203037589.685171,
        "Net Income From Continuing And Discontinued Operation": 190493000.0,
        "Total Expenses": 590274000.0,
        "Total Operating Income As Reported": 205653000.0,
        "Diluted Average Shares": 58418000.0,
        "Basic Average Shares": 57653000.0,
        "Diluted EPS": 3.26,
        "Basic EPS": 3.3,
        "Diluted NI Availto Com Stockholders": 190493000.0,
        "Net Income Common Stockholders": 190493000.0,
        "Net Income": 190493000.0,
        "Net Income Including Noncontrolling Interests": 190493000.0,
        "Net Income Continuous Operations": 190493000.0,
        "Tax Provision": 24576000.0,
        "Pretax Income": 215069000.0,
        "Other Income Expense": -4747000.0,
        "Other Non Operating Income Expenses": 9416000.0,
        "Special Income Charges": -14163000.0,
        "Restructuring And Mergern Acquisition": 14163000.0,
        "Operating Income": 219816000.0,
        "Operating Expense": 446393000.0,
        "Research And Development": 136391000.0,
        "Selling General And Administration": 310002000.0,
        "Selling And Marketing Expense": 215982000.0,
        "General And Administrative Expense": 94020000.0,
        "Other Gand A": 94020000.0,
        "Gross Profit": 666209000.0,
        "Cost Of Revenue": 143881000.0,
        "Total Revenue": 810090000.0,
        "Operating Revenue": 810090000.0
    },
    "2025-12-31": {
        "Tax Effect Of Unusual Items": 8256.0,
        "Tax Rate For Calcs": 0.192,
        "Normalized EBITDA": 238712000.0,
        "Total Unusual Items": 43000.0,
        "Total Unusual Items Excluding Goodwill": 43000.0,
        "Net Income From Continuing Operation Net Minority Interest": 180054000.0,
        "Reconciled Depreciation": 24611000.0,
        "Reconciled Cost Of Revenue": 151785000.0,
        "EBITDA": 238755000.0,
        "EBIT": 214144000.0,
        "Normalized Income": 180019256.0,
        "Net Income From Continuing And Discontinued Operation": 180054000.0,
        "Total Expenses": 608321000.0,
        "Total Operating Income As Reported": 214187000.0,
        "Diluted Average Shares": 58164000.0,
        "Basic Average Shares": 57650000.0,
        "Diluted EPS": 3.1,
        "Basic EPS": 3.12,
        "Diluted NI Availto Com Stockholders": 180054000.0,
        "Net Income Common Stockholders": 180054000.0,
        "Net Income": 180054000.0,
        "Net Income Including Noncontrolling Interests": 180054000.0,
        "Net Income Continuous Operations": 180054000.0,
        "Tax Provision": 42868000.0,
        "Pretax Income": 222922000.0,
        "Other Income Expense": 8778000.0,
        "Other Non Operating Income Expenses": 8735000.0,
        "Special Income Charges": 43000.0,
        "Restructuring And Mergern Acquisition": -43000.0,
        "Operating Income": 214144000.0,
        "Operating Expense": 456536000.0,
        "Research And Development": 141161000.0,
        "Selling General And Administration": 315375000.0,
        "Selling And Marketing Expense": 224777000.0,
        "General And Administrative Expense": 90598000.0,
        "Other Gand A": 90598000.0,
        "Gross Profit": 670680000.0,
        "Cost Of Revenue": 151785000.0,
        "Total Revenue": 822465000.0,
        "Operating Revenue": 822465000.0
    }
}