{
    "2023-06-30": {
        "Tax Effect Of Unusual Items": NaN,
        "Tax Rate For Calcs": NaN,
        "Net Income From Continuing Operation Net Minority Interest": NaN,
        "Reconciled Depreciation": NaN,
        "Net Interest Income": NaN,
        "Interest Expense": NaN,
        "Interest Income": NaN,
        "Normalized Income": NaN,
        "Net Income From Continuing And Discontinued Operation": NaN,
        "Diluted Average Shares": NaN,
        "Basic Average Shares": NaN,
        "Diluted EPS": NaN,
        "Basic EPS": NaN,
        "Diluted NI Availto Com Stockholders": NaN,
        "Net Income Common Stockholders": NaN,
        "Otherunder Preferred Stock Dividend": 4000.0,
        "Net Income": NaN,
        "Net Income Including Noncontrolling Interests": NaN,
        "Net Income Continuous Operations": NaN,
        "Tax Provision": NaN,
        "Pretax Income": NaN,
        "Gain On Sale Of Security": NaN,
        "Selling General And Administration": NaN,
        "Selling And Marketing Expense": NaN,
        "General And Administrative Expense": NaN,
        "Other Gand A": NaN,
        "Insurance And Claims": NaN,
        "Salaries And Wages": NaN,
        "Total Revenue": NaN,
        "Operating Revenue": NaN,
        "Occupancy And Equipment": NaN,
        "Professional Expense And Contract Services Expense": NaN,
        "Other Non Interest Expense": 978000.0
    },
    "2023-03-31": {
        "Tax Effect Of Unusual Items": NaN,
        "Tax Rate For Calcs": NaN,
        "Net Income From Continuing Operation Net Minority Interest": NaN,
        "Reconciled Depreciation": NaN,
        "Net Interest Income": NaN,
        "Interest Expense": NaN,
        "Interest Income": NaN,
        "Normalized Income": NaN,
        "Net Income From Continuing And Discontinued Operation": NaN,
        "Diluted Average Shares": NaN,
        "Basic Average Shares": NaN,
        "Diluted EPS": NaN,
        "Basic EPS": NaN,
        "Diluted NI Availto Com Stockholders": NaN,
        "Net Income Common Stockholders": NaN,
        "Otherunder Preferred Stock Dividend": NaN,
        "Net Income": NaN,
        "Net Income Including Noncontrolling Interests": NaN,
        "Net Income Continuous Operations": NaN,
        "Tax Provision": NaN,
        "Pretax Income": NaN,
        "Gain On Sale Of Security": NaN,
        "Selling General And Administration": NaN,
        "Selling And Marketing Expense": NaN,
        "General And Administrative Expense": NaN,
        "Other Gand A": NaN,
        "Insurance And Claims": NaN,
        "Salaries And Wages": NaN,
        "Total Revenue": NaN,
        "Operating Revenue": NaN,
        "Occupancy And Equipment": NaN,
        "Professional Expense And Contract Services Expense": NaN,
        "Other Non Interest Expense": 787000.0
    },
    "2022-12-31": {
        "Tax Effect Of Unusual Items": NaN,
        "Tax Rate For Calcs": NaN,
        "Net Income From Continuing Operation Net Minority Interest": NaN,
        "Reconciled Depreciation": NaN,
        "Net Interest Income": NaN,
        "Interest Expense": NaN,
        "Interest Income": NaN,
        "Normalized Income": NaN,
        "Net Income From Continuing And Discontinued Operation": NaN,
        "Diluted Average Shares": NaN,
        "Basic Average Shares": NaN,
        "Diluted EPS": NaN,
        "Basic EPS": NaN,
        "Diluted NI Availto Com Stockholders": NaN,
        "Net Income Common Stockholders": NaN,
        "Otherunder Preferred Stock Dividend": NaN,
        "Net Income": NaN,
        "Net Income Including Noncontrolling Interests": NaN,
        "Net Income Continuous Operations": NaN,
        "Tax Provision": NaN,
        "Pretax Income": NaN,
        "Gain On Sale Of Security": NaN,
        "Selling General And Administration": NaN,
        "Selling And Marketing Expense": NaN,
        "General And Administrative Expense": NaN,
        "Other Gand A": NaN,
        "Insurance And Claims": NaN,
        "Salaries And Wages": NaN,
        "Total Revenue": NaN,
        "Operating Revenue": NaN,
        "Occupancy And Equipment": NaN,
        "Professional Expense And Contract Services Expense": NaN,
        "Other Non Interest Expense": 1037000.0
    },
    "2022-09-30": {
        "Tax Effect Of Unusual Items": 0.0,
        "Tax Rate For Calcs": 0.191559,
        "Net Income From Continuing Operation Net Minority Interest": 3946000.0,
        "Reconciled Depreciation": 537000.0,
        "Net Interest Income": 12634000.0,
        "Interest Expense": 2718000.0,
        "Interest Income": 15352000.0,
        "Normalized Income": 3946000.0,
        "Net Income From Continuing And Discontinued Operation": 3946000.0,
        "Diluted Average Shares": 9068541.0,
        "Basic Average Shares": 8981037.0,
        "Diluted EPS": 0.43,
        "Basic EPS": 0.44,
        "Diluted NI Availto Com Stockholders": 3946000.0,
        "Net Income Common Stockholders": 3946000.0,
        "Otherunder Preferred Stock Dividend": 13000.0,
        "Net Income": 3946000.0,
        "Net Income Including Noncontrolling Interests": 3946000.0,
        "Net Income Continuous Operations": 3946000.0,
        "Tax Provision": 935000.0,
        "Pretax Income": 4881000.0,
        "Gain On Sale Of Security": 0.0,
        "Selling General And Administration": 7277000.0,
        "Selling And Marketing Expense": 92000.0,
        "General And Administrative Expense": 7185000.0,
        "Other Gand A": 1656000.0,
        "Insurance And Claims": 112000.0,
        "Salaries And Wages": 5417000.0,
        "Total Revenue": 13495000.0,
        "Operating Revenue": 13495000.0
    },
    "2022-06-30": {
        "Tax Effect Of Unusual Items": 0.0,
        "Tax Rate For Calcs": 0.197714,
        "Net Income From Continuing Operation Net Minority Interest": 2808000.0,
        "Reconciled Depreciation": 550000.0,
        "Net Interest Income": 11753000.0,
        "Interest Expense": 1713000.0,
        "Interest Income": 13466000.0,
        "Normalized Income": 2808000.0,
        "Net Income From Continuing And Discontinued Operation": 2808000.0,
        "Diluted Average Shares": 9085913.0,
        "Basic Average Shares": 8982969.0,
        "Diluted EPS": 0.31,
        "Basic EPS": 0.31,
        "Diluted NI Availto Com Stockholders": 2808000.0,
        "Net Income Common Stockholders": 2808000.0,
        "Otherunder Preferred Stock Dividend": 9000.0,
        "Net Income": 2808000.0,
        "Net Income Including Noncontrolling Interests": 2808000.0,
        "Net Income Continuous Operations": 2808000.0,
        "Tax Provision": 692000.0,
        "Pretax Income": 3500000.0,
        "Gain On Sale Of Security": 0.0,
        "Selling General And Administration": 7349000.0,
        "Selling And Marketing Expense": 96000.0,
        "General And Administrative Expense": 7253000.0,
        "Other Gand A": 1662000.0,
        "Insurance And Claims": 113000.0,
        "Salaries And Wages": 5478000.0,
        "Total Revenue": 12785000.0,
        "Operating Revenue": 12785000.0
    },
    "2022-03-31": {
        "Diluted EPS": 0.36,
        "Total Revenue": 14,
        "Gross Profit": 12,
        "Operating Income": 4,
        "EBIT": NaN,
        "Net Income": 3
    },
    "2021-12-31": {
        "Diluted EPS": 0.29,
        "Total Revenue": 14,
        "Gross Profit": 13,
        "Operating Income": 3,
        "EBIT": NaN,
        "Net Income": 3
    },
    "2021-09-30": {
        "Diluted EPS": 0.34,
        "Total Revenue": 14,
        "Gross Profit": 12,
        "Operating Income": 4,
        "EBIT": NaN,
        "Net Income": 3
    },
    "2021-06-30": {
        "Diluted EPS": 0.4,
        "Total Revenue": 15,
        "Gross Profit": 12,
        "Operating Income": 5,
        "EBIT": NaN,
        "Net Income": 4
    },
    "2021-03-31": {
        "Diluted EPS": 0.26,
        "Total Revenue": 14,
        "Gross Profit": 12,
        "Operating Income": 3,
        "EBIT": NaN,
        "Net Income": 2
    },
    "2020-12-31": {
        "Diluted EPS": 0.28,
        "Total Revenue": 15,
        "Gross Profit": 12,
        "Operating Income": 3,
        "EBIT": NaN,
        "Net Income": 3
    },
    "2020-09-30": {
        "Diluted EPS": 0.21,
        "Total Revenue": 15,
        "Gross Profit": 11,
        "Operating Income": 3,
        "EBIT": NaN,
        "Net Income": 2
    },
    "2020-06-30": {
        "Diluted EPS": 0.22,
        "Total Revenue": 15,
        "Gross Profit": 11,
        "Operating Income": 3,
        "EBIT": NaN,
        "Net Income": 2
    },
    "2020-03-31": {
        "Diluted EPS": 0.17,
        "Total Revenue": 15,
        "Gross Profit": 11,
        "Operating Income": 2,
        "EBIT": NaN,
        "Net Income": 2
    },
    "2019-12-31": {
        "Diluted EPS": 0.26,
        "Total Revenue": 16,
        "Gross Profit": 11,
        "Operating Income": 3,
        "EBIT": NaN,
        "Net Income": 3
    },
    "2019-09-30": {
        "Diluted EPS": 0.25,
        "Total Revenue": 16,
        "Gross Profit": 11,
        "Operating Income": 3,
        "EBIT": NaN,
        "Net Income": 3
    },
    "2019-06-30": {
        "Diluted EPS": 0.33,
        "Total Revenue": 16,
        "Gross Profit": 11,
        "Operating Income": 4,
        "EBIT": NaN,
        "Net Income": 3
    },
    "2019-03-31": {
        "Diluted EPS": 0.19,
        "Total Revenue": 15,
        "Gross Profit": 11,
        "Operating Income": 2,
        "EBIT": NaN,
        "Net Income": 2
    },
    "2018-12-31": {
        "Diluted EPS": 0.2,
        "Total Revenue": 15,
        "Gross Profit": 11,
        "Operating Income": 3,
        "EBIT": NaN,
        "Net Income": 2
    },
    "2018-09-30": {
        "Diluted EPS": 0.27,
        "Total Revenue": 15,
        "Gross Profit": 11,
        "Operating Income": 3,
        "EBIT": NaN,
        "Net Income": 3
    },
    "2018-06-30": {
        "Diluted EPS": 0.3,
        "Total Revenue": 14,
        "Gross Profit": 11,
        "Operating Income": 4,
        "EBIT": NaN,
        "Net Income": 3
    },
    "2018-03-31": {
        "Diluted EPS": 0.66,
        "Total Revenue": 15,
        "Gross Profit": 12,
        "Operating Income": 9,
        "EBIT": NaN,
        "Net Income": 7
    },
    "2017-12-31": {
        "Diluted EPS": 0.23,
        "Total Revenue": 14,
        "Gross Profit": 11,
        "Operating Income": 5,
        "EBIT": NaN,
        "Net Income": 2
    },
    "2017-09-30": {
        "Diluted EPS": 0.18,
        "Total Revenue": 13,
        "Gross Profit": 10,
        "Operating Income": 3,
        "EBIT": NaN,
        "Net Income": 2
    },
    "2017-06-30": {
        "Diluted EPS": 0.18,
        "Total Revenue": 12,
        "Gross Profit": 10,
        "Operating Income": 3,
        "EBIT": NaN,
        "Net Income": 2
    },
    "2017-03-31": {
        "Diluted EPS": 0.22,
        "Total Revenue": 12,
        "Gross Profit": 9,
        "Operating Income": 3,
        "EBIT": NaN,
        "Net Income": 2
    },
    "2016-12-31": {
        "Diluted EPS": 0.27,
        "Total Revenue": 12,
        "Gross Profit": 10,
        "Operating Income": 4,
        "EBIT": NaN,
        "Net Income": 3
    },
    "2016-09-30": {
        "Diluted EPS": 0.22,
        "Total Revenue": 12,
        "Gross Profit": 10,
        "Operating Income": 3,
        "EBIT": NaN,
        "Net Income": 3
    },
    "2016-06-30": {
        "Diluted EPS": 0.11,
        "Total Revenue": 11,
        "Gross Profit": 9,
        "Operating Income": 2,
        "EBIT": NaN,
        "Net Income": 1
    },
    "2016-03-31": {
        "Diluted EPS": 0.14,
        "Total Revenue": 10,
        "Gross Profit": 8,
        "Operating Income": 3,
        "EBIT": NaN,
        "Net Income": 2
    },
    "2015-12-31": {
        "Diluted EPS": 0.16,
        "Total Revenue": 10,
        "Gross Profit": 8,
        "Operating Income": 4,
        "EBIT": NaN,
        "Net Income": 2
    },
    "2015-09-30": {
        "Diluted EPS": 0.18,
        "Total Revenue": 10,
        "Gross Profit": 8,
        "Operating Income": 3,
        "EBIT": NaN,
        "Net Income": 2
    },
    "2015-06-30": {
        "Diluted EPS": 0.17,
        "Total Revenue": 10,
        "Gross Profit": 8,
        "Operating Income": 4,
        "EBIT": NaN,
        "Net Income": 2
    },
    "2015-03-31": {
        "Diluted EPS": 0.16,
        "Total Revenue": 9,
        "Gross Profit": 8,
        "Operating Income": 3,
        "EBIT": NaN,
        "Net Income": 2
    },
    "2014-12-31": {
        "Diluted EPS": 0.19,
        "Total Revenue": 10,
        "Gross Profit": 8,
        "Operating Income": 5,
        "EBIT": NaN,
        "Net Income": 3
    },
    "2014-09-30": {
        "Diluted EPS": 0.19,
        "Total Revenue": 10,
        "Gross Profit": 8,
        "Operating Income": 4,
        "EBIT": NaN,
        "Net Income": 3
    },
    "2014-06-30": {
        "Diluted EPS": 0.16,
        "Total Revenue": 10,
        "Gross Profit": 8,
        "Operating Income": 4,
        "EBIT": NaN,
        "Net Income": 2
    },
    "2014-03-31": {
        "Diluted EPS": 0.17,
        "Total Revenue": 10,
        "Gross Profit": 8,
        "Operating Income": 4,
        "EBIT": NaN,
        "Net Income": 3
    },
    "2013-12-31": {
        "Diluted EPS": 0.26,
        "Total Revenue": 10,
        "Gross Profit": 9,
        "Operating Income": 4,
        "EBIT": NaN,
        "Net Income": 4
    },
    "2013-09-30": {
        "Diluted EPS": 0.16,
        "Total Revenue": 10,
        "Gross Profit": 8,
        "Operating Income": 3,
        "EBIT": NaN,
        "Net Income": 3
    },
    "2013-06-30": {
        "Diluted EPS": 0.95,
        "Total Revenue": 10,
        "Gross Profit": 8,
        "Operating Income": 3,
        "EBIT": NaN,
        "Net Income": 16
    },
    "2013-03-31": {
        "Diluted EPS": 0.09,
        "Total Revenue": 10,
        "Gross Profit": 7,
        "Operating Income": 2,
        "EBIT": NaN,
        "Net Income": 2
    },
    "2012-12-31": {
        "Diluted EPS": 0.07,
        "Total Revenue": 10,
        "Gross Profit": 7,
        "Operating Income": 3,
        "EBIT": NaN,
        "Net Income": 2
    },
    "2012-09-30": {
        "Diluted EPS": -0.04,
        "Total Revenue": 10,
        "Gross Profit": 7,
        "Operating Income": 0,
        "EBIT": NaN,
        "Net Income": -1
    },
    "2012-06-30": {
        "Diluted EPS": 0.08,
        "Total Revenue": 11,
        "Gross Profit": 8,
        "Operating Income": 1,
        "EBIT": NaN,
        "Net Income": 1
    },
    "2012-03-31": {
        "Diluted EPS": 0.04,
        "Total Revenue": 11,
        "Gross Profit": 8,
        "Operating Income": 1,
        "EBIT": NaN,
        "Net Income": 1
    },
    "2011-12-31": {
        "Diluted EPS": 0.05,
        "Total Revenue": 12,
        "Gross Profit": 8,
        "Operating Income": 1,
        "EBIT": NaN,
        "Net Income": 1
    },
    "2011-09-30": {
        "Diluted EPS": 0.04,
        "Total Revenue": 13,
        "Gross Profit": 8,
        "Operating Income": 1,
        "EBIT": NaN,
        "Net Income": 1
    },
    "2011-06-30": {
        "Diluted EPS": 0.07,
        "Total Revenue": 14,
        "Gross Profit": 9,
        "Operating Income": 2,
        "EBIT": NaN,
        "Net Income": 1
    },
    "2011-03-31": {
        "Diluted EPS": 0.08,
        "Total Revenue": 14,
        "Gross Profit": 9,
        "Operating Income": 2,
        "EBIT": NaN,
        "Net Income": 1
    },
    "2010-12-31": {
        "Diluted EPS": 0.03,
        "Total Revenue": 15,
        "Gross Profit": 9,
        "Operating Income": 1,
        "EBIT": NaN,
        "Net Income": 1
    },
    "2010-09-30": {
        "Diluted EPS": -0.69,
        "Total Revenue": 15,
        "Gross Profit": 8,
        "Operating Income": -10,
        "EBIT": NaN,
        "Net Income": -12
    },
    "2010-06-30": {
        "Diluted EPS": -1.43,
        "Total Revenue": 15,
        "Gross Profit": 8,
        "Operating Income": -24,
        "EBIT": NaN,
        "Net Income": -25
    },
    "2010-03-31": {
        "Diluted EPS": -1.02,
        "Total Revenue": 16,
        "Gross Profit": 8,
        "Operating Income": -11,
        "EBIT": NaN,
        "Net Income": -18
    },
    "2009-12-31": {
        "Diluted EPS": -0.66,
        "Total Revenue": 18,
        "Gross Profit": 10,
        "Operating Income": -18,
        "EBIT": NaN,
        "Net Income": -12
    },
    "2009-09-30": {
        "Diluted EPS": -0.09,
        "Total Revenue": 16,
        "Gross Profit": 8,
        "Operating Income": -5,
        "EBIT": NaN,
        "Net Income": -2
    },
    "2009-06-30": {
        "Diluted EPS": -1.49,
        "Total Revenue": 16,
        "Gross Profit": 7,
        "Operating Income": -32,
        "EBIT": NaN,
        "Net Income": -28
    },
    "2009-03-31": {
        "Diluted EPS": 0.06,
        "Total Revenue": 17,
        "Gross Profit": 8,
        "Operating Income": 2,
        "EBIT": NaN,
        "Net Income": 1
    },
    "2023-09-30": {
        "Tax Effect Of Unusual Items": 0.0,
        "Tax Rate For Calcs": 0.214136,
        "Net Income From Continuing Operation Net Minority Interest": 1501000.0,
        "Reconciled Depreciation": 509000.0,
        "Net Interest Income": 9590000.0,
        "Interest Expense": 9971000.0,
        "Interest Income": 19561000.0,
        "Normalized Income": 1501000.0,
        "Net Income From Continuing And Discontinued Operation": 1501000.0,
        "Diluted Average Shares": 9150059.0,
        "Basic Average Shares": 9127568.0,
        "Diluted EPS": 0.16,
        "Basic EPS": 0.16,
        "Diluted NI Availto Com Stockholders": 1497000.0,
        "Net Income Common Stockholders": 1497000.0,
        "Otherunder Preferred Stock Dividend": 4000.0,
        "Net Income": 1501000.0,
        "Net Income Including Noncontrolling Interests": 1501000.0,
        "Net Income Continuous Operations": 1501000.0,
        "Tax Provision": 409000.0,
        "Pretax Income": 1910000.0,
        "Gain On Sale Of Security": 0.0,
        "Selling General And Administration": 7024000.0,
        "Selling And Marketing Expense": 97000.0,
        "General And Administrative Expense": 6927000.0,
        "Other Gand A": 1798000.0,
        "Insurance And Claims": 111000.0,
        "Salaries And Wages": 5018000.0,
        "Total Revenue": 10380000.0,
        "Operating Revenue": 10380000.0,
        "Occupancy And Equipment": 1193000.0,
        "Professional Expense And Contract Services Expense": 553000.0,
        "Other Non Interest Expense": NaN
    },
    "2023-12-31": {
        "Tax Effect Of Unusual Items": 0.0,
        "Tax Rate For Calcs": 0.187202,
        "Net Income From Continuing Operation Net Minority Interest": 1194000.0,
        "Reconciled Depreciation": 497000.0,
        "Net Interest Income": 9153000.0,
        "Interest Expense": 11012000.0,
        "Interest Income": 20165000.0,
        "Normalized Income": 1194000.0,
        "Net Income From Continuing And Discontinued Operation": 1194000.0,
        "Diluted Average Shares": 9176724.0,
        "Basic Average Shares": 9151892.0,
        "Diluted EPS": 0.13,
        "Basic EPS": 0.13,
        "Diluted NI Availto Com Stockholders": 1191000.0,
        "Net Income Common Stockholders": 1191000.0,
        "Otherunder Preferred Stock Dividend": 3000.0,
        "Net Income": 1194000.0,
        "Net Income Including Noncontrolling Interests": 1194000.0,
        "Net Income Continuous Operations": 1194000.0,
        "Tax Provision": 275000.0,
        "Pretax Income": 1469000.0,
        "Gain On Sale Of Security": 0.0,
        "Selling General And Administration": 3156000.0,
        "Selling And Marketing Expense": 70000.0,
        "General And Administrative Expense": 3086000.0,
        "Other Gand A": -1849000.0,
        "Insurance And Claims": 112000.0,
        "Salaries And Wages": 4823000.0,
        "Total Revenue": 9907000.0,
        "Operating Revenue": 9907000.0,
        "Occupancy And Equipment": 1231000.0,
        "Professional Expense And Contract Services Expense": 431000.0,
        "Other Non Interest Expense": NaN
    },
    "2024-03-31": {
        "Tax Effect Of Unusual Items": 0.0,
        "Tax Rate For Calcs": 0.267529,
        "Net Income From Continuing Operation Net Minority Interest": -1076000.0,
        "Reconciled Depreciation": 499000.0,
        "Net Interest Income": 8773000.0,
        "Interest Expense": 10743000.0,
        "Interest Income": 19516000.0,
        "Normalized Income": -1076000.0,
        "Net Income From Continuing And Discontinued Operation": -1076000.0,
        "Diluted Average Shares": 9159339.0,
        "Basic Average Shares": 9159339.0,
        "Diluted EPS": -0.12,
        "Basic EPS": -0.12,
        "Diluted NI Availto Com Stockholders": -1075000.0,
        "Net Income Common Stockholders": -1075000.0,
        "Otherunder Preferred Stock Dividend": -1000.0,
        "Net Income": -1076000.0,
        "Net Income Including Noncontrolling Interests": -1076000.0,
        "Net Income Continuous Operations": -1076000.0,
        "Tax Provision": -393000.0,
        "Pretax Income": -1469000.0,
        "Gain On Sale Of Security": 0.0,
        "Selling General And Administration": 7853000.0,
        "Selling And Marketing Expense": 64000.0,
        "General And Administrative Expense": 7789000.0,
        "Other Gand A": 894000.0,
        "Insurance And Claims": 132000.0,
        "Salaries And Wages": 6763000.0,
        "Total Revenue": 9687000.0,
        "Operating Revenue": 9687000.0,
        "Occupancy And Equipment": 1226000.0,
        "Professional Expense And Contract Services Expense": 1300000.0,
        "Other Non Interest Expense": 952000.0
    },
    "2024-06-30": {
        "Tax Effect Of Unusual Items": 0.0,
        "Tax Rate For Calcs": 0.18244,
        "Net Income From Continuing Operation Net Minority Interest": 1555000.0,
        "Reconciled Depreciation": 491000.0,
        "Net Interest Income": 8826000.0,
        "Interest Expense": 10347000.0,
        "Interest Income": 19173000.0,
        "Normalized Income": 1555000.0,
        "Net Income From Continuing And Discontinued Operation": 1555000.0,
        "Diluted Average Shares": 9235446.0,
        "Basic Average Shares": 9168414.0,
        "Diluted EPS": 0.17,
        "Basic EPS": 0.17,
        "Diluted NI Availto Com Stockholders": 1554000.0,
        "Net Income Common Stockholders": 1554000.0,
        "Otherunder Preferred Stock Dividend": 1000.0,
        "Net Income": 1555000.0,
        "Net Income Including Noncontrolling Interests": 1555000.0,
        "Net Income Continuous Operations": 1555000.0,
        "Tax Provision": 347000.0,
        "Pretax Income": 1902000.0,
        "Gain On Sale Of Security": 0.0,
        "Selling General And Administration": 4941000.0,
        "Selling And Marketing Expense": 47000.0,
        "General And Administrative Expense": 4894000.0,
        "Other Gand A": 959000.0,
        "Insurance And Claims": 118000.0,
        "Salaries And Wages": 3817000.0,
        "Total Revenue": 9643000.0,
        "Operating Revenue": 9643000.0,
        "Occupancy And Equipment": 1225000.0,
        "Professional Expense And Contract Services Expense": 749000.0,
        "Other Non Interest Expense": 1026000.0
    },
    "2024-09-30": {
        "Tax Effect Of Unusual Items": 0.0,
        "Tax Rate For Calcs": 0.347639,
        "Net Income From Continuing Operation Net Minority Interest": -608000.0,
        "Reconciled Depreciation": 485000.0,
        "Net Interest Income": 8304000.0,
        "Interest Expense": 10961000.0,
        "Interest Income": 19265000.0,
        "Normalized Income": -608000.0,
        "Net Income From Continuing And Discontinued Operation": -608000.0,
        "Diluted Average Shares": 9190146.0,
        "Basic Average Shares": 9190146.0,
        "Diluted EPS": -0.07,
        "Basic EPS": -0.07,
        "Diluted NI Availto Com Stockholders": -608000.0,
        "Net Income Common Stockholders": -608000.0,
        "Otherunder Preferred Stock Dividend": NaN,
        "Net Income": -608000.0,
        "Net Income Including Noncontrolling Interests": -608000.0,
        "Net Income Continuous Operations": -608000.0,
        "Tax Provision": -324000.0,
        "Pretax Income": -932000.0,
        "Gain On Sale Of Security": 0.0,
        "Selling General And Administration": 6720000.0,
        "Selling And Marketing Expense": 46000.0,
        "General And Administrative Expense": 6674000.0,
        "Other Gand A": 1955000.0,
        "Insurance And Claims": 113000.0,
        "Salaries And Wages": 4606000.0,
        "Total Revenue": 9131000.0,
        "Operating Revenue": 9131000.0,
        "Occupancy And Equipment": 1183000.0,
        "Professional Expense And Contract Services Expense": 585000.0,
        "Other Non Interest Expense": NaN
    }
}