{
    "2023-03-31": {
        "Tax Effect Of Unusual Items": NaN,
        "Tax Rate For Calcs": NaN,
        "Total Unusual Items": NaN,
        "Total Unusual Items Excluding Goodwill": NaN,
        "Net Income From Continuing Operation Net Minority Interest": NaN,
        "Reconciled Depreciation": NaN,
        "Net Interest Income": NaN,
        "Interest Expense": NaN,
        "Interest Income": NaN,
        "Normalized Income": NaN,
        "Net Income From Continuing And Discontinued Operation": NaN,
        "Diluted Average Shares": NaN,
        "Basic Average Shares": NaN,
        "Diluted EPS": NaN,
        "Basic EPS": NaN,
        "Diluted NI Availto Com Stockholders": NaN,
        "Net Income Common Stockholders": NaN,
        "Preferred Stock Dividends": NaN,
        "Net Income": NaN,
        "Net Income Including Noncontrolling Interests": NaN,
        "Net Income Continuous Operations": NaN,
        "Tax Provision": NaN,
        "Pretax Income": NaN,
        "Special Income Charges": -170000.0,
        "Other Special Charges": 170000.0,
        "Gain On Sale Of Security": NaN,
        "Depreciation Amortization Depletion Income Statement": NaN,
        "Depreciation And Amortization In Income Statement": NaN,
        "Amortization": NaN,
        "Amortization Of Intangibles Income Statement": NaN,
        "Selling General And Administration": NaN,
        "Selling And Marketing Expense": NaN,
        "General And Administrative Expense": NaN,
        "Other Gand A": NaN,
        "Salaries And Wages": NaN,
        "Total Revenue": NaN,
        "Operating Revenue": NaN,
        "Occupancy And Equipment": NaN,
        "Professional Expense And Contract Services Expense": NaN,
        "Other Non Interest Expense": NaN
    },
    "2022-12-31": {
        "Tax Effect Of Unusual Items": -24734.094107,
        "Tax Rate For Calcs": 0.199469,
        "Total Unusual Items": -124000.0,
        "Total Unusual Items Excluding Goodwill": -124000.0,
        "Net Income From Continuing Operation Net Minority Interest": 5121000.0,
        "Reconciled Depreciation": 1109000.0,
        "Net Interest Income": 23300000.0,
        "Interest Expense": 15007000.0,
        "Interest Income": 38307000.0,
        "Normalized Income": 5220265.905893,
        "Net Income From Continuing And Discontinued Operation": 5121000.0,
        "Diluted Average Shares": 10716796.0,
        "Basic Average Shares": 10716796.0,
        "Diluted EPS": 0.42,
        "Basic EPS": 0.42,
        "Diluted NI Availto Com Stockholders": 4540000.0,
        "Net Income Common Stockholders": 4540000.0,
        "Preferred Stock Dividends": 581000.0,
        "Net Income": 5121000.0,
        "Net Income Including Noncontrolling Interests": 5121000.0,
        "Net Income Continuous Operations": 5121000.0,
        "Tax Provision": 1276000.0,
        "Pretax Income": 6397000.0,
        "Special Income Charges": -124000.0,
        "Other Special Charges": 124000.0,
        "Gain On Sale Of Security": 0.0,
        "Depreciation Amortization Depletion Income Statement": 4365000.0,
        "Depreciation And Amortization In Income Statement": 4365000.0,
        "Amortization": 4365000.0,
        "Amortization Of Intangibles Income Statement": 4365000.0,
        "Selling General And Administration": 2799000.0,
        "Selling And Marketing Expense": 580000.0,
        "General And Administrative Expense": 2219000.0,
        "Other Gand A": NaN,
        "Salaries And Wages": 9453000.0,
        "Total Revenue": 25285000.0,
        "Operating Revenue": 25285000.0
    },
    "2022-09-30": {
        "Tax Effect Of Unusual Items": NaN,
        "Tax Rate For Calcs": NaN,
        "Total Unusual Items": NaN,
        "Total Unusual Items Excluding Goodwill": NaN,
        "Net Income From Continuing Operation Net Minority Interest": NaN,
        "Reconciled Depreciation": NaN,
        "Net Interest Income": NaN,
        "Interest Expense": NaN,
        "Interest Income": NaN,
        "Normalized Income": NaN,
        "Net Income From Continuing And Discontinued Operation": NaN,
        "Diluted Average Shares": NaN,
        "Basic Average Shares": NaN,
        "Diluted EPS": NaN,
        "Basic EPS": NaN,
        "Diluted NI Availto Com Stockholders": NaN,
        "Net Income Common Stockholders": NaN,
        "Preferred Stock Dividends": NaN,
        "Net Income": NaN,
        "Net Income Including Noncontrolling Interests": NaN,
        "Net Income Continuous Operations": NaN,
        "Tax Provision": NaN,
        "Pretax Income": NaN,
        "Special Income Charges": NaN,
        "Other Special Charges": NaN,
        "Gain On Sale Of Security": NaN,
        "Depreciation Amortization Depletion Income Statement": NaN,
        "Depreciation And Amortization In Income Statement": NaN,
        "Amortization": NaN,
        "Amortization Of Intangibles Income Statement": NaN,
        "Selling General And Administration": NaN,
        "Selling And Marketing Expense": NaN,
        "General And Administrative Expense": NaN,
        "Other Gand A": 531000.0,
        "Salaries And Wages": NaN,
        "Total Revenue": NaN,
        "Operating Revenue": NaN
    },
    "2022-06-30": {
        "Tax Effect Of Unusual Items": 0.0,
        "Tax Rate For Calcs": 0.208264,
        "Total Unusual Items": -182000.0,
        "Total Unusual Items Excluding Goodwill": -182000.0,
        "Net Income From Continuing Operation Net Minority Interest": 8124000.0,
        "Reconciled Depreciation": 1266000.0,
        "Net Interest Income": 26310000.0,
        "Interest Expense": 6230000.0,
        "Interest Income": 32540000.0,
        "Normalized Income": 8124000.0,
        "Net Income From Continuing And Discontinued Operation": 8124000.0,
        "Diluted Average Shares": 10716796.0,
        "Basic Average Shares": 10716796.0,
        "Diluted EPS": 0.7,
        "Basic EPS": 0.7,
        "Diluted NI Availto Com Stockholders": 7542000.0,
        "Net Income Common Stockholders": 7542000.0,
        "Preferred Stock Dividends": 582000.0,
        "Net Income": 8124000.0,
        "Net Income Including Noncontrolling Interests": 8124000.0,
        "Net Income Continuous Operations": 8124000.0,
        "Tax Provision": 2137000.0,
        "Pretax Income": 10261000.0,
        "Special Income Charges": -182000.0,
        "Other Special Charges": 182000.0,
        "Gain On Sale Of Security": 0.0,
        "Depreciation Amortization Depletion Income Statement": 174000.0,
        "Depreciation And Amortization In Income Statement": 174000.0,
        "Amortization": 174000.0,
        "Amortization Of Intangibles Income Statement": 174000.0,
        "Selling General And Administration": 9085000.0,
        "Selling And Marketing Expense": 342000.0,
        "General And Administrative Expense": 9085000.0,
        "Other Gand A": 2452000.0,
        "Salaries And Wages": 9085000.0,
        "Total Revenue": 28837000.0,
        "Operating Revenue": 28837000.0
    },
    "2022-03-31": {
        "Diluted EPS": 0.65,
        "Total Revenue": 32,
        "Gross Profit": 27,
        "Operating Income": 10,
        "EBIT": NaN,
        "Net Income": 7
    },
    "2021-12-31": {
        "Diluted EPS": 0.7,
        "Total Revenue": 33,
        "Gross Profit": 28,
        "Operating Income": 10,
        "EBIT": NaN,
        "Net Income": 7
    },
    "2021-09-30": {
        "Diluted EPS": 0.67,
        "Total Revenue": 31,
        "Gross Profit": 26,
        "Operating Income": 10,
        "EBIT": NaN,
        "Net Income": 7
    },
    "2021-06-30": {
        "Diluted EPS": 0.58,
        "Total Revenue": 31,
        "Gross Profit": 25,
        "Operating Income": 8,
        "EBIT": NaN,
        "Net Income": 6
    },
    "2021-03-31": {
        "Diluted EPS": 0.47,
        "Total Revenue": 28,
        "Gross Profit": 22,
        "Operating Income": 6,
        "EBIT": NaN,
        "Net Income": 5
    },
    "2020-12-31": {
        "Diluted EPS": 0.58,
        "Total Revenue": 39,
        "Gross Profit": 33,
        "Operating Income": 8,
        "EBIT": NaN,
        "Net Income": 6
    },
    "2020-09-30": {
        "Diluted EPS": 0.48,
        "Total Revenue": 29,
        "Gross Profit": 23,
        "Operating Income": 7,
        "EBIT": NaN,
        "Net Income": 5
    },
    "2020-06-30": {
        "Diluted EPS": 0.48,
        "Total Revenue": 29,
        "Gross Profit": 22,
        "Operating Income": 7,
        "EBIT": NaN,
        "Net Income": 5
    },
    "2020-03-31": {
        "Diluted EPS": 0.36,
        "Total Revenue": 28,
        "Gross Profit": 20,
        "Operating Income": 5,
        "EBIT": NaN,
        "Net Income": 4
    },
    "2019-12-31": {
        "Diluted EPS": 0.39,
        "Total Revenue": 26,
        "Gross Profit": 19,
        "Operating Income": 5,
        "EBIT": NaN,
        "Net Income": 4
    },
    "2019-09-30": {
        "Diluted EPS": 0.36,
        "Total Revenue": 25,
        "Gross Profit": 18,
        "Operating Income": 5,
        "EBIT": NaN,
        "Net Income": 4
    },
    "2019-06-30": {
        "Diluted EPS": 0.3,
        "Total Revenue": 25,
        "Gross Profit": 17,
        "Operating Income": 4,
        "EBIT": NaN,
        "Net Income": 3
    },
    "2019-03-31": {
        "Diluted EPS": 0.29,
        "Total Revenue": 23,
        "Gross Profit": 16,
        "Operating Income": 4,
        "EBIT": NaN,
        "Net Income": 3
    },
    "2018-12-31": {
        "Diluted EPS": 0.14,
        "Total Revenue": 21,
        "Gross Profit": 15,
        "Operating Income": 3,
        "EBIT": NaN,
        "Net Income": 3
    },
    "2018-09-30": {
        "Diluted EPS": 0.36,
        "Total Revenue": 21,
        "Gross Profit": 16,
        "Operating Income": 4,
        "EBIT": NaN,
        "Net Income": 3
    },
    "2018-06-30": {
        "Diluted EPS": 0.47,
        "Total Revenue": 21,
        "Gross Profit": 16,
        "Operating Income": 6,
        "EBIT": NaN,
        "Net Income": 5
    },
    "2018-03-31": {
        "Diluted EPS": 0.37,
        "Total Revenue": 20,
        "Gross Profit": 15,
        "Operating Income": 5,
        "EBIT": NaN,
        "Net Income": 4
    },
    "2017-12-31": {
        "Diluted EPS": 0.11,
        "Total Revenue": 20,
        "Gross Profit": 16,
        "Operating Income": 5,
        "EBIT": NaN,
        "Net Income": 3
    },
    "2017-09-30": {
        "Diluted EPS": 0.32,
        "Total Revenue": 20,
        "Gross Profit": 16,
        "Operating Income": 5,
        "EBIT": NaN,
        "Net Income": 3
    },
    "2017-06-30": {
        "Diluted EPS": 0.32,
        "Total Revenue": 18,
        "Gross Profit": 15,
        "Operating Income": 4,
        "EBIT": NaN,
        "Net Income": 3
    },
    "2017-03-31": {
        "Diluted EPS": 0.36,
        "Total Revenue": 18,
        "Gross Profit": 15,
        "Operating Income": 5,
        "EBIT": NaN,
        "Net Income": 3
    },
    "2016-12-31": {
        "Diluted EPS": 0.35,
        "Total Revenue": 16,
        "Gross Profit": 14,
        "Operating Income": 5,
        "EBIT": NaN,
        "Net Income": 3
    },
    "2016-09-30": {
        "Diluted EPS": 0.36,
        "Total Revenue": 17,
        "Gross Profit": 15,
        "Operating Income": 5,
        "EBIT": NaN,
        "Net Income": 3
    },
    "2016-06-30": {
        "Diluted EPS": 0.48,
        "Total Revenue": 18,
        "Gross Profit": 16,
        "Operating Income": 7,
        "EBIT": NaN,
        "Net Income": 4
    },
    "2016-03-31": {
        "Diluted EPS": 0.34,
        "Total Revenue": 16,
        "Gross Profit": 14,
        "Operating Income": 5,
        "EBIT": NaN,
        "Net Income": 3
    },
    "2015-12-31": {
        "Diluted EPS": 0.37,
        "Total Revenue": 15,
        "Gross Profit": 13,
        "Operating Income": 5,
        "EBIT": NaN,
        "Net Income": 3
    },
    "2015-09-30": {
        "Diluted EPS": 0.46,
        "Total Revenue": 18,
        "Gross Profit": 15,
        "Operating Income": 6,
        "EBIT": NaN,
        "Net Income": 4
    },
    "2015-06-30": {
        "Diluted EPS": 0.45,
        "Total Revenue": 16,
        "Gross Profit": 14,
        "Operating Income": 6,
        "EBIT": NaN,
        "Net Income": 4
    },
    "2015-03-31": {
        "Diluted EPS": 0.4,
        "Total Revenue": 16,
        "Gross Profit": 14,
        "Operating Income": 5,
        "EBIT": NaN,
        "Net Income": 3
    },
    "2014-12-31": {
        "Diluted EPS": 0.33,
        "Total Revenue": 15,
        "Gross Profit": 13,
        "Operating Income": 4,
        "EBIT": NaN,
        "Net Income": 3
    },
    "2014-09-30": {
        "Diluted EPS": 0.34,
        "Total Revenue": 15,
        "Gross Profit": 12,
        "Operating Income": 4,
        "EBIT": NaN,
        "Net Income": 3
    },
    "2014-06-30": {
        "Diluted EPS": 0.31,
        "Total Revenue": 15,
        "Gross Profit": 12,
        "Operating Income": 4,
        "EBIT": NaN,
        "Net Income": 3
    },
    "2014-03-31": {
        "Diluted EPS": 0.32,
        "Total Revenue": 15,
        "Gross Profit": 12,
        "Operating Income": 4,
        "EBIT": NaN,
        "Net Income": 3
    },
    "2013-12-31": {
        "Diluted EPS": 0.3,
        "Total Revenue": 15,
        "Gross Profit": 12,
        "Operating Income": 4,
        "EBIT": NaN,
        "Net Income": 3
    },
    "2013-09-30": {
        "Diluted EPS": 0.26,
        "Total Revenue": 14,
        "Gross Profit": 12,
        "Operating Income": 3,
        "EBIT": NaN,
        "Net Income": 2
    },
    "2013-06-30": {
        "Diluted EPS": 0.23,
        "Total Revenue": 15,
        "Gross Profit": 12,
        "Operating Income": 3,
        "EBIT": NaN,
        "Net Income": 2
    },
    "2013-03-31": {
        "Diluted EPS": 0.22,
        "Total Revenue": 15,
        "Gross Profit": 12,
        "Operating Income": 3,
        "EBIT": NaN,
        "Net Income": 2
    },
    "2012-12-31": {
        "Diluted EPS": 0.3,
        "Total Revenue": 17,
        "Gross Profit": 14,
        "Operating Income": 4,
        "EBIT": NaN,
        "Net Income": 3
    },
    "2012-09-30": {
        "Diluted EPS": 0.3,
        "Total Revenue": 16,
        "Gross Profit": 13,
        "Operating Income": 5,
        "EBIT": NaN,
        "Net Income": 3
    },
    "2012-06-30": {
        "Diluted EPS": 0.29,
        "Total Revenue": 17,
        "Gross Profit": 13,
        "Operating Income": 4,
        "EBIT": NaN,
        "Net Income": 2
    },
    "2012-03-31": {
        "Diluted EPS": 0.31,
        "Total Revenue": 17,
        "Gross Profit": 13,
        "Operating Income": 5,
        "EBIT": NaN,
        "Net Income": 3
    },
    "2011-12-31": {
        "Diluted EPS": 0.06,
        "Total Revenue": 16,
        "Gross Profit": 13,
        "Operating Income": -3,
        "EBIT": NaN,
        "Net Income": 1
    },
    "2011-09-30": {
        "Diluted EPS": 0.17,
        "Total Revenue": 18,
        "Gross Profit": 14,
        "Operating Income": 3,
        "EBIT": NaN,
        "Net Income": 1
    },
    "2011-06-30": {
        "Diluted EPS": 0.26,
        "Total Revenue": 17,
        "Gross Profit": 13,
        "Operating Income": 4,
        "EBIT": NaN,
        "Net Income": 2
    },
    "2011-03-31": {
        "Diluted EPS": 0.26,
        "Total Revenue": 15,
        "Gross Profit": 11,
        "Operating Income": 4,
        "EBIT": NaN,
        "Net Income": 2
    },
    "2010-12-31": {
        "Diluted EPS": 0.0,
        "Total Revenue": NaN,
        "Gross Profit": NaN,
        "Operating Income": NaN,
        "EBIT": NaN,
        "Net Income": NaN
    },
    "2009-12-31": {
        "Diluted EPS": 0.0,
        "Total Revenue": NaN,
        "Gross Profit": NaN,
        "Operating Income": NaN,
        "EBIT": NaN,
        "Net Income": NaN
    },
    "2023-06-30": {
        "Tax Effect Of Unusual Items": NaN,
        "Tax Rate For Calcs": NaN,
        "Total Unusual Items": NaN,
        "Total Unusual Items Excluding Goodwill": NaN,
        "Net Income From Continuing Operation Net Minority Interest": NaN,
        "Reconciled Depreciation": NaN,
        "Net Interest Income": NaN,
        "Interest Expense": NaN,
        "Interest Income": NaN,
        "Normalized Income": NaN,
        "Net Income From Continuing And Discontinued Operation": NaN,
        "Diluted Average Shares": NaN,
        "Basic Average Shares": NaN,
        "Diluted EPS": NaN,
        "Basic EPS": NaN,
        "Diluted NI Availto Com Stockholders": NaN,
        "Net Income Common Stockholders": NaN,
        "Preferred Stock Dividends": NaN,
        "Net Income": NaN,
        "Net Income Including Noncontrolling Interests": NaN,
        "Net Income Continuous Operations": NaN,
        "Tax Provision": NaN,
        "Pretax Income": NaN,
        "Special Income Charges": -256000.0,
        "Other Special Charges": 256000.0,
        "Gain On Sale Of Security": NaN,
        "Depreciation Amortization Depletion Income Statement": NaN,
        "Depreciation And Amortization In Income Statement": NaN,
        "Amortization": NaN,
        "Amortization Of Intangibles Income Statement": NaN,
        "Selling General And Administration": NaN,
        "Selling And Marketing Expense": NaN,
        "General And Administrative Expense": NaN,
        "Other Gand A": NaN,
        "Salaries And Wages": NaN,
        "Total Revenue": NaN,
        "Operating Revenue": NaN,
        "Occupancy And Equipment": NaN,
        "Professional Expense And Contract Services Expense": NaN,
        "Other Non Interest Expense": NaN
    },
    "2023-09-30": {
        "Tax Effect Of Unusual Items": NaN,
        "Tax Rate For Calcs": NaN,
        "Total Unusual Items": NaN,
        "Total Unusual Items Excluding Goodwill": NaN,
        "Net Income From Continuing Operation Net Minority Interest": NaN,
        "Reconciled Depreciation": NaN,
        "Net Interest Income": NaN,
        "Interest Expense": NaN,
        "Interest Income": NaN,
        "Normalized Income": NaN,
        "Net Income From Continuing And Discontinued Operation": NaN,
        "Diluted Average Shares": NaN,
        "Basic Average Shares": NaN,
        "Diluted EPS": NaN,
        "Basic EPS": NaN,
        "Diluted NI Availto Com Stockholders": NaN,
        "Net Income Common Stockholders": NaN,
        "Preferred Stock Dividends": NaN,
        "Net Income": NaN,
        "Net Income Including Noncontrolling Interests": NaN,
        "Net Income Continuous Operations": NaN,
        "Tax Provision": NaN,
        "Pretax Income": NaN,
        "Special Income Charges": -7000.0,
        "Other Special Charges": 7000.0,
        "Gain On Sale Of Security": NaN,
        "Depreciation Amortization Depletion Income Statement": NaN,
        "Depreciation And Amortization In Income Statement": NaN,
        "Amortization": NaN,
        "Amortization Of Intangibles Income Statement": NaN,
        "Selling General And Administration": NaN,
        "Selling And Marketing Expense": NaN,
        "General And Administrative Expense": NaN,
        "Other Gand A": 676000.0,
        "Salaries And Wages": NaN,
        "Total Revenue": NaN,
        "Operating Revenue": NaN,
        "Occupancy And Equipment": NaN,
        "Professional Expense And Contract Services Expense": NaN,
        "Other Non Interest Expense": NaN
    },
    "2023-12-31": {
        "Tax Effect Of Unusual Items": NaN,
        "Tax Rate For Calcs": NaN,
        "Total Unusual Items": NaN,
        "Total Unusual Items Excluding Goodwill": NaN,
        "Net Income From Continuing Operation Net Minority Interest": NaN,
        "Reconciled Depreciation": NaN,
        "Net Interest Income": NaN,
        "Interest Expense": NaN,
        "Interest Income": NaN,
        "Normalized Income": NaN,
        "Net Income From Continuing And Discontinued Operation": NaN,
        "Diluted Average Shares": NaN,
        "Basic Average Shares": NaN,
        "Diluted EPS": NaN,
        "Basic EPS": NaN,
        "Diluted NI Availto Com Stockholders": NaN,
        "Net Income Common Stockholders": NaN,
        "Preferred Stock Dividends": NaN,
        "Net Income": NaN,
        "Net Income Including Noncontrolling Interests": NaN,
        "Net Income Continuous Operations": NaN,
        "Tax Provision": NaN,
        "Pretax Income": NaN,
        "Special Income Charges": -21000.0,
        "Other Special Charges": 21000.0,
        "Gain On Sale Of Security": NaN,
        "Depreciation Amortization Depletion Income Statement": NaN,
        "Depreciation And Amortization In Income Statement": NaN,
        "Amortization": NaN,
        "Amortization Of Intangibles Income Statement": NaN,
        "Selling General And Administration": NaN,
        "Selling And Marketing Expense": NaN,
        "General And Administrative Expense": NaN,
        "Other Gand A": NaN,
        "Salaries And Wages": NaN,
        "Total Revenue": NaN,
        "Operating Revenue": NaN,
        "Occupancy And Equipment": NaN,
        "Professional Expense And Contract Services Expense": NaN,
        "Other Non Interest Expense": NaN
    },
    "2024-03-31": {
        "Tax Effect Of Unusual Items": NaN,
        "Tax Rate For Calcs": NaN,
        "Total Unusual Items": NaN,
        "Total Unusual Items Excluding Goodwill": NaN,
        "Net Income From Continuing Operation Net Minority Interest": NaN,
        "Reconciled Depreciation": NaN,
        "Net Interest Income": NaN,
        "Interest Expense": NaN,
        "Interest Income": NaN,
        "Normalized Income": NaN,
        "Net Income From Continuing And Discontinued Operation": NaN,
        "Diluted Average Shares": NaN,
        "Basic Average Shares": NaN,
        "Diluted EPS": NaN,
        "Basic EPS": NaN,
        "Diluted NI Availto Com Stockholders": NaN,
        "Net Income Common Stockholders": NaN,
        "Preferred Stock Dividends": NaN,
        "Net Income": NaN,
        "Net Income Including Noncontrolling Interests": NaN,
        "Net Income Continuous Operations": NaN,
        "Tax Provision": NaN,
        "Pretax Income": NaN,
        "Special Income Charges": -75000.0,
        "Other Special Charges": 75000.0,
        "Gain On Sale Of Security": NaN,
        "Depreciation Amortization Depletion Income Statement": NaN,
        "Depreciation And Amortization In Income Statement": NaN,
        "Amortization": NaN,
        "Amortization Of Intangibles Income Statement": NaN,
        "Selling General And Administration": NaN,
        "Selling And Marketing Expense": NaN,
        "General And Administrative Expense": NaN,
        "Other Gand A": NaN,
        "Salaries And Wages": NaN,
        "Total Revenue": NaN,
        "Operating Revenue": NaN,
        "Occupancy And Equipment": NaN,
        "Professional Expense And Contract Services Expense": NaN,
        "Other Non Interest Expense": NaN
    },
    "2024-06-30": {
        "Tax Effect Of Unusual Items": 3039840.816763,
        "Tax Rate For Calcs": 0.230169,
        "Total Unusual Items": 13207000.0,
        "Total Unusual Items Excluding Goodwill": 13207000.0,
        "Net Income From Continuing Operation Net Minority Interest": 7201000.0,
        "Reconciled Depreciation": 1163000.0,
        "Net Interest Income": 21242000.0,
        "Interest Expense": 32409000.0,
        "Interest Income": 53651000.0,
        "Normalized Income": -2966159.183237,
        "Net Income From Continuing And Discontinued Operation": 7201000.0,
        "Diluted Average Shares": 12504717.0,
        "Basic Average Shares": 12504717.0,
        "Diluted EPS": 0.53,
        "Basic EPS": 0.53,
        "Diluted NI Availto Com Stockholders": 6619000.0,
        "Net Income Common Stockholders": 6619000.0,
        "Preferred Stock Dividends": 582000.0,
        "Net Income": 7201000.0,
        "Net Income Including Noncontrolling Interests": 7201000.0,
        "Net Income Continuous Operations": 7201000.0,
        "Tax Provision": 2153000.0,
        "Pretax Income": 9354000.0,
        "Special Income Charges": NaN,
        "Other Special Charges": NaN,
        "Gain On Sale Of Security": 0.0,
        "Depreciation Amortization Depletion Income Statement": 1541000.0,
        "Depreciation And Amortization In Income Statement": 1541000.0,
        "Amortization": 1541000.0,
        "Amortization Of Intangibles Income Statement": 1541000.0,
        "Selling General And Administration": 10810000.0,
        "Selling And Marketing Expense": 370000.0,
        "General And Administrative Expense": 10440000.0,
        "Other Gand A": NaN,
        "Salaries And Wages": 10440000.0,
        "Total Revenue": 36374000.0,
        "Operating Revenue": 36374000.0,
        "Occupancy And Equipment": 2547000.0,
        "Professional Expense And Contract Services Expense": 1504000.0,
        "Other Non Interest Expense": 3813000.0
    },
    "2024-09-30": {
        "Tax Effect Of Unusual Items": 7038.106699,
        "Tax Rate For Calcs": 0.227036,
        "Total Unusual Items": 31000.0,
        "Total Unusual Items Excluding Goodwill": 31000.0,
        "Net Income From Continuing Operation Net Minority Interest": 1927000.0,
        "Reconciled Depreciation": 1046000.0,
        "Net Interest Income": 22698000.0,
        "Interest Expense": 34729000.0,
        "Interest Income": 57427000.0,
        "Normalized Income": 1903038.106699,
        "Net Income From Continuing And Discontinued Operation": 1927000.0,
        "Diluted Average Shares": 12504717.0,
        "Basic Average Shares": 12504717.0,
        "Diluted EPS": 0.11,
        "Basic EPS": 0.11,
        "Diluted NI Availto Com Stockholders": 1345000.0,
        "Net Income Common Stockholders": 1345000.0,
        "Preferred Stock Dividends": 582000.0,
        "Net Income": 1927000.0,
        "Net Income Including Noncontrolling Interests": 1927000.0,
        "Net Income Continuous Operations": 1927000.0,
        "Tax Provision": 566000.0,
        "Pretax Income": 2493000.0,
        "Special Income Charges": 31000.0,
        "Other Special Charges": -31000.0,
        "Gain On Sale Of Security": 0.0,
        "Depreciation Amortization Depletion Income Statement": 1377000.0,
        "Depreciation And Amortization In Income Statement": 1377000.0,
        "Amortization": 1377000.0,
        "Amortization Of Intangibles Income Statement": 1377000.0,
        "Selling General And Administration": 11576000.0,
        "Selling And Marketing Expense": 296000.0,
        "General And Administrative Expense": 11280000.0,
        "Other Gand A": 1182000.0,
        "Salaries And Wages": 10098000.0,
        "Total Revenue": 26679000.0,
        "Operating Revenue": 26679000.0,
        "Occupancy And Equipment": 2538000.0,
        "Professional Expense And Contract Services Expense": 625000.0,
        "Other Non Interest Expense": 3166000.0
    },
    "2024-12-31": {
        "Tax Effect Of Unusual Items": 8386.986301,
        "Tax Rate For Calcs": 0.135274,
        "Total Unusual Items": 62000.0,
        "Total Unusual Items Excluding Goodwill": 62000.0,
        "Net Income From Continuing Operation Net Minority Interest": 1010000.0,
        "Reconciled Depreciation": 1205000.0,
        "Net Interest Income": 22577000.0,
        "Interest Expense": 35143000.0,
        "Interest Income": 57720000.0,
        "Normalized Income": 956386.986301,
        "Net Income From Continuing And Discontinued Operation": 1010000.0,
        "Diluted Average Shares": 12504717.0,
        "Basic Average Shares": 12504717.0,
        "Diluted EPS": 0.03,
        "Basic EPS": 0.03,
        "Diluted NI Availto Com Stockholders": 428000.0,
        "Net Income Common Stockholders": 428000.0,
        "Preferred Stock Dividends": 582000.0,
        "Net Income": 1010000.0,
        "Net Income Including Noncontrolling Interests": 1010000.0,
        "Net Income Continuous Operations": 1010000.0,
        "Tax Provision": 158000.0,
        "Pretax Income": 1168000.0,
        "Special Income Charges": 62000.0,
        "Other Special Charges": -62000.0,
        "Gain On Sale Of Security": 0.0,
        "Depreciation Amortization Depletion Income Statement": 1443000.0,
        "Depreciation And Amortization In Income Statement": 1443000.0,
        "Amortization": 1443000.0,
        "Amortization Of Intangibles Income Statement": 1443000.0,
        "Selling General And Administration": 5002000.0,
        "Selling And Marketing Expense": 241000.0,
        "General And Administrative Expense": 4761000.0,
        "Other Gand A": NaN,
        "Salaries And Wages": 7866000.0,
        "Total Revenue": 24646000.0,
        "Operating Revenue": 24646000.0,
        "Occupancy And Equipment": 2831000.0,
        "Professional Expense And Contract Services Expense": 1363000.0,
        "Other Non Interest Expense": 6818000.0
    },
    "2025-03-31": {
        "Tax Effect Of Unusual Items": 912.368553,
        "Tax Rate For Calcs": 0.228092,
        "Total Unusual Items": 4000.0,
        "Total Unusual Items Excluding Goodwill": 4000.0,
        "Net Income From Continuing Operation Net Minority Interest": -6166000.0,
        "Reconciled Depreciation": 1219000.0,
        "Net Interest Income": 22223000.0,
        "Interest Expense": 32240000.0,
        "Interest Income": 54463000.0,
        "Normalized Income": -6169087.631447,
        "Net Income From Continuing And Discontinued Operation": -6166000.0,
        "Diluted Average Shares": 12506792.0,
        "Basic Average Shares": 12506792.0,
        "Diluted EPS": -0.54,
        "Basic EPS": -0.54,
        "Diluted NI Availto Com Stockholders": -6748000.0,
        "Net Income Common Stockholders": -6748000.0,
        "Preferred Stock Dividends": 582000.0,
        "Net Income": -6166000.0,
        "Net Income Including Noncontrolling Interests": -6166000.0,
        "Net Income Continuous Operations": -6166000.0,
        "Tax Provision": -1822000.0,
        "Pretax Income": -7988000.0,
        "Special Income Charges": NaN,
        "Other Special Charges": NaN,
        "Gain On Sale Of Security": 0.0,
        "Depreciation Amortization Depletion Income Statement": 1390000.0,
        "Depreciation And Amortization In Income Statement": 1390000.0,
        "Amortization": 1390000.0,
        "Amortization Of Intangibles Income Statement": 1390000.0,
        "Selling General And Administration": 8682000.0,
        "Selling And Marketing Expense": 241000.0,
        "General And Administrative Expense": 8441000.0,
        "Other Gand A": NaN,
        "Salaries And Wages": 8441000.0,
        "Total Revenue": 24227000.0,
        "Operating Revenue": 24227000.0,
        "Occupancy And Equipment": 2640000.0,
        "Professional Expense And Contract Services Expense": 1088000.0,
        "Other Non Interest Expense": 3867000.0
    },
    "2025-06-30": {
        "Tax Effect Of Unusual Items": 0.0,
        "Tax Rate For Calcs": 0.229723,
        "Total Unusual Items": 0.0,
        "Total Unusual Items Excluding Goodwill": 0.0,
        "Net Income From Continuing Operation Net Minority Interest": -7303000.0,
        "Reconciled Depreciation": 970000.0,
        "Net Interest Income": 22240000.0,
        "Interest Expense": 32081000.0,
        "Interest Income": 54321000.0,
        "Normalized Income": -7303000.0,
        "Net Income From Continuing And Discontinued Operation": -7303000.0,
        "Diluted Average Shares": 12910785.0,
        "Basic Average Shares": 12910785.0,
        "Diluted EPS": -0.5,
        "Basic EPS": -0.5,
        "Diluted NI Availto Com Stockholders": -7885000.0,
        "Net Income Common Stockholders": -7885000.0,
        "Preferred Stock Dividends": 582000.0,
        "Net Income": -7303000.0,
        "Net Income Including Noncontrolling Interests": -7303000.0,
        "Net Income Continuous Operations": -7303000.0,
        "Tax Provision": -2178000.0,
        "Pretax Income": -9481000.0,
        "Special Income Charges": NaN,
        "Other Special Charges": NaN,
        "Gain On Sale Of Security": 0.0,
        "Depreciation Amortization Depletion Income Statement": 1362000.0,
        "Depreciation And Amortization In Income Statement": 1362000.0,
        "Amortization": 1362000.0,
        "Amortization Of Intangibles Income Statement": 1362000.0,
        "Selling General And Administration": 8006000.0,
        "Selling And Marketing Expense": 163000.0,
        "General And Administrative Expense": 7843000.0,
        "Other Gand A": NaN,
        "Salaries And Wages": 7843000.0,
        "Total Revenue": 23894000.0,
        "Operating Revenue": 23894000.0,
        "Occupancy And Equipment": 2605000.0,
        "Professional Expense And Contract Services Expense": 671000.0,
        "Other Non Interest Expense": 4121000.0
    }
}