{
    "2023-03-31": {
        "Tax Effect Of Unusual Items": NaN,
        "Tax Rate For Calcs": NaN,
        "Normalized EBITDA": NaN,
        "Total Unusual Items": NaN,
        "Total Unusual Items Excluding Goodwill": NaN,
        "Net Income From Continuing Operation Net Minority Interest": NaN,
        "Reconciled Depreciation": NaN,
        "Reconciled Cost Of Revenue": NaN,
        "EBITDA": NaN,
        "EBIT": NaN,
        "Net Interest Income": NaN,
        "Interest Expense": NaN,
        "Interest Income": 1036000.0,
        "Normalized Income": NaN,
        "Net Income From Continuing And Discontinued Operation": NaN,
        "Total Expenses": NaN,
        "Total Operating Income As Reported": NaN,
        "Diluted Average Shares": NaN,
        "Basic Average Shares": NaN,
        "Diluted EPS": NaN,
        "Basic EPS": NaN,
        "Diluted NI Availto Com Stockholders": NaN,
        "Net Income Common Stockholders": NaN,
        "Net Income": NaN,
        "Net Income Including Noncontrolling Interests": NaN,
        "Net Income Continuous Operations": NaN,
        "Earnings From Equity Interest Net Of Tax": NaN,
        "Tax Provision": NaN,
        "Pretax Income": NaN,
        "Other Income Expense": NaN,
        "Special Income Charges": NaN,
        "Restructuring And Mergern Acquisition": NaN,
        "Net Non Operating Interest Income Expense": NaN,
        "Interest Expense Non Operating": NaN,
        "Interest Income Non Operating": 1036000.0,
        "Operating Income": NaN,
        "Operating Expense": NaN,
        "Research And Development": NaN,
        "Selling General And Administration": NaN,
        "Gross Profit": NaN,
        "Cost Of Revenue": NaN,
        "Total Revenue": NaN,
        "Operating Revenue": NaN
    },
    "2022-12-31": {
        "Tax Effect Of Unusual Items": 0.0,
        "Tax Rate For Calcs": 0.21,
        "Normalized EBITDA": -62538000.0,
        "Total Unusual Items": NaN,
        "Total Unusual Items Excluding Goodwill": NaN,
        "Net Income From Continuing Operation Net Minority Interest": -66175000.0,
        "Reconciled Depreciation": 2690000.0,
        "Reconciled Cost Of Revenue": 4925000.0,
        "EBITDA": -62538000.0,
        "EBIT": -65228000.0,
        "Net Interest Income": -195000.0,
        "Interest Expense": 1119000.0,
        "Interest Income": 924000.0,
        "Normalized Income": -66175000.0,
        "Net Income From Continuing And Discontinued Operation": -66175000.0,
        "Total Expenses": 100519000.0,
        "Total Operating Income As Reported": -66152000.0,
        "Diluted Average Shares": 94032000.0,
        "Basic Average Shares": 94032000.0,
        "Diluted EPS": -0.7,
        "Basic EPS": -0.7,
        "Diluted NI Availto Com Stockholders": -66175000.0,
        "Net Income Common Stockholders": -66175000.0,
        "Net Income": -66175000.0,
        "Net Income Including Noncontrolling Interests": -66175000.0,
        "Net Income Continuous Operations": -66175000.0,
        "Earnings From Equity Interest Net Of Tax": 280000.0,
        "Tax Provision": 108000.0,
        "Pretax Income": -66347000.0,
        "Other Income Expense": NaN,
        "Special Income Charges": NaN,
        "Restructuring And Mergern Acquisition": NaN,
        "Net Non Operating Interest Income Expense": -195000.0,
        "Interest Expense Non Operating": 1119000.0,
        "Interest Income Non Operating": 924000.0,
        "Operating Income": -66152000.0,
        "Operating Expense": 95594000.0,
        "Research And Development": 61628000.0,
        "Selling General And Administration": 33966000.0,
        "Gross Profit": 29442000.0,
        "Cost Of Revenue": 4925000.0,
        "Total Revenue": 34367000.0,
        "Operating Revenue": 2876000.0
    },
    "2022-09-30": {
        "Tax Effect Of Unusual Items": NaN,
        "Tax Rate For Calcs": NaN,
        "Normalized EBITDA": NaN,
        "Total Unusual Items": 0.0,
        "Total Unusual Items Excluding Goodwill": 0.0,
        "Net Income From Continuing Operation Net Minority Interest": NaN,
        "Reconciled Depreciation": NaN,
        "Reconciled Cost Of Revenue": NaN,
        "EBITDA": NaN,
        "EBIT": NaN,
        "Net Interest Income": NaN,
        "Interest Expense": NaN,
        "Interest Income": NaN,
        "Normalized Income": NaN,
        "Net Income From Continuing And Discontinued Operation": NaN,
        "Total Expenses": NaN,
        "Total Operating Income As Reported": NaN,
        "Diluted Average Shares": NaN,
        "Basic Average Shares": NaN,
        "Diluted EPS": NaN,
        "Basic EPS": NaN,
        "Diluted NI Availto Com Stockholders": NaN,
        "Net Income Common Stockholders": NaN,
        "Net Income": NaN,
        "Net Income Including Noncontrolling Interests": NaN,
        "Net Income Continuous Operations": NaN,
        "Earnings From Equity Interest Net Of Tax": NaN,
        "Tax Provision": NaN,
        "Pretax Income": NaN,
        "Other Income Expense": NaN,
        "Special Income Charges": 0.0,
        "Restructuring And Mergern Acquisition": 0.0,
        "Net Non Operating Interest Income Expense": NaN,
        "Interest Expense Non Operating": NaN,
        "Interest Income Non Operating": NaN,
        "Operating Income": NaN,
        "Operating Expense": NaN,
        "Research And Development": NaN,
        "Selling General And Administration": NaN,
        "Gross Profit": NaN,
        "Cost Of Revenue": NaN,
        "Total Revenue": NaN,
        "Operating Revenue": NaN
    },
    "2022-06-30": {
        "Tax Effect Of Unusual Items": 0.0,
        "Tax Rate For Calcs": 0.4,
        "Normalized EBITDA": -70374000.0,
        "Net Income From Continuing Operation Net Minority Interest": -72624000.0,
        "Reconciled Depreciation": 2651000.0,
        "Reconciled Cost Of Revenue": 6809000.0,
        "EBITDA": -70374000.0,
        "EBIT": -73025000.0,
        "Net Interest Income": 5058000.0,
        "Interest Expense": 141000.0,
        "Interest Income": 5199000.0,
        "Normalized Income": -72624000.0,
        "Net Income From Continuing And Discontinued Operation": -72624000.0,
        "Total Expenses": 108030000.0,
        "Total Operating Income As Reported": -78224000.0,
        "Diluted Average Shares": 93475000.0,
        "Basic Average Shares": 93475000.0,
        "Diluted EPS": -0.78,
        "Basic EPS": -0.78,
        "Diluted NI Availto Com Stockholders": -72624000.0,
        "Net Income Common Stockholders": -72624000.0,
        "Net Income": -72624000.0,
        "Net Income Including Noncontrolling Interests": -72624000.0,
        "Net Income Continuous Operations": -72624000.0,
        "Earnings From Equity Interest Net Of Tax": 565000.0,
        "Tax Provision": 23000.0,
        "Pretax Income": -73166000.0,
        "Net Non Operating Interest Income Expense": 5058000.0,
        "Interest Expense Non Operating": 141000.0,
        "Interest Income Non Operating": 5199000.0,
        "Operating Income": -78224000.0,
        "Operating Expense": 101221000.0,
        "Research And Development": 70963000.0,
        "Selling General And Administration": 30258000.0,
        "Gross Profit": 22997000.0,
        "Cost Of Revenue": 6809000.0,
        "Total Revenue": 29806000.0,
        "Operating Revenue": 38084000.0
    },
    "2022-03-31": {
        "Diluted EPS": -0.68,
        "Total Revenue": 61,
        "Gross Profit": 57,
        "Operating Income": -63,
        "EBIT": -59,
        "Net Income": -63
    },
    "2021-12-31": {
        "Diluted EPS": -1.45,
        "Total Revenue": 17,
        "Gross Profit": 13,
        "Operating Income": -135,
        "EBIT": -132,
        "Net Income": -134
    },
    "2021-09-30": {
        "Diluted EPS": 0.54,
        "Total Revenue": 156,
        "Gross Profit": 153,
        "Operating Income": 51,
        "EBIT": 54,
        "Net Income": 50
    },
    "2021-06-30": {
        "Diluted EPS": -1.45,
        "Total Revenue": 24,
        "Gross Profit": 21,
        "Operating Income": -134,
        "EBIT": -129,
        "Net Income": -134
    },
    "2021-03-31": {
        "Diluted EPS": -0.78,
        "Total Revenue": 38,
        "Gross Profit": 35,
        "Operating Income": -70,
        "EBIT": -65,
        "Net Income": -72
    },
    "2020-12-31": {
        "Diluted EPS": -0.62,
        "Total Revenue": 65,
        "Gross Profit": 62,
        "Operating Income": -58,
        "EBIT": -53,
        "Net Income": -59
    },
    "2020-09-30": {
        "Diluted EPS": 0.35,
        "Total Revenue": 44,
        "Gross Profit": 42,
        "Operating Income": 32,
        "EBIT": 38,
        "Net Income": 33
    },
    "2020-06-30": {
        "Diluted EPS": -0.95,
        "Total Revenue": 43,
        "Gross Profit": 40,
        "Operating Income": -85,
        "EBIT": -79,
        "Net Income": -85
    },
    "2020-03-31": {
        "Diluted EPS": -0.89,
        "Total Revenue": 24,
        "Gross Profit": 23,
        "Operating Income": -81,
        "EBIT": -76,
        "Net Income": -78
    },
    "2019-12-31": {
        "Diluted EPS": -1.05,
        "Total Revenue": 8,
        "Gross Profit": 7,
        "Operating Income": -100,
        "EBIT": -96,
        "Net Income": -98
    },
    "2019-09-30": {
        "Diluted EPS": -0.57,
        "Total Revenue": 33,
        "Gross Profit": 33,
        "Operating Income": -53,
        "EBIT": -48,
        "Net Income": -49
    },
    "2019-06-30": {
        "Diluted EPS": 1.26,
        "Total Revenue": 192,
        "Gross Profit": 192,
        "Operating Income": 113,
        "EBIT": 117,
        "Net Income": 116
    },
    "2019-03-31": {
        "Diluted EPS": -0.53,
        "Total Revenue": 24,
        "Gross Profit": 24,
        "Operating Income": -49,
        "EBIT": -45,
        "Net Income": -45
    },
    "2018-12-31": {
        "Diluted EPS": 0.25,
        "Total Revenue": 108,
        "Gross Profit": 108,
        "Operating Income": 20,
        "EBIT": 21,
        "Net Income": 21
    },
    "2018-09-30": {
        "Diluted EPS": -0.5,
        "Total Revenue": 29,
        "Gross Profit": 29,
        "Operating Income": -43,
        "EBIT": -41,
        "Net Income": -43
    },
    "2018-06-30": {
        "Diluted EPS": -0.28,
        "Total Revenue": 44,
        "Gross Profit": 44,
        "Operating Income": -23,
        "EBIT": -21,
        "Net Income": -23
    },
    "2018-03-31": {
        "Diluted EPS": -0.5,
        "Total Revenue": 32,
        "Gross Profit": 32,
        "Operating Income": -41,
        "EBIT": -39,
        "Net Income": -41
    },
    "2017-12-31": {
        "Diluted EPS": -0.4,
        "Total Revenue": 31,
        "Gross Profit": 31,
        "Operating Income": -36,
        "EBIT": -34,
        "Net Income": -34
    },
    "2017-09-30": {
        "Diluted EPS": -0.32,
        "Total Revenue": 41,
        "Gross Profit": 41,
        "Operating Income": -23,
        "EBIT": -21,
        "Net Income": -24
    },
    "2017-06-30": {
        "Diluted EPS": -0.46,
        "Total Revenue": 30,
        "Gross Profit": 30,
        "Operating Income": -30,
        "EBIT": -28,
        "Net Income": -32
    },
    "2017-03-31": {
        "Diluted EPS": -0.48,
        "Total Revenue": 29,
        "Gross Profit": 29,
        "Operating Income": -29,
        "EBIT": -27,
        "Net Income": -31
    },
    "2016-12-31": {
        "Diluted EPS": -0.45,
        "Total Revenue": 36,
        "Gross Profit": 36,
        "Operating Income": -28,
        "EBIT": -25,
        "Net Income": -30
    },
    "2016-09-30": {
        "Diluted EPS": -0.38,
        "Total Revenue": 30,
        "Gross Profit": 30,
        "Operating Income": -22,
        "EBIT": -20,
        "Net Income": -24
    },
    "2016-06-30": {
        "Diluted EPS": 0.35,
        "Total Revenue": 89,
        "Gross Profit": 89,
        "Operating Income": 27,
        "EBIT": 29,
        "Net Income": 24
    },
    "2016-03-31": {
        "Diluted EPS": -0.45,
        "Total Revenue": 28,
        "Gross Profit": 28,
        "Operating Income": -27,
        "EBIT": -25,
        "Net Income": -28
    },
    "2015-12-31": {
        "Diluted EPS": -0.73,
        "Total Revenue": 24,
        "Gross Profit": 24,
        "Operating Income": -48,
        "EBIT": -46,
        "Net Income": -51
    },
    "2015-09-30": {
        "Diluted EPS": -0.74,
        "Total Revenue": 20,
        "Gross Profit": 20,
        "Operating Income": -44,
        "EBIT": -42,
        "Net Income": -45
    },
    "2015-06-30": {
        "Diluted EPS": 0.83,
        "Total Revenue": 121,
        "Gross Profit": 121,
        "Operating Income": 59,
        "EBIT": 61,
        "Net Income": 57
    },
    "2015-03-31": {
        "Diluted EPS": -0.78,
        "Total Revenue": 16,
        "Gross Profit": 16,
        "Operating Income": -45,
        "EBIT": -43,
        "Net Income": -46
    },
    "2014-12-31": {
        "Diluted EPS": -1.45,
        "Total Revenue": 16,
        "Gross Profit": 16,
        "Operating Income": -48,
        "EBIT": -47,
        "Net Income": -51
    },
    "2014-09-30": {
        "Diluted EPS": -2.93,
        "Total Revenue": 14,
        "Gross Profit": 14,
        "Operating Income": -37,
        "EBIT": -36,
        "Net Income": -40
    },
    "2014-06-30": {
        "Diluted EPS": 0.58,
        "Total Revenue": 90,
        "Gross Profit": 90,
        "Operating Income": 49,
        "EBIT": 50,
        "Net Income": 18
    },
    "2014-03-31": {
        "Diluted EPS": -1.23,
        "Total Revenue": 18,
        "Gross Profit": 18,
        "Operating Income": -14,
        "EBIT": -13,
        "Net Income": -16
    },
    "2013-12-31": {
        "Diluted EPS": 0.0,
        "Total Revenue": NaN,
        "Gross Profit": NaN,
        "Operating Income": NaN,
        "EBIT": NaN,
        "Net Income": NaN
    },
    "2012-12-31": {
        "Diluted EPS": 0.0,
        "Total Revenue": NaN,
        "Gross Profit": NaN,
        "Operating Income": NaN,
        "EBIT": NaN,
        "Net Income": NaN
    },
    "2023-06-30": {
        "Tax Effect Of Unusual Items": NaN,
        "Tax Rate For Calcs": NaN,
        "Normalized EBITDA": NaN,
        "Total Unusual Items": NaN,
        "Total Unusual Items Excluding Goodwill": NaN,
        "Net Income From Continuing Operation Net Minority Interest": NaN,
        "Reconciled Depreciation": NaN,
        "Reconciled Cost Of Revenue": NaN,
        "EBITDA": NaN,
        "EBIT": NaN,
        "Net Interest Income": NaN,
        "Interest Expense": NaN,
        "Interest Income": 2652000.0,
        "Normalized Income": NaN,
        "Net Income From Continuing And Discontinued Operation": NaN,
        "Total Expenses": NaN,
        "Total Operating Income As Reported": NaN,
        "Diluted Average Shares": NaN,
        "Basic Average Shares": NaN,
        "Diluted EPS": NaN,
        "Basic EPS": NaN,
        "Diluted NI Availto Com Stockholders": NaN,
        "Net Income Common Stockholders": NaN,
        "Net Income": NaN,
        "Net Income Including Noncontrolling Interests": NaN,
        "Net Income Continuous Operations": NaN,
        "Earnings From Equity Interest Net Of Tax": NaN,
        "Tax Provision": NaN,
        "Pretax Income": NaN,
        "Other Income Expense": NaN,
        "Special Income Charges": NaN,
        "Restructuring And Mergern Acquisition": NaN,
        "Net Non Operating Interest Income Expense": NaN,
        "Interest Expense Non Operating": NaN,
        "Interest Income Non Operating": 2652000.0,
        "Operating Income": NaN,
        "Operating Expense": NaN,
        "Research And Development": NaN,
        "Selling General And Administration": NaN,
        "Gross Profit": NaN,
        "Cost Of Revenue": NaN,
        "Total Revenue": NaN,
        "Operating Revenue": NaN
    },
    "2023-09-30": {
        "Tax Effect Of Unusual Items": -2647260.0,
        "Tax Rate For Calcs": 0.21,
        "Normalized EBITDA": -44202000.0,
        "Total Unusual Items": -12606000.0,
        "Total Unusual Items Excluding Goodwill": -12606000.0,
        "Net Income From Continuing Operation Net Minority Interest": -63615000.0,
        "Reconciled Depreciation": 2378000.0,
        "Reconciled Cost Of Revenue": 4243000.0,
        "EBITDA": -56808000.0,
        "EBIT": -59186000.0,
        "Net Interest Income": -726000.0,
        "Interest Expense": 5022000.0,
        "Interest Income": 4296000.0,
        "Normalized Income": -53656260.0,
        "Net Income From Continuing And Discontinued Operation": -63615000.0,
        "Total Expenses": 91010000.0,
        "Total Operating Income As Reported": -63482000.0,
        "Diluted Average Shares": 98245000.0,
        "Basic Average Shares": 98245000.0,
        "Diluted EPS": -0.65,
        "Basic EPS": -0.65,
        "Diluted NI Availto Com Stockholders": -63615000.0,
        "Net Income Common Stockholders": -63615000.0,
        "Net Income": -63615000.0,
        "Net Income Including Noncontrolling Interests": -63615000.0,
        "Net Income Continuous Operations": -63615000.0,
        "Earnings From Equity Interest Net Of Tax": 677000.0,
        "Tax Provision": 84000.0,
        "Pretax Income": -64208000.0,
        "Other Income Expense": -12606000.0,
        "Special Income Charges": -12606000.0,
        "Restructuring And Mergern Acquisition": 12606000.0,
        "Net Non Operating Interest Income Expense": -726000.0,
        "Interest Expense Non Operating": 5022000.0,
        "Interest Income Non Operating": 4296000.0,
        "Operating Income": -50876000.0,
        "Operating Expense": 86767000.0,
        "Research And Development": 61194000.0,
        "Selling General And Administration": 25573000.0,
        "Gross Profit": 35891000.0,
        "Cost Of Revenue": 4243000.0,
        "Total Revenue": 40134000.0,
        "Operating Revenue": 55483000.0
    },
    "2023-12-31": {
        "Tax Effect Of Unusual Items": 0.0,
        "Tax Rate For Calcs": 0.21,
        "Normalized EBITDA": -49824000.0,
        "Total Unusual Items": 0.0,
        "Total Unusual Items Excluding Goodwill": 0.0,
        "Net Income From Continuing Operation Net Minority Interest": -56232000.0,
        "Reconciled Depreciation": 1875000.0,
        "Reconciled Cost Of Revenue": 5407000.0,
        "EBITDA": -49824000.0,
        "EBIT": -51699000.0,
        "Net Interest Income": -2572000.0,
        "Interest Expense": 5068000.0,
        "Interest Income": 2496000.0,
        "Normalized Income": -56232000.0,
        "Net Income From Continuing And Discontinued Operation": -56232000.0,
        "Total Expenses": 81333000.0,
        "Total Operating Income As Reported": -54195000.0,
        "Diluted Average Shares": 98496000.0,
        "Basic Average Shares": 98496000.0,
        "Diluted EPS": -0.57,
        "Basic EPS": -0.57,
        "Diluted NI Availto Com Stockholders": -56232000.0,
        "Net Income Common Stockholders": -56232000.0,
        "Net Income": -56232000.0,
        "Net Income Including Noncontrolling Interests": -56232000.0,
        "Net Income Continuous Operations": -56232000.0,
        "Earnings From Equity Interest Net Of Tax": 615000.0,
        "Tax Provision": 80000.0,
        "Pretax Income": -56767000.0,
        "Other Income Expense": 0.0,
        "Special Income Charges": 0.0,
        "Restructuring And Mergern Acquisition": 0.0,
        "Net Non Operating Interest Income Expense": -2572000.0,
        "Interest Expense Non Operating": 5068000.0,
        "Interest Income Non Operating": 2496000.0,
        "Operating Income": -54195000.0,
        "Operating Expense": 75926000.0,
        "Research And Development": 51703000.0,
        "Selling General And Administration": 24223000.0,
        "Gross Profit": 21731000.0,
        "Cost Of Revenue": 5407000.0,
        "Total Revenue": 27138000.0,
        "Operating Revenue": -21949000.0
    },
    "2024-03-31": {
        "Tax Effect Of Unusual Items": 0.0,
        "Tax Rate For Calcs": 0.21,
        "Normalized EBITDA": -27673000.0,
        "Total Unusual Items": NaN,
        "Total Unusual Items Excluding Goodwill": NaN,
        "Net Income From Continuing Operation Net Minority Interest": -32933000.0,
        "Reconciled Depreciation": 820000.0,
        "Reconciled Cost Of Revenue": 25753000.0,
        "EBITDA": -27673000.0,
        "EBIT": -28493000.0,
        "Net Interest Income": -2426000.0,
        "Interest Expense": 4996000.0,
        "Interest Income": 2570000.0,
        "Normalized Income": -32933000.0,
        "Net Income From Continuing And Discontinued Operation": -32933000.0,
        "Total Expenses": 86965000.0,
        "Total Operating Income As Reported": -31063000.0,
        "Diluted Average Shares": 98982000.0,
        "Basic Average Shares": 98982000.0,
        "Diluted EPS": -0.33,
        "Basic EPS": -0.33,
        "Diluted NI Availto Com Stockholders": -32933000.0,
        "Net Income Common Stockholders": -32933000.0,
        "Net Income": -32933000.0,
        "Net Income Including Noncontrolling Interests": -32933000.0,
        "Net Income Continuous Operations": -32933000.0,
        "Earnings From Equity Interest Net Of Tax": 589000.0,
        "Tax Provision": 33000.0,
        "Pretax Income": -33489000.0,
        "Other Income Expense": NaN,
        "Special Income Charges": NaN,
        "Restructuring And Mergern Acquisition": NaN,
        "Net Non Operating Interest Income Expense": -2426000.0,
        "Interest Expense Non Operating": 4996000.0,
        "Interest Income Non Operating": 2570000.0,
        "Operating Income": -31063000.0,
        "Operating Expense": 61212000.0,
        "Research And Development": 38392000.0,
        "Selling General And Administration": 22820000.0,
        "Gross Profit": 30149000.0,
        "Cost Of Revenue": 25753000.0,
        "Total Revenue": 55902000.0,
        "Operating Revenue": 72594000.0
    },
    "2024-06-30": {
        "Tax Effect Of Unusual Items": 0.0,
        "Tax Rate For Calcs": 0.015,
        "Normalized EBITDA": -10138000.0,
        "Total Unusual Items": NaN,
        "Total Unusual Items Excluding Goodwill": NaN,
        "Net Income From Continuing Operation Net Minority Interest": -15544000.0,
        "Reconciled Depreciation": 781000.0,
        "Reconciled Cost Of Revenue": 5178000.0,
        "EBITDA": -10138000.0,
        "EBIT": -10919000.0,
        "Net Interest Income": -6064000.0,
        "Interest Expense": 6064000.0,
        "Interest Income": NaN,
        "Normalized Income": -15544000.0,
        "Net Income From Continuing And Discontinued Operation": -15544000.0,
        "Total Expenses": 61560000.0,
        "Total Operating Income As Reported": -10919000.0,
        "Diluted Average Shares": 99835000.0,
        "Basic Average Shares": 99835000.0,
        "Diluted EPS": -0.16,
        "Basic EPS": -0.16,
        "Diluted NI Availto Com Stockholders": -15544000.0,
        "Net Income Common Stockholders": -15544000.0,
        "Net Income": -15544000.0,
        "Net Income Including Noncontrolling Interests": -15544000.0,
        "Net Income Continuous Operations": -15544000.0,
        "Earnings From Equity Interest Net Of Tax": 1177000.0,
        "Tax Provision": -262000.0,
        "Pretax Income": -16983000.0,
        "Other Income Expense": NaN,
        "Special Income Charges": NaN,
        "Restructuring And Mergern Acquisition": NaN,
        "Net Non Operating Interest Income Expense": -6064000.0,
        "Interest Expense Non Operating": 6064000.0,
        "Interest Income Non Operating": NaN,
        "Operating Income": -10919000.0,
        "Operating Expense": 56382000.0,
        "Research And Development": 34106000.0,
        "Selling General And Administration": 22276000.0,
        "Gross Profit": 45463000.0,
        "Cost Of Revenue": 5178000.0,
        "Total Revenue": 50641000.0,
        "Operating Revenue": 54396000.0
    },
    "2024-09-30": {
        "Tax Effect Of Unusual Items": -3896340.0,
        "Tax Rate For Calcs": 0.21,
        "Normalized EBITDA": 6317000.0,
        "Total Unusual Items": -18554000.0,
        "Total Unusual Items Excluding Goodwill": -18554000.0,
        "Net Income From Continuing Operation Net Minority Interest": -17084000.0,
        "Reconciled Depreciation": 739000.0,
        "Reconciled Cost Of Revenue": 5295000.0,
        "EBITDA": -12237000.0,
        "EBIT": -12976000.0,
        "Net Interest Income": -1192000.0,
        "Interest Expense": 4994000.0,
        "Interest Income": 3802000.0,
        "Normalized Income": -2426340.0,
        "Net Income From Continuing And Discontinued Operation": -17084000.0,
        "Total Expenses": 44557000.0,
        "Total Operating Income As Reported": -16778000.0,
        "Diluted Average Shares": 100515000.0,
        "Basic Average Shares": 100515000.0,
        "Diluted EPS": -0.17,
        "Basic EPS": -0.17,
        "Diluted NI Availto Com Stockholders": -17084000.0,
        "Net Income Common Stockholders": -17084000.0,
        "Net Income": -17084000.0,
        "Net Income Including Noncontrolling Interests": -17084000.0,
        "Net Income Continuous Operations": -17084000.0,
        "Earnings From Equity Interest Net Of Tax": 898000.0,
        "Tax Provision": 12000.0,
        "Pretax Income": -17970000.0,
        "Other Income Expense": -18554000.0,
        "Special Income Charges": -18554000.0,
        "Restructuring And Mergern Acquisition": 18554000.0,
        "Net Non Operating Interest Income Expense": -1192000.0,
        "Interest Expense Non Operating": 4994000.0,
        "Interest Income Non Operating": 3802000.0,
        "Operating Income": 1776000.0,
        "Operating Expense": 39262000.0,
        "Research And Development": 21708000.0,
        "Selling General And Administration": 17554000.0,
        "Gross Profit": 41038000.0,
        "Cost Of Revenue": 5295000.0,
        "Total Revenue": 46333000.0,
        "Operating Revenue": 58174000.0
    }
}