{
    "2023-06-30": {
        "Tax Effect Of Unusual Items": NaN,
        "Tax Rate For Calcs": NaN,
        "Normalized EBITDA": NaN,
        "Total Unusual Items": NaN,
        "Total Unusual Items Excluding Goodwill": NaN,
        "Net Income From Continuing Operation Net Minority Interest": NaN,
        "Reconciled Depreciation": NaN,
        "Reconciled Cost Of Revenue": NaN,
        "EBITDA": NaN,
        "EBIT": NaN,
        "Net Interest Income": NaN,
        "Interest Expense": NaN,
        "Normalized Income": NaN,
        "Net Income From Continuing And Discontinued Operation": NaN,
        "Total Expenses": NaN,
        "Rent Expense Supplemental": NaN,
        "Total Operating Income As Reported": NaN,
        "Diluted Average Shares": NaN,
        "Basic Average Shares": NaN,
        "Diluted EPS": NaN,
        "Basic EPS": NaN,
        "Diluted NI Availto Com Stockholders": NaN,
        "Net Income Common Stockholders": NaN,
        "Otherunder Preferred Stock Dividend": NaN,
        "Net Income": NaN,
        "Minority Interests": NaN,
        "Net Income Including Noncontrolling Interests": NaN,
        "Net Income Continuous Operations": NaN,
        "Tax Provision": NaN,
        "Pretax Income": NaN,
        "Other Income Expense": NaN,
        "Other Non Operating Income Expenses": NaN,
        "Special Income Charges": NaN,
        "Impairment Of Capital Assets": NaN,
        "Gain On Sale Of Security": NaN,
        "Net Non Operating Interest Income Expense": NaN,
        "Interest Expense Non Operating": NaN,
        "Operating Income": NaN,
        "Operating Expense": NaN,
        "Other Operating Expenses": NaN,
        "Depreciation Amortization Depletion Income Statement": 3418000.0,
        "Depreciation And Amortization In Income Statement": 3418000.0,
        "Amortization": 3418000.0,
        "Amortization Of Intangibles Income Statement": 3418000.0,
        "Selling General And Administration": NaN,
        "Selling And Marketing Expense": NaN,
        "General And Administrative Expense": NaN,
        "Other Gand A": NaN,
        "Rent And Landing Fees": NaN,
        "Gross Profit": NaN,
        "Cost Of Revenue": NaN,
        "Total Revenue": NaN,
        "Operating Revenue": NaN
    },
    "2023-03-31": {
        "Tax Effect Of Unusual Items": NaN,
        "Tax Rate For Calcs": NaN,
        "Normalized EBITDA": NaN,
        "Total Unusual Items": NaN,
        "Total Unusual Items Excluding Goodwill": NaN,
        "Net Income From Continuing Operation Net Minority Interest": NaN,
        "Reconciled Depreciation": NaN,
        "Reconciled Cost Of Revenue": NaN,
        "EBITDA": NaN,
        "EBIT": NaN,
        "Net Interest Income": NaN,
        "Interest Expense": NaN,
        "Normalized Income": NaN,
        "Net Income From Continuing And Discontinued Operation": NaN,
        "Total Expenses": NaN,
        "Rent Expense Supplemental": NaN,
        "Total Operating Income As Reported": NaN,
        "Diluted Average Shares": NaN,
        "Basic Average Shares": NaN,
        "Diluted EPS": NaN,
        "Basic EPS": NaN,
        "Diluted NI Availto Com Stockholders": NaN,
        "Net Income Common Stockholders": NaN,
        "Otherunder Preferred Stock Dividend": NaN,
        "Net Income": NaN,
        "Minority Interests": NaN,
        "Net Income Including Noncontrolling Interests": NaN,
        "Net Income Continuous Operations": NaN,
        "Tax Provision": NaN,
        "Pretax Income": NaN,
        "Other Income Expense": NaN,
        "Other Non Operating Income Expenses": NaN,
        "Special Income Charges": NaN,
        "Other Special Charges": 3125000.0,
        "Impairment Of Capital Assets": NaN,
        "Gain On Sale Of Security": NaN,
        "Net Non Operating Interest Income Expense": NaN,
        "Interest Expense Non Operating": NaN,
        "Operating Income": NaN,
        "Operating Expense": NaN,
        "Other Operating Expenses": NaN,
        "Depreciation Amortization Depletion Income Statement": 3326000.0,
        "Depreciation And Amortization In Income Statement": 3326000.0,
        "Amortization": 3326000.0,
        "Amortization Of Intangibles Income Statement": 3326000.0,
        "Selling General And Administration": NaN,
        "Selling And Marketing Expense": NaN,
        "General And Administrative Expense": NaN,
        "Other Gand A": NaN,
        "Rent And Landing Fees": NaN,
        "Gross Profit": NaN,
        "Cost Of Revenue": NaN,
        "Total Revenue": NaN,
        "Operating Revenue": NaN
    },
    "2022-12-31": {
        "Tax Effect Of Unusual Items": NaN,
        "Tax Rate For Calcs": NaN,
        "Normalized EBITDA": NaN,
        "Total Unusual Items": NaN,
        "Total Unusual Items Excluding Goodwill": NaN,
        "Net Income From Continuing Operation Net Minority Interest": NaN,
        "Reconciled Depreciation": NaN,
        "Reconciled Cost Of Revenue": NaN,
        "EBITDA": NaN,
        "EBIT": NaN,
        "Net Interest Income": NaN,
        "Interest Expense": NaN,
        "Normalized Income": NaN,
        "Net Income From Continuing And Discontinued Operation": NaN,
        "Total Expenses": NaN,
        "Rent Expense Supplemental": NaN,
        "Total Operating Income As Reported": NaN,
        "Diluted Average Shares": NaN,
        "Basic Average Shares": NaN,
        "Diluted EPS": NaN,
        "Basic EPS": NaN,
        "Diluted NI Availto Com Stockholders": NaN,
        "Average Dilution Earnings": 0.0,
        "Net Income Common Stockholders": NaN,
        "Otherunder Preferred Stock Dividend": NaN,
        "Net Income": NaN,
        "Minority Interests": NaN,
        "Net Income Including Noncontrolling Interests": NaN,
        "Net Income Continuous Operations": NaN,
        "Tax Provision": NaN,
        "Pretax Income": NaN,
        "Other Income Expense": NaN,
        "Other Non Operating Income Expenses": NaN,
        "Special Income Charges": NaN,
        "Other Special Charges": NaN,
        "Impairment Of Capital Assets": NaN,
        "Gain On Sale Of Security": NaN,
        "Net Non Operating Interest Income Expense": NaN,
        "Interest Expense Non Operating": NaN,
        "Operating Income": NaN,
        "Operating Expense": NaN,
        "Other Operating Expenses": NaN,
        "Depreciation Amortization Depletion Income Statement": NaN,
        "Depreciation And Amortization In Income Statement": NaN,
        "Amortization": NaN,
        "Amortization Of Intangibles Income Statement": NaN,
        "Selling General And Administration": NaN,
        "Selling And Marketing Expense": NaN,
        "General And Administrative Expense": NaN,
        "Other Gand A": NaN,
        "Rent And Landing Fees": NaN,
        "Gross Profit": NaN,
        "Cost Of Revenue": NaN,
        "Total Revenue": NaN,
        "Operating Revenue": NaN
    },
    "2022-09-30": {
        "Tax Effect Of Unusual Items": NaN,
        "Tax Rate For Calcs": NaN,
        "Normalized EBITDA": NaN,
        "Total Unusual Items": NaN,
        "Total Unusual Items Excluding Goodwill": NaN,
        "Net Income From Continuing Operation Net Minority Interest": NaN,
        "Reconciled Depreciation": NaN,
        "Reconciled Cost Of Revenue": NaN,
        "EBITDA": NaN,
        "EBIT": NaN,
        "Net Interest Income": NaN,
        "Interest Expense": NaN,
        "Normalized Income": NaN,
        "Net Income From Continuing And Discontinued Operation": NaN,
        "Total Expenses": NaN,
        "Rent Expense Supplemental": NaN,
        "Total Operating Income As Reported": NaN,
        "Diluted Average Shares": NaN,
        "Basic Average Shares": NaN,
        "Diluted EPS": NaN,
        "Basic EPS": NaN,
        "Diluted NI Availto Com Stockholders": NaN,
        "Average Dilution Earnings": 0.0,
        "Net Income Common Stockholders": NaN,
        "Otherunder Preferred Stock Dividend": NaN,
        "Net Income": NaN,
        "Minority Interests": NaN,
        "Net Income Including Noncontrolling Interests": NaN,
        "Net Income Continuous Operations": NaN,
        "Tax Provision": NaN,
        "Pretax Income": NaN,
        "Other Income Expense": NaN,
        "Other Non Operating Income Expenses": NaN,
        "Special Income Charges": -3302000.0,
        "Other Special Charges": 3302000.0,
        "Gain On Sale Of Security": NaN,
        "Net Non Operating Interest Income Expense": NaN,
        "Interest Expense Non Operating": NaN,
        "Operating Income": NaN,
        "Operating Expense": NaN,
        "Other Operating Expenses": NaN,
        "Depreciation Amortization Depletion Income Statement": NaN,
        "Depreciation And Amortization In Income Statement": NaN,
        "Amortization": NaN,
        "Amortization Of Intangibles Income Statement": NaN,
        "Selling General And Administration": NaN,
        "Selling And Marketing Expense": NaN,
        "General And Administrative Expense": NaN,
        "Other Gand A": NaN,
        "Rent And Landing Fees": NaN,
        "Gross Profit": NaN,
        "Cost Of Revenue": NaN,
        "Total Revenue": NaN,
        "Operating Revenue": NaN
    },
    "2022-06-30": {
        "Tax Effect Of Unusual Items": -6145088.259365,
        "Tax Rate For Calcs": 0.271211,
        "Normalized EBITDA": 114976000.0,
        "Total Unusual Items": -22658000.0,
        "Total Unusual Items Excluding Goodwill": -22658000.0,
        "Net Income From Continuing Operation Net Minority Interest": 57657000.0,
        "Reconciled Depreciation": 6961000.0,
        "Reconciled Cost Of Revenue": 128086000.0,
        "EBITDA": 92318000.0,
        "EBIT": 92318000.0,
        "Net Interest Income": NaN,
        "Interest Expense": NaN,
        "Normalized Income": 74169911.740635,
        "Net Income From Continuing And Discontinued Operation": 57657000.0,
        "Total Expenses": 273690000.0,
        "Rent Expense Supplemental": 10512000.0,
        "Total Operating Income As Reported": 92318000.0,
        "Diluted Average Shares": 85563000.0,
        "Basic Average Shares": 85563000.0,
        "Diluted EPS": 0.64,
        "Basic EPS": 0.64,
        "Diluted NI Availto Com Stockholders": 57657000.0,
        "Average Dilution Earnings": 0.0,
        "Net Income Common Stockholders": 57657000.0,
        "Otherunder Preferred Stock Dividend": 3218000.0,
        "Net Income": 57657000.0,
        "Minority Interests": 6899000.0,
        "Net Income Including Noncontrolling Interests": 50758000.0,
        "Net Income Continuous Operations": 50758000.0,
        "Tax Provision": 18889000.0,
        "Pretax Income": 69647000.0,
        "Other Income Expense": -22671000.0,
        "Other Non Operating Income Expenses": -13000.0,
        "Special Income Charges": -3350000.0,
        "Other Special Charges": 3350000.0,
        "Gain On Sale Of Security": -19308000.0,
        "Net Non Operating Interest Income Expense": NaN,
        "Interest Expense Non Operating": NaN,
        "Operating Income": 92318000.0,
        "Operating Expense": 145604000.0,
        "Other Operating Expenses": 10363000.0,
        "Depreciation Amortization Depletion Income Statement": NaN,
        "Depreciation And Amortization In Income Statement": NaN,
        "Amortization": NaN,
        "Amortization Of Intangibles Income Statement": NaN,
        "Selling General And Administration": 135241000.0,
        "Selling And Marketing Expense": 88979000.0,
        "General And Administrative Expense": 46262000.0,
        "Other Gand A": 35750000.0,
        "Rent And Landing Fees": 10512000.0,
        "Gross Profit": 237922000.0,
        "Cost Of Revenue": 128086000.0,
        "Total Revenue": 366008000.0,
        "Operating Revenue": 366008000.0
    },
    "2022-03-31": {
        "Diluted EPS": 0.61,
        "Total Revenue": 325,
        "Gross Profit": 325,
        "Operating Income": 84,
        "EBIT": 91,
        "Net Income": 53
    },
    "2021-12-31": {
        "Diluted EPS": 0.71,
        "Total Revenue": 322,
        "Gross Profit": 322,
        "Operating Income": 89,
        "EBIT": 96,
        "Net Income": 66
    },
    "2021-09-30": {
        "Diluted EPS": 0.73,
        "Total Revenue": 327,
        "Gross Profit": 327,
        "Operating Income": 98,
        "EBIT": 106,
        "Net Income": 68
    },
    "2021-06-30": {
        "Diluted EPS": 0.56,
        "Total Revenue": 311,
        "Gross Profit": 311,
        "Operating Income": 82,
        "EBIT": 89,
        "Net Income": 53
    },
    "2021-03-31": {
        "Diluted EPS": 0.75,
        "Total Revenue": 341,
        "Gross Profit": 341,
        "Operating Income": 97,
        "EBIT": 105,
        "Net Income": 71
    },
    "2020-12-31": {
        "Diluted EPS": 0.95,
        "Total Revenue": 364,
        "Gross Profit": 364,
        "Operating Income": 115,
        "EBIT": 122,
        "Net Income": 90
    },
    "2020-09-30": {
        "Diluted EPS": 0.85,
        "Total Revenue": 364,
        "Gross Profit": 364,
        "Operating Income": 113,
        "EBIT": 121,
        "Net Income": 82
    },
    "2020-06-30": {
        "Diluted EPS": 0.8,
        "Total Revenue": 361,
        "Gross Profit": 361,
        "Operating Income": 97,
        "EBIT": 105,
        "Net Income": 78
    },
    "2020-03-31": {
        "Diluted EPS": 0.63,
        "Total Revenue": 359,
        "Gross Profit": 359,
        "Operating Income": 93,
        "EBIT": 100,
        "Net Income": 62
    },
    "2019-12-31": {
        "Diluted EPS": 0.81,
        "Total Revenue": 358,
        "Gross Profit": 358,
        "Operating Income": 103,
        "EBIT": 110,
        "Net Income": 79
    },
    "2019-09-30": {
        "Diluted EPS": 0.72,
        "Total Revenue": 340,
        "Gross Profit": 340,
        "Operating Income": 89,
        "EBIT": 97,
        "Net Income": 70
    },
    "2019-06-30": {
        "Diluted EPS": 0.62,
        "Total Revenue": 321,
        "Gross Profit": 321,
        "Operating Income": 85,
        "EBIT": 91,
        "Net Income": 60
    },
    "2019-03-31": {
        "Diluted EPS": 0.54,
        "Total Revenue": 307,
        "Gross Profit": 307,
        "Operating Income": 71,
        "EBIT": 79,
        "Net Income": 52
    },
    "2018-12-31": {
        "Diluted EPS": 0.61,
        "Total Revenue": 307,
        "Gross Profit": 307,
        "Operating Income": 88,
        "EBIT": 95,
        "Net Income": 57
    },
    "2018-09-30": {
        "Diluted EPS": 0.59,
        "Total Revenue": 309,
        "Gross Profit": 309,
        "Operating Income": 82,
        "EBIT": 88,
        "Net Income": 57
    },
    "2018-06-30": {
        "Diluted EPS": 0.38,
        "Total Revenue": 256,
        "Gross Profit": 256,
        "Operating Income": 81,
        "EBIT": 84,
        "Net Income": 37
    },
    "2018-03-31": {
        "Diluted EPS": 0.6,
        "Total Revenue": 264,
        "Gross Profit": 264,
        "Operating Income": 80,
        "EBIT": 83,
        "Net Income": 60
    },
    "2017-12-31": {
        "Diluted EPS": 1.29,
        "Total Revenue": 278,
        "Gross Profit": 278,
        "Operating Income": 91,
        "EBIT": 95,
        "Net Income": 127
    },
    "2017-09-30": {
        "Diluted EPS": 0.56,
        "Total Revenue": 278,
        "Gross Profit": 278,
        "Operating Income": 89,
        "EBIT": 93,
        "Net Income": 54
    },
    "2017-06-30": {
        "Diluted EPS": 0.53,
        "Total Revenue": 273,
        "Gross Profit": 273,
        "Operating Income": 84,
        "EBIT": 89,
        "Net Income": 51
    },
    "2017-03-31": {
        "Diluted EPS": 0.49,
        "Total Revenue": 274,
        "Gross Profit": 274,
        "Operating Income": 78,
        "EBIT": 83,
        "Net Income": 48
    },
    "2016-12-31": {
        "Diluted EPS": 0.54,
        "Total Revenue": 290,
        "Gross Profit": 290,
        "Operating Income": 85,
        "EBIT": 90,
        "Net Income": 52
    },
    "2016-09-30": {
        "Diluted EPS": 0.54,
        "Total Revenue": 295,
        "Gross Profit": 295,
        "Operating Income": 89,
        "EBIT": 94,
        "Net Income": 53
    },
    "2016-06-30": {
        "Diluted EPS": 0.51,
        "Total Revenue": 287,
        "Gross Profit": 287,
        "Operating Income": 88,
        "EBIT": 93,
        "Net Income": 51
    },
    "2016-03-31": {
        "Diluted EPS": 0.44,
        "Total Revenue": 272,
        "Gross Profit": 272,
        "Operating Income": 75,
        "EBIT": 80,
        "Net Income": 45
    },
    "2015-12-31": {
        "Diluted EPS": 0.45,
        "Total Revenue": 244,
        "Gross Profit": 244,
        "Operating Income": 77,
        "EBIT": 83,
        "Net Income": 46
    },
    "2015-09-30": {
        "Diluted EPS": 0.42,
        "Total Revenue": 234,
        "Gross Profit": 234,
        "Operating Income": 74,
        "EBIT": 80,
        "Net Income": 42
    },
    "2015-06-30": {
        "Diluted EPS": 0.4,
        "Total Revenue": 228,
        "Gross Profit": 228,
        "Operating Income": 69,
        "EBIT": 76,
        "Net Income": 40
    },
    "2015-03-31": {
        "Diluted EPS": 0.35,
        "Total Revenue": 221,
        "Gross Profit": 221,
        "Operating Income": 59,
        "EBIT": 66,
        "Net Income": 35
    },
    "2014-12-31": {
        "Diluted EPS": 0.37,
        "Total Revenue": 218,
        "Gross Profit": 218,
        "Operating Income": 62,
        "EBIT": 68,
        "Net Income": 38
    },
    "2014-09-30": {
        "Diluted EPS": 0.36,
        "Total Revenue": 217,
        "Gross Profit": 217,
        "Operating Income": 61,
        "EBIT": 67,
        "Net Income": 36
    },
    "2014-06-30": {
        "Diluted EPS": 0.35,
        "Total Revenue": 213,
        "Gross Profit": 213,
        "Operating Income": 59,
        "EBIT": 64,
        "Net Income": 35
    },
    "2014-03-31": {
        "Diluted EPS": 0.34,
        "Total Revenue": 211,
        "Gross Profit": 211,
        "Operating Income": 57,
        "EBIT": 62,
        "Net Income": 34
    },
    "2013-12-31": {
        "Diluted EPS": 0.39,
        "Total Revenue": 215,
        "Gross Profit": 215,
        "Operating Income": 60,
        "EBIT": 65,
        "Net Income": 40
    },
    "2013-09-30": {
        "Diluted EPS": 0.36,
        "Total Revenue": 212,
        "Gross Profit": 212,
        "Operating Income": 58,
        "EBIT": 63,
        "Net Income": 36
    },
    "2013-06-30": {
        "Diluted EPS": 0.39,
        "Total Revenue": 224,
        "Gross Profit": 224,
        "Operating Income": 66,
        "EBIT": 71,
        "Net Income": 39
    },
    "2013-03-31": {
        "Diluted EPS": 0.41,
        "Total Revenue": 228,
        "Gross Profit": 228,
        "Operating Income": 68,
        "EBIT": 73,
        "Net Income": 41
    },
    "2012-12-31": {
        "Diluted EPS": 0.45,
        "Total Revenue": 245,
        "Gross Profit": 245,
        "Operating Income": 83,
        "EBIT": 88,
        "Net Income": 46
    },
    "2012-09-30": {
        "Diluted EPS": 0.54,
        "Total Revenue": 238,
        "Gross Profit": 238,
        "Operating Income": 90,
        "EBIT": 95,
        "Net Income": 54
    },
    "2012-06-30": {
        "Diluted EPS": 0.39,
        "Total Revenue": 232,
        "Gross Profit": 232,
        "Operating Income": 69,
        "EBIT": 73,
        "Net Income": 39
    },
    "2012-03-31": {
        "Diluted EPS": 0.41,
        "Total Revenue": 230,
        "Gross Profit": 230,
        "Operating Income": 70,
        "EBIT": 75,
        "Net Income": 41
    },
    "2011-12-31": {
        "Diluted EPS": 0.35,
        "Total Revenue": 216,
        "Gross Profit": 216,
        "Operating Income": 62,
        "EBIT": 66,
        "Net Income": 35
    },
    "2011-09-30": {
        "Diluted EPS": 0.37,
        "Total Revenue": 214,
        "Gross Profit": 214,
        "Operating Income": 67,
        "EBIT": 72,
        "Net Income": 37
    },
    "2011-06-30": {
        "Diluted EPS": 0.41,
        "Total Revenue": 226,
        "Gross Profit": 226,
        "Operating Income": 72,
        "EBIT": 77,
        "Net Income": 41
    },
    "2011-03-31": {
        "Diluted EPS": 0.32,
        "Total Revenue": 239,
        "Gross Profit": 239,
        "Operating Income": 57,
        "EBIT": 64,
        "Net Income": 33
    },
    "2010-12-31": {
        "Diluted EPS": 0.47,
        "Total Revenue": 245,
        "Gross Profit": 245,
        "Operating Income": 79,
        "EBIT": 90,
        "Net Income": 40
    },
    "2010-09-30": {
        "Diluted EPS": 0.42,
        "Total Revenue": 242,
        "Gross Profit": 242,
        "Operating Income": 75,
        "EBIT": 83,
        "Net Income": 43
    },
    "2010-06-30": {
        "Diluted EPS": 0.46,
        "Total Revenue": 231,
        "Gross Profit": 231,
        "Operating Income": 84,
        "EBIT": 99,
        "Net Income": 48
    },
    "2010-03-31": {
        "Diluted EPS": 0.38,
        "Total Revenue": 233,
        "Gross Profit": 233,
        "Operating Income": 72,
        "EBIT": 80,
        "Net Income": 42
    },
    "2009-12-31": {
        "Diluted EPS": 0.5,
        "Total Revenue": 265,
        "Gross Profit": 265,
        "Operating Income": 86,
        "EBIT": 96,
        "Net Income": 52
    },
    "2009-09-30": {
        "Diluted EPS": 0.56,
        "Total Revenue": 294,
        "Gross Profit": 294,
        "Operating Income": 95,
        "EBIT": 106,
        "Net Income": 57
    },
    "2009-06-30": {
        "Diluted EPS": 0.52,
        "Total Revenue": 307,
        "Gross Profit": 307,
        "Operating Income": 88,
        "EBIT": 99,
        "Net Income": 53
    },
    "2009-03-31": {
        "Diluted EPS": 0.34,
        "Total Revenue": 311,
        "Gross Profit": 311,
        "Operating Income": 60,
        "EBIT": 71,
        "Net Income": 35
    },
    "2023-09-30": {
        "Tax Effect Of Unusual Items": -193185.0,
        "Tax Rate For Calcs": 0.265,
        "Normalized EBITDA": 110960000.0,
        "Total Unusual Items": -729000.0,
        "Total Unusual Items Excluding Goodwill": -729000.0,
        "Net Income From Continuing Operation Net Minority Interest": 75026000.0,
        "Reconciled Depreciation": 6093000.0,
        "Reconciled Cost Of Revenue": 139123000.0,
        "EBITDA": 110231000.0,
        "EBIT": 104138000.0,
        "Net Interest Income": -3133000.0,
        "Interest Expense": 3133000.0,
        "Normalized Income": 75561815.0,
        "Net Income From Continuing And Discontinued Operation": 75026000.0,
        "Total Expenses": 297781000.0,
        "Rent Expense Supplemental": 10632000.0,
        "Total Operating Income As Reported": 101424000.0,
        "Diluted Average Shares": NaN,
        "Basic Average Shares": NaN,
        "Diluted EPS": NaN,
        "Basic EPS": NaN,
        "Diluted NI Availto Com Stockholders": 71716000.0,
        "Net Income Common Stockholders": 71716000.0,
        "Otherunder Preferred Stock Dividend": 3310000.0,
        "Net Income": 75026000.0,
        "Minority Interests": 760000.0,
        "Net Income Including Noncontrolling Interests": 74266000.0,
        "Net Income Continuous Operations": 74266000.0,
        "Tax Provision": 26739000.0,
        "Pretax Income": 101005000.0,
        "Other Income Expense": -737000.0,
        "Other Non Operating Income Expenses": -8000.0,
        "Special Income Charges": -3451000.0,
        "Impairment Of Capital Assets": 3451000.0,
        "Gain On Sale Of Security": 2722000.0,
        "Net Non Operating Interest Income Expense": -3133000.0,
        "Interest Expense Non Operating": 3133000.0,
        "Operating Income": 104875000.0,
        "Operating Expense": 158658000.0,
        "Other Operating Expenses": 15557000.0,
        "Depreciation Amortization Depletion Income Statement": NaN,
        "Depreciation And Amortization In Income Statement": NaN,
        "Amortization": NaN,
        "Amortization Of Intangibles Income Statement": NaN,
        "Selling General And Administration": 143101000.0,
        "Selling And Marketing Expense": 93695000.0,
        "General And Administrative Expense": 49406000.0,
        "Other Gand A": 38774000.0,
        "Rent And Landing Fees": 10632000.0,
        "Gross Profit": 263533000.0,
        "Cost Of Revenue": 139123000.0,
        "Total Revenue": 402656000.0,
        "Operating Revenue": 402656000.0
    },
    "2023-12-31": {
        "Tax Effect Of Unusual Items": 3660917.438857,
        "Tax Rate For Calcs": 0.266404,
        "Normalized EBITDA": 112725000.0,
        "Total Unusual Items": 13742000.0,
        "Total Unusual Items Excluding Goodwill": 13742000.0,
        "Net Income From Continuing Operation Net Minority Interest": 82178000.0,
        "Reconciled Depreciation": 6018000.0,
        "Reconciled Cost Of Revenue": 127504000.0,
        "EBITDA": 126467000.0,
        "EBIT": 120449000.0,
        "Net Interest Income": -3142000.0,
        "Interest Expense": 3142000.0,
        "Normalized Income": 72096917.438857,
        "Net Income From Continuing And Discontinued Operation": 82178000.0,
        "Total Expenses": 285251000.0,
        "Rent Expense Supplemental": 10159000.0,
        "Total Operating Income As Reported": 102570000.0,
        "Diluted Average Shares": 81973000.0,
        "Basic Average Shares": 81961000.0,
        "Diluted EPS": 0.96,
        "Basic EPS": 0.96,
        "Diluted NI Availto Com Stockholders": 78506000.0,
        "Net Income Common Stockholders": 78506000.0,
        "Otherunder Preferred Stock Dividend": 3672000.0,
        "Net Income": 82178000.0,
        "Minority Interests": -3869000.0,
        "Net Income Including Noncontrolling Interests": 86047000.0,
        "Net Income Continuous Operations": 86056000.0,
        "Tax Provision": 31251000.0,
        "Pretax Income": 117307000.0,
        "Other Income Expense": 14203000.0,
        "Other Non Operating Income Expenses": 461000.0,
        "Special Income Charges": -3676000.0,
        "Impairment Of Capital Assets": 3676000.0,
        "Gain On Sale Of Security": 17418000.0,
        "Net Non Operating Interest Income Expense": -3142000.0,
        "Interest Expense Non Operating": 3142000.0,
        "Operating Income": 106246000.0,
        "Operating Expense": 157747000.0,
        "Other Operating Expenses": 9387000.0,
        "Selling General And Administration": 148360000.0,
        "Selling And Marketing Expense": 100624000.0,
        "General And Administrative Expense": 47736000.0,
        "Other Gand A": 37577000.0,
        "Rent And Landing Fees": 10159000.0,
        "Gross Profit": 263993000.0,
        "Cost Of Revenue": 127504000.0,
        "Total Revenue": 391497000.0,
        "Operating Revenue": 391497000.0
    },
    "2024-03-31": {
        "Tax Effect Of Unusual Items": 1464192.0,
        "Tax Rate For Calcs": 0.279,
        "Normalized EBITDA": 107544000.0,
        "Total Unusual Items": 5248000.0,
        "Total Unusual Items Excluding Goodwill": 5248000.0,
        "Net Income From Continuing Operation Net Minority Interest": 75033000.0,
        "Reconciled Depreciation": 5625000.0,
        "Reconciled Cost Of Revenue": 136546000.0,
        "EBITDA": 112792000.0,
        "EBIT": 107167000.0,
        "Net Interest Income": -3149000.0,
        "Interest Expense": 3149000.0,
        "Normalized Income": 71249192.0,
        "Net Income From Continuing And Discontinued Operation": 75033000.0,
        "Total Expenses": 294555000.0,
        "Rent Expense Supplemental": 9969000.0,
        "Total Operating Income As Reported": 98581000.0,
        "Diluted Average Shares": 80710000.0,
        "Basic Average Shares": 80709000.0,
        "Diluted EPS": 0.89,
        "Basic EPS": 0.89,
        "Diluted NI Availto Com Stockholders": 71630000.0,
        "Net Income Common Stockholders": 71630000.0,
        "Otherunder Preferred Stock Dividend": 3403000.0,
        "Net Income": 75033000.0,
        "Minority Interests": 23000.0,
        "Net Income Including Noncontrolling Interests": 75010000.0,
        "Net Income Continuous Operations": 75010000.0,
        "Tax Provision": 29008000.0,
        "Pretax Income": 104018000.0,
        "Other Income Expense": 5351000.0,
        "Other Non Operating Income Expenses": 103000.0,
        "Special Income Charges": -3235000.0,
        "Impairment Of Capital Assets": 3235000.0,
        "Gain On Sale Of Security": 8483000.0,
        "Net Non Operating Interest Income Expense": -3149000.0,
        "Interest Expense Non Operating": 3149000.0,
        "Operating Income": 101816000.0,
        "Operating Expense": 158009000.0,
        "Other Operating Expenses": 8665000.0,
        "Selling General And Administration": 149344000.0,
        "Selling And Marketing Expense": 99200000.0,
        "General And Administrative Expense": 50144000.0,
        "Other Gand A": 40175000.0,
        "Rent And Landing Fees": 9969000.0,
        "Gross Profit": 259825000.0,
        "Cost Of Revenue": 136546000.0,
        "Total Revenue": 396371000.0,
        "Operating Revenue": 396371000.0
    },
    "2024-06-30": {
        "Tax Effect Of Unusual Items": -13494600.0,
        "Tax Rate For Calcs": 0.21,
        "Normalized EBITDA": 115609000.0,
        "Total Unusual Items": -64260000.0,
        "Total Unusual Items Excluding Goodwill": -64260000.0,
        "Net Income From Continuing Operation Net Minority Interest": 21027000.0,
        "Reconciled Depreciation": 5534000.0,
        "Reconciled Cost Of Revenue": 130748000.0,
        "EBITDA": 51349000.0,
        "EBIT": 45815000.0,
        "Net Interest Income": -3159000.0,
        "Interest Expense": 3159000.0,
        "Normalized Income": 71792400.0,
        "Net Income From Continuing And Discontinued Operation": 21027000.0,
        "Total Expenses": 292474000.0,
        "Rent Expense Supplemental": 9765000.0,
        "Total Operating Income As Reported": 40717000.0,
        "Diluted Average Shares": 80026000.0,
        "Basic Average Shares": 80026000.0,
        "Diluted EPS": 0.2,
        "Basic EPS": 0.2,
        "Diluted NI Availto Com Stockholders": 16294000.0,
        "Net Income Common Stockholders": 16294000.0,
        "Otherunder Preferred Stock Dividend": 4733000.0,
        "Net Income": 21027000.0,
        "Minority Interests": 1802000.0,
        "Net Income Including Noncontrolling Interests": 19225000.0,
        "Net Income Continuous Operations": 19225000.0,
        "Tax Provision": 23431000.0,
        "Pretax Income": 42656000.0,
        "Other Income Expense": -64294000.0,
        "Other Non Operating Income Expenses": -34000.0,
        "Special Income Charges": -69392000.0,
        "Impairment Of Capital Assets": 69392000.0,
        "Gain On Sale Of Security": 5132000.0,
        "Net Non Operating Interest Income Expense": -3159000.0,
        "Interest Expense Non Operating": 3159000.0,
        "Operating Income": 110109000.0,
        "Operating Expense": 161726000.0,
        "Other Operating Expenses": 8798000.0,
        "Selling General And Administration": 152928000.0,
        "Selling And Marketing Expense": 100124000.0,
        "General And Administrative Expense": 52804000.0,
        "Other Gand A": 43039000.0,
        "Rent And Landing Fees": 9765000.0,
        "Gross Profit": 271835000.0,
        "Cost Of Revenue": 130748000.0,
        "Total Revenue": 402583000.0,
        "Operating Revenue": 402583000.0
    },
    "2024-09-30": {
        "Tax Effect Of Unusual Items": 2764393.0,
        "Tax Rate For Calcs": 0.263,
        "Normalized EBITDA": 120976000.0,
        "Total Unusual Items": 10511000.0,
        "Total Unusual Items Excluding Goodwill": 10511000.0,
        "Net Income From Continuing Operation Net Minority Interest": 87538000.0,
        "Reconciled Depreciation": 5714000.0,
        "Reconciled Cost Of Revenue": 136027000.0,
        "EBITDA": 131487000.0,
        "EBIT": 125773000.0,
        "Net Interest Income": -3170000.0,
        "Interest Expense": 3170000.0,
        "Normalized Income": 79791393.0,
        "Net Income From Continuing And Discontinued Operation": 87538000.0,
        "Total Expenses": 293210000.0,
        "Rent Expense Supplemental": 9884000.0,
        "Total Operating Income As Reported": 111742000.0,
        "Diluted Average Shares": 78706000.0,
        "Basic Average Shares": 78690000.0,
        "Diluted EPS": 1.06,
        "Basic EPS": 1.06,
        "Diluted NI Availto Com Stockholders": 83791000.0,
        "Net Income Common Stockholders": 83791000.0,
        "Otherunder Preferred Stock Dividend": 3747000.0,
        "Net Income": 87538000.0,
        "Minority Interests": -2803000.0,
        "Net Income Including Noncontrolling Interests": 90341000.0,
        "Net Income Continuous Operations": 90341000.0,
        "Tax Provision": 32262000.0,
        "Pretax Income": 122603000.0,
        "Other Income Expense": 10527000.0,
        "Other Non Operating Income Expenses": 16000.0,
        "Special Income Charges": -3504000.0,
        "Impairment Of Capital Assets": 3504000.0,
        "Gain On Sale Of Security": 14015000.0,
        "Net Non Operating Interest Income Expense": -3170000.0,
        "Interest Expense Non Operating": 3170000.0,
        "Operating Income": 115246000.0,
        "Operating Expense": 157183000.0,
        "Other Operating Expenses": 2557000.0,
        "Selling General And Administration": 154626000.0,
        "Selling And Marketing Expense": 101237000.0,
        "General And Administrative Expense": 53389000.0,
        "Other Gand A": 43505000.0,
        "Rent And Landing Fees": 9884000.0,
        "Gross Profit": 272429000.0,
        "Cost Of Revenue": 136027000.0,
        "Total Revenue": 408456000.0,
        "Operating Revenue": 408456000.0
    },
    "2024-12-31": {
        "Tax Effect Of Unusual Items": 458357.582879,
        "Tax Rate For Calcs": 0.253516,
        "Normalized EBITDA": 119267000.0,
        "Total Unusual Items": 1808000.0,
        "Total Unusual Items Excluding Goodwill": 1808000.0,
        "Net Income From Continuing Operation Net Minority Interest": 84716000.0,
        "Reconciled Depreciation": 5556000.0,
        "Reconciled Cost Of Revenue": 137165000.0,
        "EBITDA": 121075000.0,
        "EBIT": 115519000.0,
        "Net Interest Income": -3187000.0,
        "Interest Expense": 3187000.0,
        "Normalized Income": 83366357.582879,
        "Net Income From Continuing And Discontinued Operation": 84716000.0,
        "Total Expenses": 311026000.0,
        "Rent Expense Supplemental": 10329000.0,
        "Total Operating Income As Reported": 110427000.0,
        "Diluted Average Shares": 78300000.0,
        "Basic Average Shares": 78300000.0,
        "Diluted EPS": 1.04,
        "Basic EPS": 1.04,
        "Diluted NI Availto Com Stockholders": 81064000.0,
        "Net Income Common Stockholders": 81064000.0,
        "Otherunder Preferred Stock Dividend": 3652000.0,
        "Net Income": 84716000.0,
        "Minority Interests": 862000.0,
        "Net Income Including Noncontrolling Interests": 83854000.0,
        "Net Income Continuous Operations": 83854000.0,
        "Tax Provision": 28478000.0,
        "Pretax Income": 112332000.0,
        "Other Income Expense": 1862000.0,
        "Other Non Operating Income Expenses": 54000.0,
        "Special Income Charges": -3230000.0,
        "Impairment Of Capital Assets": 3230000.0,
        "Gain On Sale Of Security": 5038000.0,
        "Net Non Operating Interest Income Expense": -3187000.0,
        "Interest Expense Non Operating": 3187000.0,
        "Operating Income": 113657000.0,
        "Operating Expense": 173861000.0,
        "Other Operating Expenses": 13528000.0,
        "Selling General And Administration": 160333000.0,
        "Selling And Marketing Expense": 105854000.0,
        "General And Administrative Expense": 54479000.0,
        "Other Gand A": 44150000.0,
        "Rent And Landing Fees": 10329000.0,
        "Gross Profit": 287518000.0,
        "Cost Of Revenue": 137165000.0,
        "Total Revenue": 424683000.0,
        "Operating Revenue": 424683000.0
    },
    "2025-03-31": {
        "Tax Effect Of Unusual Items": 1009844.0,
        "Tax Rate For Calcs": 0.236,
        "Normalized EBITDA": 140357000.0,
        "Total Unusual Items": 4279000.0,
        "Total Unusual Items Excluding Goodwill": 4279000.0,
        "Net Income From Continuing Operation Net Minority Interest": 101134000.0,
        "Reconciled Depreciation": 5416000.0,
        "Reconciled Cost Of Revenue": 143270000.0,
        "EBITDA": 144636000.0,
        "EBIT": 139220000.0,
        "Net Interest Income": -3179000.0,
        "Interest Expense": 3179000.0,
        "Normalized Income": 97864844.0,
        "Net Income From Continuing And Discontinued Operation": 101134000.0,
        "Total Expenses": 288572000.0,
        "Rent Expense Supplemental": 9952000.0,
        "Total Operating Income As Reported": 131772000.0,
        "Diluted Average Shares": 77542000.0,
        "Basic Average Shares": 77541000.0,
        "Diluted EPS": 1.25,
        "Basic EPS": 1.25,
        "Diluted NI Availto Com Stockholders": 96622000.0,
        "Net Income Common Stockholders": 96622000.0,
        "Otherunder Preferred Stock Dividend": 4512000.0,
        "Net Income": 101134000.0,
        "Minority Interests": -2742000.0,
        "Net Income Including Noncontrolling Interests": 103876000.0,
        "Net Income Continuous Operations": 103876000.0,
        "Tax Provision": 32165000.0,
        "Pretax Income": 136041000.0,
        "Other Income Expense": 4252000.0,
        "Other Non Operating Income Expenses": -27000.0,
        "Special Income Charges": -3196000.0,
        "Impairment Of Capital Assets": 3196000.0,
        "Gain On Sale Of Security": 7475000.0,
        "Net Non Operating Interest Income Expense": -3179000.0,
        "Interest Expense Non Operating": 3179000.0,
        "Operating Income": 134968000.0,
        "Operating Expense": 145302000.0,
        "Other Operating Expenses": -11085000.0,
        "Selling General And Administration": 156387000.0,
        "Selling And Marketing Expense": 103661000.0,
        "General And Administrative Expense": 52726000.0,
        "Other Gand A": 42774000.0,
        "Rent And Landing Fees": 9952000.0,
        "Gross Profit": 280270000.0,
        "Cost Of Revenue": 143270000.0,
        "Total Revenue": 423540000.0,
        "Operating Revenue": 423540000.0
    },
    "2025-06-30": {
        "Tax Effect Of Unusual Items": 3507796.156727,
        "Tax Rate For Calcs": 0.260919,
        "Normalized EBITDA": 126189000.0,
        "Total Unusual Items": 13444000.0,
        "Total Unusual Items Excluding Goodwill": 13444000.0,
        "Net Income From Continuing Operation Net Minority Interest": 91000000.0,
        "Reconciled Depreciation": 5637000.0,
        "Reconciled Cost Of Revenue": 144872000.0,
        "EBITDA": 139633000.0,
        "EBIT": 133996000.0,
        "Net Interest Income": -3170000.0,
        "Interest Expense": 3170000.0,
        "Normalized Income": 81063796.156727,
        "Net Income From Continuing And Discontinued Operation": 91000000.0,
        "Total Expenses": 304257000.0,
        "Rent Expense Supplemental": 9910000.0,
        "Total Operating Income As Reported": 117084000.0,
        "Diluted Average Shares": 75072000.0,
        "Basic Average Shares": 75064000.0,
        "Diluted EPS": 1.16,
        "Basic EPS": 1.16,
        "Diluted NI Availto Com Stockholders": 86857000.0,
        "Net Income Common Stockholders": 86857000.0,
        "Otherunder Preferred Stock Dividend": 4143000.0,
        "Net Income": 91000000.0,
        "Minority Interests": -5691000.0,
        "Net Income Including Noncontrolling Interests": 96691000.0,
        "Net Income Continuous Operations": 96691000.0,
        "Tax Provision": 34135000.0,
        "Pretax Income": 130826000.0,
        "Other Income Expense": 13409000.0,
        "Other Non Operating Income Expenses": -35000.0,
        "Special Income Charges": -3503000.0,
        "Impairment Of Capital Assets": 3503000.0,
        "Gain On Sale Of Security": 16947000.0,
        "Net Non Operating Interest Income Expense": -3170000.0,
        "Interest Expense Non Operating": 3170000.0,
        "Operating Income": 120587000.0,
        "Operating Expense": 159385000.0,
        "Other Operating Expenses": 1821000.0,
        "Selling General And Administration": 157564000.0,
        "Selling And Marketing Expense": 105545000.0,
        "General And Administrative Expense": 52019000.0,
        "Other Gand A": 42109000.0,
        "Rent And Landing Fees": 9910000.0,
        "Gross Profit": 279972000.0,
        "Cost Of Revenue": 144872000.0,
        "Total Revenue": 424844000.0,
        "Operating Revenue": 424844000.0
    }
}