{
    "2023-03-31": {
        "Tax Effect Of Unusual Items": NaN,
        "Tax Rate For Calcs": NaN,
        "Normalized EBITDA": NaN,
        "Total Unusual Items": NaN,
        "Total Unusual Items Excluding Goodwill": NaN,
        "Net Income From Continuing Operation Net Minority Interest": NaN,
        "Reconciled Depreciation": NaN,
        "Reconciled Cost Of Revenue": NaN,
        "EBITDA": NaN,
        "EBIT": NaN,
        "Net Interest Income": NaN,
        "Interest Expense": NaN,
        "Normalized Income": NaN,
        "Net Income From Continuing And Discontinued Operation": NaN,
        "Total Expenses": NaN,
        "Total Operating Income As Reported": NaN,
        "Diluted Average Shares": NaN,
        "Basic Average Shares": NaN,
        "Diluted EPS": NaN,
        "Basic EPS": NaN,
        "Diluted NI Availto Com Stockholders": NaN,
        "Net Income Common Stockholders": NaN,
        "Net Income": NaN,
        "Net Income Including Noncontrolling Interests": NaN,
        "Net Income Continuous Operations": NaN,
        "Tax Provision": NaN,
        "Pretax Income": NaN,
        "Other Income Expense": NaN,
        "Other Non Operating Income Expenses": NaN,
        "Special Income Charges": NaN,
        "Gain On Sale Of Ppe": 0.0,
        "Net Non Operating Interest Income Expense": NaN,
        "Interest Expense Non Operating": NaN,
        "Operating Income": NaN,
        "Operating Expense": NaN,
        "Depreciation Amortization Depletion Income Statement": NaN,
        "Depreciation And Amortization In Income Statement": NaN,
        "Amortization": NaN,
        "Amortization Of Intangibles Income Statement": NaN,
        "Research And Development": NaN,
        "Selling General And Administration": NaN,
        "Gross Profit": NaN,
        "Cost Of Revenue": NaN,
        "Total Revenue": NaN,
        "Operating Revenue": NaN
    },
    "2022-12-31": {
        "Tax Effect Of Unusual Items": NaN,
        "Tax Rate For Calcs": NaN,
        "Normalized EBITDA": NaN,
        "Total Unusual Items": NaN,
        "Total Unusual Items Excluding Goodwill": NaN,
        "Net Income From Continuing Operation Net Minority Interest": NaN,
        "Reconciled Depreciation": NaN,
        "Reconciled Cost Of Revenue": NaN,
        "EBITDA": NaN,
        "EBIT": NaN,
        "Net Interest Income": NaN,
        "Interest Expense": NaN,
        "Normalized Income": NaN,
        "Net Income From Continuing And Discontinued Operation": NaN,
        "Total Expenses": NaN,
        "Total Operating Income As Reported": NaN,
        "Diluted Average Shares": NaN,
        "Basic Average Shares": NaN,
        "Diluted EPS": NaN,
        "Basic EPS": NaN,
        "Diluted NI Availto Com Stockholders": NaN,
        "Net Income Common Stockholders": NaN,
        "Net Income": NaN,
        "Net Income Including Noncontrolling Interests": NaN,
        "Net Income Continuous Operations": NaN,
        "Tax Provision": NaN,
        "Pretax Income": NaN,
        "Other Income Expense": NaN,
        "Other Non Operating Income Expenses": NaN,
        "Special Income Charges": NaN,
        "Gain On Sale Of Ppe": NaN,
        "Gain On Sale Of Business": 1941000.0,
        "Net Non Operating Interest Income Expense": NaN,
        "Interest Expense Non Operating": NaN,
        "Operating Income": NaN,
        "Operating Expense": NaN,
        "Depreciation Amortization Depletion Income Statement": NaN,
        "Depreciation And Amortization In Income Statement": NaN,
        "Amortization": NaN,
        "Amortization Of Intangibles Income Statement": NaN,
        "Research And Development": NaN,
        "Selling General And Administration": NaN,
        "Gross Profit": NaN,
        "Cost Of Revenue": NaN,
        "Total Revenue": NaN,
        "Operating Revenue": NaN
    },
    "2022-09-30": {
        "Tax Effect Of Unusual Items": 0.0,
        "Tax Rate For Calcs": 0.198135,
        "Normalized EBITDA": 134598000.0,
        "Total Unusual Items": 0.0,
        "Total Unusual Items Excluding Goodwill": 0.0,
        "Net Income From Continuing Operation Net Minority Interest": 90699000.0,
        "Reconciled Depreciation": 442000.0,
        "Reconciled Cost Of Revenue": 82486000.0,
        "EBITDA": 134598000.0,
        "EBIT": 134156000.0,
        "Net Interest Income": -20840000.0,
        "Interest Expense": 20840000.0,
        "Normalized Income": 90699000.0,
        "Net Income From Continuing And Discontinued Operation": 90699000.0,
        "Total Expenses": 214592000.0,
        "Total Operating Income As Reported": 134156000.0,
        "Diluted Average Shares": 25573000.0,
        "Basic Average Shares": 25221000.0,
        "Diluted EPS": 3.55,
        "Basic EPS": 3.6,
        "Diluted NI Availto Com Stockholders": 90699000.0,
        "Net Income Common Stockholders": 90699000.0,
        "Net Income": 90699000.0,
        "Net Income Including Noncontrolling Interests": 90699000.0,
        "Net Income Continuous Operations": 90699000.0,
        "Tax Provision": 22411000.0,
        "Pretax Income": 113110000.0,
        "Other Income Expense": -21046000.0,
        "Other Non Operating Income Expenses": -21046000.0,
        "Special Income Charges": 0.0,
        "Gain On Sale Of Ppe": NaN,
        "Gain On Sale Of Business": 0.0,
        "Restructuring And Mergern Acquisition": 0.0,
        "Net Non Operating Interest Income Expense": -20840000.0,
        "Interest Expense Non Operating": 20840000.0,
        "Operating Income": 134156000.0,
        "Operating Expense": 132106000.0,
        "Depreciation Amortization Depletion Income Statement": 442000.0,
        "Depreciation And Amortization In Income Statement": 442000.0,
        "Amortization": 442000.0,
        "Amortization Of Intangibles Income Statement": 442000.0,
        "Research And Development": 35511000.0,
        "Selling General And Administration": 96153000.0,
        "Gross Profit": 266262000.0,
        "Cost Of Revenue": 82486000.0,
        "Total Revenue": 348748000.0,
        "Operating Revenue": 348748000.0
    },
    "2022-06-30": {
        "Tax Effect Of Unusual Items": 0.0,
        "Tax Rate For Calcs": 0.227,
        "Normalized EBITDA": 144778000.0,
        "Total Unusual Items": 0.0,
        "Total Unusual Items Excluding Goodwill": 0.0,
        "Net Income From Continuing Operation Net Minority Interest": 93500000.0,
        "Reconciled Depreciation": 5163000.0,
        "Reconciled Cost Of Revenue": 74060000.0,
        "EBITDA": 144778000.0,
        "EBIT": 139615000.0,
        "Net Interest Income": -18721000.0,
        "Interest Expense": 18721000.0,
        "Normalized Income": 93500000.0,
        "Net Income From Continuing And Discontinued Operation": 93500000.0,
        "Total Expenses": 208351000.0,
        "Total Operating Income As Reported": 140615000.0,
        "Diluted Average Shares": 25867000.0,
        "Basic Average Shares": 25634000.0,
        "Diluted EPS": 3.61,
        "Basic EPS": 3.65,
        "Diluted NI Availto Com Stockholders": 93500000.0,
        "Net Income Common Stockholders": 93500000.0,
        "Net Income": 93500000.0,
        "Net Income Including Noncontrolling Interests": 93500000.0,
        "Net Income Continuous Operations": 93500000.0,
        "Tax Provision": 27394000.0,
        "Pretax Income": 120894000.0,
        "Other Income Expense": -1000000.0,
        "Other Non Operating Income Expenses": -1000000.0,
        "Special Income Charges": 0.0,
        "Gain On Sale Of Ppe": 0.0,
        "Gain On Sale Of Business": NaN,
        "Restructuring And Mergern Acquisition": NaN,
        "Net Non Operating Interest Income Expense": -18721000.0,
        "Interest Expense Non Operating": 18721000.0,
        "Operating Income": 140615000.0,
        "Operating Expense": 129660000.0,
        "Depreciation Amortization Depletion Income Statement": 532000.0,
        "Depreciation And Amortization In Income Statement": 532000.0,
        "Amortization": 532000.0,
        "Amortization Of Intangibles Income Statement": 532000.0,
        "Research And Development": 35880000.0,
        "Selling General And Administration": 93248000.0,
        "Gross Profit": 270275000.0,
        "Cost Of Revenue": 78691000.0,
        "Total Revenue": 348966000.0,
        "Operating Revenue": 348966000.0
    },
    "2023-06-30": {
        "Tax Effect Of Unusual Items": NaN,
        "Tax Rate For Calcs": NaN,
        "Normalized EBITDA": NaN,
        "Total Unusual Items": NaN,
        "Total Unusual Items Excluding Goodwill": NaN,
        "Net Income From Continuing Operation Net Minority Interest": NaN,
        "Reconciled Depreciation": NaN,
        "Reconciled Cost Of Revenue": NaN,
        "EBITDA": NaN,
        "EBIT": NaN,
        "Net Interest Income": NaN,
        "Interest Expense": NaN,
        "Normalized Income": NaN,
        "Net Income From Continuing And Discontinued Operation": NaN,
        "Total Expenses": NaN,
        "Total Operating Income As Reported": NaN,
        "Diluted Average Shares": NaN,
        "Basic Average Shares": NaN,
        "Diluted EPS": NaN,
        "Basic EPS": NaN,
        "Diluted NI Availto Com Stockholders": NaN,
        "Net Income Common Stockholders": NaN,
        "Net Income": NaN,
        "Net Income Including Noncontrolling Interests": NaN,
        "Net Income Continuous Operations": NaN,
        "Tax Provision": NaN,
        "Pretax Income": NaN,
        "Other Income Expense": NaN,
        "Other Non Operating Income Expenses": NaN,
        "Special Income Charges": NaN,
        "Gain On Sale Of Ppe": 0.0,
        "Net Non Operating Interest Income Expense": NaN,
        "Interest Expense Non Operating": NaN,
        "Operating Income": NaN,
        "Operating Expense": NaN,
        "Depreciation Amortization Depletion Income Statement": NaN,
        "Depreciation And Amortization In Income Statement": NaN,
        "Amortization": NaN,
        "Amortization Of Intangibles Income Statement": NaN,
        "Research And Development": NaN,
        "Selling General And Administration": NaN,
        "Gross Profit": NaN,
        "Cost Of Revenue": NaN,
        "Total Revenue": NaN,
        "Operating Revenue": NaN
    },
    "2022-03-31": {
        "Diluted EPS": 3.95,
        "Total Revenue": 357,
        "Gross Profit": 285,
        "Operating Income": 152,
        "EBIT": 157,
        "Net Income": 104
    },
    "2021-12-31": {
        "Diluted EPS": 3.09,
        "Total Revenue": 322,
        "Gross Profit": 253,
        "Operating Income": 116,
        "EBIT": 121,
        "Net Income": 85
    },
    "2021-09-30": {
        "Diluted EPS": 2.99,
        "Total Revenue": 335,
        "Gross Profit": 262,
        "Operating Income": 115,
        "EBIT": 121,
        "Net Income": 86
    },
    "2021-06-30": {
        "Diluted EPS": 5.18,
        "Total Revenue": 338,
        "Gross Profit": 256,
        "Operating Income": 194,
        "EBIT": 201,
        "Net Income": 151
    },
    "2021-03-31": {
        "Diluted EPS": 2.33,
        "Total Revenue": 331,
        "Gross Profit": 243,
        "Operating Income": 101,
        "EBIT": 108,
        "Net Income": 69
    },
    "2020-12-31": {
        "Diluted EPS": 2.9,
        "Total Revenue": 312,
        "Gross Profit": 223,
        "Operating Income": 95,
        "EBIT": 102,
        "Net Income": 86
    },
    "2020-09-30": {
        "Diluted EPS": 1.99,
        "Total Revenue": 374,
        "Gross Profit": 281,
        "Operating Income": 85,
        "EBIT": 92,
        "Net Income": 59
    },
    "2020-06-30": {
        "Diluted EPS": 2.15,
        "Total Revenue": 314,
        "Gross Profit": 225,
        "Operating Income": 83,
        "EBIT": 91,
        "Net Income": 64
    },
    "2020-03-31": {
        "Diluted EPS": 1.94,
        "Total Revenue": 308,
        "Gross Profit": 220,
        "Operating Income": 76,
        "EBIT": 83,
        "Net Income": 58
    },
    "2019-12-31": {
        "Diluted EPS": 1.82,
        "Total Revenue": 299,
        "Gross Profit": 208,
        "Operating Income": 52,
        "EBIT": 60,
        "Net Income": 55
    },
    "2019-09-30": {
        "Diluted EPS": 1.8,
        "Total Revenue": 305,
        "Gross Profit": 217,
        "Operating Income": 70,
        "EBIT": 78,
        "Net Income": 55
    },
    "2019-06-30": {
        "Diluted EPS": 2.12,
        "Total Revenue": 314,
        "Gross Profit": 227,
        "Operating Income": 86,
        "EBIT": 94,
        "Net Income": 64
    },
    "2019-03-31": {
        "Diluted EPS": 1.1,
        "Total Revenue": 278,
        "Gross Profit": 193,
        "Operating Income": 49,
        "EBIT": 56,
        "Net Income": 33
    },
    "2018-12-31": {
        "Diluted EPS": 1.32,
        "Total Revenue": 262,
        "Gross Profit": 186,
        "Operating Income": 49,
        "EBIT": 57,
        "Net Income": 40
    },
    "2018-09-30": {
        "Diluted EPS": 1.07,
        "Total Revenue": 257,
        "Gross Profit": 177,
        "Operating Income": 48,
        "EBIT": 55,
        "Net Income": 33
    },
    "2018-06-30": {
        "Diluted EPS": 0.95,
        "Total Revenue": 255,
        "Gross Profit": 176,
        "Operating Income": 45,
        "EBIT": 52,
        "Net Income": 30
    },
    "2018-03-31": {
        "Diluted EPS": 1.0,
        "Total Revenue": 256,
        "Gross Profit": 177,
        "Operating Income": 46,
        "EBIT": 54,
        "Net Income": 31
    },
    "2017-12-31": {
        "Diluted EPS": 1.04,
        "Total Revenue": 232,
        "Gross Profit": 158,
        "Operating Income": 37,
        "EBIT": 45,
        "Net Income": 33
    },
    "2017-09-30": {
        "Diluted EPS": 1.42,
        "Total Revenue": 256,
        "Gross Profit": 180,
        "Operating Income": 66,
        "EBIT": 75,
        "Net Income": 45
    },
    "2017-06-30": {
        "Diluted EPS": 0.78,
        "Total Revenue": 231,
        "Gross Profit": 161,
        "Operating Income": 41,
        "EBIT": 51,
        "Net Income": 25
    },
    "2017-03-31": {
        "Diluted EPS": 0.78,
        "Total Revenue": 228,
        "Gross Profit": 156,
        "Operating Income": 40,
        "EBIT": 49,
        "Net Income": 25
    },
    "2016-12-31": {
        "Diluted EPS": 1.16,
        "Total Revenue": 220,
        "Gross Profit": 150,
        "Operating Income": 35,
        "EBIT": 44,
        "Net Income": 38
    },
    "2016-09-30": {
        "Diluted EPS": 1.0,
        "Total Revenue": 236,
        "Gross Profit": 162,
        "Operating Income": 45,
        "EBIT": 53,
        "Net Income": 32
    },
    "2016-06-30": {
        "Diluted EPS": 1.08,
        "Total Revenue": 239,
        "Gross Profit": 172,
        "Operating Income": 55,
        "EBIT": 63,
        "Net Income": 35
    },
    "2016-03-31": {
        "Diluted EPS": 0.72,
        "Total Revenue": 207,
        "Gross Profit": 144,
        "Operating Income": 39,
        "EBIT": 46,
        "Net Income": 23
    },
    "2015-12-31": {
        "Diluted EPS": 0.59,
        "Total Revenue": 200,
        "Gross Profit": 138,
        "Operating Income": 31,
        "EBIT": 38,
        "Net Income": 19
    },
    "2015-09-30": {
        "Diluted EPS": 1.02,
        "Total Revenue": 233,
        "Gross Profit": 166,
        "Operating Income": 41,
        "EBIT": 49,
        "Net Income": 33
    },
    "2015-06-30": {
        "Diluted EPS": 0.62,
        "Total Revenue": 209,
        "Gross Profit": 143,
        "Operating Income": 37,
        "EBIT": 46,
        "Net Income": 20
    },
    "2015-03-31": {
        "Diluted EPS": 0.58,
        "Total Revenue": 207,
        "Gross Profit": 136,
        "Operating Income": 34,
        "EBIT": 43,
        "Net Income": 19
    },
    "2014-12-31": {
        "Diluted EPS": 0.43,
        "Total Revenue": 190,
        "Gross Profit": 123,
        "Operating Income": 25,
        "EBIT": 33,
        "Net Income": 14
    },
    "2014-09-30": {
        "Diluted EPS": 1.08,
        "Total Revenue": 222,
        "Gross Profit": 151,
        "Operating Income": 51,
        "EBIT": 60,
        "Net Income": 37
    },
    "2014-06-30": {
        "Diluted EPS": 0.58,
        "Total Revenue": 198,
        "Gross Profit": 135,
        "Operating Income": 36,
        "EBIT": 45,
        "Net Income": 21
    },
    "2014-03-31": {
        "Diluted EPS": 0.59,
        "Total Revenue": 185,
        "Gross Profit": 127,
        "Operating Income": 39,
        "EBIT": 47,
        "Net Income": 21
    },
    "2013-12-31": {
        "Diluted EPS": 0.47,
        "Total Revenue": 184,
        "Gross Profit": 127,
        "Operating Income": 35,
        "EBIT": 43,
        "Net Income": 17
    },
    "2013-09-30": {
        "Diluted EPS": 0.78,
        "Total Revenue": 190,
        "Gross Profit": 134,
        "Operating Income": 50,
        "EBIT": 58,
        "Net Income": 29
    },
    "2013-06-30": {
        "Diluted EPS": 0.54,
        "Total Revenue": 184,
        "Gross Profit": 126,
        "Operating Income": 35,
        "EBIT": 44,
        "Net Income": 20
    },
    "2013-03-31": {
        "Diluted EPS": 0.51,
        "Total Revenue": 179,
        "Gross Profit": 120,
        "Operating Income": 33,
        "EBIT": 42,
        "Net Income": 18
    },
    "2012-12-31": {
        "Diluted EPS": 0.65,
        "Total Revenue": 190,
        "Gross Profit": 134,
        "Operating Income": 43,
        "EBIT": 51,
        "Net Income": 23
    },
    "2012-09-30": {
        "Diluted EPS": 0.6,
        "Total Revenue": 186,
        "Gross Profit": 131,
        "Operating Income": 41,
        "EBIT": 48,
        "Net Income": 21
    },
    "2012-06-30": {
        "Diluted EPS": 0.59,
        "Total Revenue": 160,
        "Gross Profit": 113,
        "Operating Income": 37,
        "EBIT": 42,
        "Net Income": 21
    },
    "2012-03-31": {
        "Diluted EPS": 0.55,
        "Total Revenue": 160,
        "Gross Profit": 111,
        "Operating Income": 38,
        "EBIT": 43,
        "Net Income": 20
    },
    "2011-12-31": {
        "Diluted EPS": 0.81,
        "Total Revenue": 170,
        "Gross Profit": 124,
        "Operating Income": 52,
        "EBIT": 58,
        "Net Income": 30
    },
    "2011-09-30": {
        "Diluted EPS": 0.62,
        "Total Revenue": 160,
        "Gross Profit": 111,
        "Operating Income": 41,
        "EBIT": 47,
        "Net Income": 25
    },
    "2011-06-30": {
        "Diluted EPS": 0.58,
        "Total Revenue": 151,
        "Gross Profit": 107,
        "Operating Income": 37,
        "EBIT": 43,
        "Net Income": 23
    },
    "2011-03-31": {
        "Diluted EPS": 0.19,
        "Total Revenue": 153,
        "Gross Profit": 104,
        "Operating Income": 19,
        "EBIT": 26,
        "Net Income": 8
    },
    "2010-12-31": {
        "Diluted EPS": 0.4,
        "Total Revenue": 156,
        "Gross Profit": 110,
        "Operating Income": 30,
        "EBIT": 36,
        "Net Income": 16
    },
    "2010-09-30": {
        "Diluted EPS": 0.37,
        "Total Revenue": 155,
        "Gross Profit": 107,
        "Operating Income": 28,
        "EBIT": 35,
        "Net Income": 16
    },
    "2010-06-30": {
        "Diluted EPS": 0.4,
        "Total Revenue": 155,
        "Gross Profit": 110,
        "Operating Income": 31,
        "EBIT": 39,
        "Net Income": 18
    },
    "2010-03-31": {
        "Diluted EPS": 0.28,
        "Total Revenue": 144,
        "Gross Profit": 99,
        "Operating Income": 23,
        "EBIT": 32,
        "Net Income": 13
    },
    "2009-12-31": {
        "Diluted EPS": 0.37,
        "Total Revenue": 151,
        "Gross Profit": 109,
        "Operating Income": 32,
        "EBIT": 40,
        "Net Income": 18
    },
    "2009-09-30": {
        "Diluted EPS": 0.35,
        "Total Revenue": 152,
        "Gross Profit": 106,
        "Operating Income": 33,
        "EBIT": 43,
        "Net Income": 17
    },
    "2009-06-30": {
        "Diluted EPS": 0.37,
        "Total Revenue": 156,
        "Gross Profit": 108,
        "Operating Income": 33,
        "EBIT": 43,
        "Net Income": 18
    },
    "2009-03-31": {
        "Diluted EPS": 0.36,
        "Total Revenue": 159,
        "Gross Profit": 106,
        "Operating Income": 30,
        "EBIT": 40,
        "Net Income": 18
    },
    "2023-09-30": {
        "Tax Effect Of Unusual Items": NaN,
        "Tax Rate For Calcs": NaN,
        "Normalized EBITDA": NaN,
        "Total Unusual Items": 0.0,
        "Total Unusual Items Excluding Goodwill": 0.0,
        "Net Income From Continuing Operation Net Minority Interest": NaN,
        "Reconciled Depreciation": NaN,
        "Reconciled Cost Of Revenue": NaN,
        "EBITDA": NaN,
        "EBIT": NaN,
        "Net Interest Income": NaN,
        "Interest Expense": NaN,
        "Normalized Income": NaN,
        "Net Income From Continuing And Discontinued Operation": NaN,
        "Total Expenses": NaN,
        "Total Operating Income As Reported": NaN,
        "Diluted Average Shares": 25273000.0,
        "Basic Average Shares": 24826000.0,
        "Diluted EPS": 4.01,
        "Basic EPS": 4.09,
        "Diluted NI Availto Com Stockholders": NaN,
        "Net Income Common Stockholders": NaN,
        "Net Income": NaN,
        "Net Income Including Noncontrolling Interests": NaN,
        "Net Income Continuous Operations": NaN,
        "Tax Provision": NaN,
        "Pretax Income": NaN,
        "Other Income Expense": NaN,
        "Other Non Operating Income Expenses": NaN,
        "Special Income Charges": 0.0,
        "Gain On Sale Of Ppe": NaN,
        "Net Non Operating Interest Income Expense": NaN,
        "Interest Expense Non Operating": NaN,
        "Operating Income": NaN,
        "Operating Expense": NaN,
        "Depreciation Amortization Depletion Income Statement": NaN,
        "Depreciation And Amortization In Income Statement": NaN,
        "Amortization": NaN,
        "Amortization Of Intangibles Income Statement": NaN,
        "Research And Development": NaN,
        "Selling General And Administration": NaN,
        "Gross Profit": NaN,
        "Cost Of Revenue": NaN,
        "Total Revenue": NaN,
        "Operating Revenue": NaN
    },
    "2023-12-31": {
        "Tax Effect Of Unusual Items": NaN,
        "Tax Rate For Calcs": NaN,
        "Normalized EBITDA": NaN,
        "Total Unusual Items": 0.0,
        "Total Unusual Items Excluding Goodwill": 0.0,
        "Net Income From Continuing Operation Net Minority Interest": NaN,
        "Reconciled Depreciation": NaN,
        "Reconciled Cost Of Revenue": NaN,
        "EBITDA": NaN,
        "EBIT": NaN,
        "Net Interest Income": NaN,
        "Interest Expense": NaN,
        "Normalized Income": NaN,
        "Net Income From Continuing And Discontinued Operation": NaN,
        "Total Expenses": NaN,
        "Total Operating Income As Reported": NaN,
        "Diluted Average Shares": NaN,
        "Basic Average Shares": NaN,
        "Diluted EPS": NaN,
        "Basic EPS": NaN,
        "Diluted NI Availto Com Stockholders": NaN,
        "Net Income Common Stockholders": NaN,
        "Net Income": NaN,
        "Net Income Including Noncontrolling Interests": NaN,
        "Net Income Continuous Operations": NaN,
        "Tax Provision": NaN,
        "Pretax Income": NaN,
        "Other Income Expense": NaN,
        "Other Non Operating Income Expenses": NaN,
        "Special Income Charges": 0.0,
        "Gain On Sale Of Ppe": 0.0,
        "Net Non Operating Interest Income Expense": NaN,
        "Interest Expense Non Operating": NaN,
        "Operating Income": NaN,
        "Operating Expense": NaN,
        "Depreciation Amortization Depletion Income Statement": NaN,
        "Depreciation And Amortization In Income Statement": NaN,
        "Amortization": NaN,
        "Amortization Of Intangibles Income Statement": NaN,
        "Research And Development": NaN,
        "Selling General And Administration": NaN,
        "Gross Profit": NaN,
        "Cost Of Revenue": NaN,
        "Total Revenue": NaN,
        "Operating Revenue": NaN
    },
    "2024-03-31": {
        "Tax Effect Of Unusual Items": NaN,
        "Tax Rate For Calcs": NaN,
        "Normalized EBITDA": NaN,
        "Total Unusual Items": 0.0,
        "Total Unusual Items Excluding Goodwill": 0.0,
        "Net Income From Continuing Operation Net Minority Interest": NaN,
        "Reconciled Depreciation": NaN,
        "Reconciled Cost Of Revenue": NaN,
        "EBITDA": NaN,
        "EBIT": NaN,
        "Net Interest Income": NaN,
        "Interest Expense": NaN,
        "Normalized Income": NaN,
        "Net Income From Continuing And Discontinued Operation": NaN,
        "Total Expenses": NaN,
        "Total Operating Income As Reported": NaN,
        "Diluted Average Shares": NaN,
        "Basic Average Shares": NaN,
        "Diluted EPS": NaN,
        "Basic EPS": NaN,
        "Diluted NI Availto Com Stockholders": NaN,
        "Net Income Common Stockholders": NaN,
        "Net Income": NaN,
        "Net Income Including Noncontrolling Interests": NaN,
        "Net Income Continuous Operations": NaN,
        "Tax Provision": NaN,
        "Pretax Income": NaN,
        "Other Income Expense": NaN,
        "Other Non Operating Income Expenses": NaN,
        "Special Income Charges": 0.0,
        "Gain On Sale Of Ppe": 0.0,
        "Net Non Operating Interest Income Expense": NaN,
        "Interest Expense Non Operating": NaN,
        "Operating Income": NaN,
        "Operating Expense": NaN,
        "Depreciation Amortization Depletion Income Statement": NaN,
        "Depreciation And Amortization In Income Statement": NaN,
        "Amortization": NaN,
        "Amortization Of Intangibles Income Statement": NaN,
        "Research And Development": NaN,
        "Selling General And Administration": NaN,
        "Gross Profit": NaN,
        "Cost Of Revenue": NaN,
        "Total Revenue": NaN,
        "Operating Revenue": NaN
    },
    "2024-06-30": {
        "Tax Effect Of Unusual Items": NaN,
        "Tax Rate For Calcs": NaN,
        "Normalized EBITDA": NaN,
        "Total Unusual Items": 0.0,
        "Total Unusual Items Excluding Goodwill": 0.0,
        "Net Income From Continuing Operation Net Minority Interest": NaN,
        "Reconciled Depreciation": NaN,
        "Reconciled Cost Of Revenue": NaN,
        "EBITDA": NaN,
        "EBIT": NaN,
        "Net Interest Income": NaN,
        "Interest Expense": NaN,
        "Normalized Income": NaN,
        "Net Income From Continuing And Discontinued Operation": NaN,
        "Total Expenses": NaN,
        "Total Operating Income As Reported": NaN,
        "Diluted Average Shares": NaN,
        "Basic Average Shares": NaN,
        "Diluted EPS": NaN,
        "Basic EPS": NaN,
        "Diluted NI Availto Com Stockholders": NaN,
        "Net Income Common Stockholders": NaN,
        "Net Income": NaN,
        "Net Income Including Noncontrolling Interests": NaN,
        "Net Income Continuous Operations": NaN,
        "Tax Provision": NaN,
        "Pretax Income": NaN,
        "Other Income Expense": NaN,
        "Other Non Operating Income Expenses": NaN,
        "Special Income Charges": 0.0,
        "Gain On Sale Of Ppe": 0.0,
        "Net Non Operating Interest Income Expense": NaN,
        "Interest Expense Non Operating": NaN,
        "Operating Income": NaN,
        "Operating Expense": NaN,
        "Depreciation Amortization Depletion Income Statement": NaN,
        "Depreciation And Amortization In Income Statement": NaN,
        "Amortization": NaN,
        "Amortization Of Intangibles Income Statement": NaN,
        "Research And Development": NaN,
        "Selling General And Administration": NaN,
        "Gross Profit": NaN,
        "Cost Of Revenue": NaN,
        "Total Revenue": NaN,
        "Operating Revenue": NaN
    },
    "2024-09-30": {
        "Tax Effect Of Unusual Items": NaN,
        "Tax Rate For Calcs": NaN,
        "Normalized EBITDA": NaN,
        "Total Unusual Items": 0.0,
        "Total Unusual Items Excluding Goodwill": 0.0,
        "Net Income From Continuing Operation Net Minority Interest": NaN,
        "Reconciled Depreciation": NaN,
        "Reconciled Cost Of Revenue": NaN,
        "EBITDA": NaN,
        "EBIT": NaN,
        "Net Interest Income": NaN,
        "Interest Expense": NaN,
        "Normalized Income": NaN,
        "Net Income From Continuing And Discontinued Operation": NaN,
        "Total Expenses": NaN,
        "Total Operating Income As Reported": NaN,
        "Diluted Average Shares": NaN,
        "Basic Average Shares": NaN,
        "Diluted EPS": NaN,
        "Basic EPS": NaN,
        "Diluted NI Availto Com Stockholders": NaN,
        "Net Income Common Stockholders": NaN,
        "Net Income": NaN,
        "Net Income Including Noncontrolling Interests": NaN,
        "Net Income Continuous Operations": NaN,
        "Tax Provision": NaN,
        "Pretax Income": NaN,
        "Other Income Expense": NaN,
        "Other Non Operating Income Expenses": NaN,
        "Special Income Charges": 0.0,
        "Gain On Sale Of Ppe": NaN,
        "Net Non Operating Interest Income Expense": NaN,
        "Interest Expense Non Operating": NaN,
        "Operating Income": NaN,
        "Operating Expense": NaN,
        "Depreciation Amortization Depletion Income Statement": 92000.0,
        "Depreciation And Amortization In Income Statement": 92000.0,
        "Amortization": 92000.0,
        "Amortization Of Intangibles Income Statement": 92000.0,
        "Research And Development": NaN,
        "Selling General And Administration": NaN,
        "Gross Profit": NaN,
        "Cost Of Revenue": NaN,
        "Total Revenue": NaN,
        "Operating Revenue": NaN
    },
    "2024-12-31": {
        "Tax Effect Of Unusual Items": 0.0,
        "Tax Rate For Calcs": 0.21,
        "Normalized EBITDA": 183152000.0,
        "Total Unusual Items": NaN,
        "Total Unusual Items Excluding Goodwill": NaN,
        "Net Income From Continuing Operation Net Minority Interest": 152528000.0,
        "Reconciled Depreciation": 3535000.0,
        "Reconciled Cost Of Revenue": 87345000.0,
        "EBITDA": 183152000.0,
        "EBIT": 179617000.0,
        "Net Interest Income": -29488000.0,
        "Interest Expense": 29488000.0,
        "Normalized Income": 152528000.0,
        "Net Income From Continuing And Discontinued Operation": 152528000.0,
        "Total Expenses": 260440000.0,
        "Total Operating Income As Reported": 179528000.0,
        "Diluted Average Shares": 24827000.0,
        "Basic Average Shares": 24378000.0,
        "Diluted EPS": 6.14,
        "Basic EPS": 6.26,
        "Diluted NI Availto Com Stockholders": 152528000.0,
        "Net Income Common Stockholders": 152528000.0,
        "Net Income": 152528000.0,
        "Net Income Including Noncontrolling Interests": 152528000.0,
        "Net Income Continuous Operations": 152528000.0,
        "Tax Provision": -2399000.0,
        "Pretax Income": 150129000.0,
        "Other Income Expense": 89000.0,
        "Other Non Operating Income Expenses": 89000.0,
        "Special Income Charges": NaN,
        "Gain On Sale Of Ppe": NaN,
        "Net Non Operating Interest Income Expense": -29488000.0,
        "Interest Expense Non Operating": 29488000.0,
        "Operating Income": 179528000.0,
        "Operating Expense": 173095000.0,
        "Depreciation Amortization Depletion Income Statement": 0.0,
        "Depreciation And Amortization In Income Statement": 0.0,
        "Amortization": 0.0,
        "Amortization Of Intangibles Income Statement": 0.0,
        "Research And Development": 45145000.0,
        "Selling General And Administration": 127950000.0,
        "Gross Profit": 352623000.0,
        "Cost Of Revenue": 87345000.0,
        "Total Revenue": 439968000.0,
        "Operating Revenue": 439968000.0
    },
    "2025-03-31": {
        "Tax Effect Of Unusual Items": 0.0,
        "Tax Rate For Calcs": 0.237,
        "Normalized EBITDA": 247809000.0,
        "Total Unusual Items": NaN,
        "Total Unusual Items Excluding Goodwill": NaN,
        "Net Income From Continuing Operation Net Minority Interest": 162615000.0,
        "Reconciled Depreciation": 3415000.0,
        "Reconciled Cost Of Revenue": 84215000.0,
        "EBITDA": 247809000.0,
        "EBIT": 244394000.0,
        "Net Interest Income": -31378000.0,
        "Interest Expense": 31378000.0,
        "Normalized Income": 162615000.0,
        "Net Income From Continuing And Discontinued Operation": 162615000.0,
        "Total Expenses": 253087000.0,
        "Total Operating Income As Reported": 245648000.0,
        "Diluted Average Shares": 24685000.0,
        "Basic Average Shares": 24389000.0,
        "Diluted EPS": 6.59,
        "Basic EPS": 6.67,
        "Diluted NI Availto Com Stockholders": 162615000.0,
        "Net Income Common Stockholders": 162615000.0,
        "Net Income": 162615000.0,
        "Net Income Including Noncontrolling Interests": 162615000.0,
        "Net Income Continuous Operations": 162615000.0,
        "Tax Provision": 50401000.0,
        "Pretax Income": 213016000.0,
        "Other Income Expense": -1254000.0,
        "Other Non Operating Income Expenses": -1254000.0,
        "Special Income Charges": NaN,
        "Gain On Sale Of Ppe": NaN,
        "Net Non Operating Interest Income Expense": -31378000.0,
        "Interest Expense Non Operating": 31378000.0,
        "Operating Income": 245648000.0,
        "Operating Expense": 165457000.0,
        "Depreciation Amortization Depletion Income Statement": 0.0,
        "Depreciation And Amortization In Income Statement": 0.0,
        "Amortization": 0.0,
        "Amortization Of Intangibles Income Statement": 0.0,
        "Research And Development": 45037000.0,
        "Selling General And Administration": 120420000.0,
        "Gross Profit": 411105000.0,
        "Cost Of Revenue": 87630000.0,
        "Total Revenue": 498735000.0,
        "Operating Revenue": 498735000.0
    },
    "2025-06-30": {
        "Tax Effect Of Unusual Items": 0.0,
        "Tax Rate For Calcs": 0.233,
        "Normalized EBITDA": 273871000.0,
        "Total Unusual Items": NaN,
        "Total Unusual Items Excluding Goodwill": NaN,
        "Net Income From Continuing Operation Net Minority Interest": 181789000.0,
        "Reconciled Depreciation": 3981000.0,
        "Reconciled Cost Of Revenue": 83590000.0,
        "EBITDA": 273871000.0,
        "EBIT": 269890000.0,
        "Net Interest Income": -32899000.0,
        "Interest Expense": 32899000.0,
        "Normalized Income": 181789000.0,
        "Net Income From Continuing And Discontinued Operation": 181789000.0,
        "Total Expenses": 273897000.0,
        "Total Operating Income As Reported": 262518000.0,
        "Diluted Average Shares": 24575000.0,
        "Basic Average Shares": 24284000.0,
        "Diluted EPS": 7.4,
        "Basic EPS": 7.49,
        "Diluted NI Availto Com Stockholders": 181789000.0,
        "Net Income Common Stockholders": 181789000.0,
        "Net Income": 181789000.0,
        "Net Income Including Noncontrolling Interests": 181789000.0,
        "Net Income Continuous Operations": 181789000.0,
        "Tax Provision": 55202000.0,
        "Pretax Income": 236991000.0,
        "Other Income Expense": 7372000.0,
        "Other Non Operating Income Expenses": 7372000.0,
        "Special Income Charges": NaN,
        "Gain On Sale Of Ppe": NaN,
        "Net Non Operating Interest Income Expense": -32899000.0,
        "Interest Expense Non Operating": 32899000.0,
        "Operating Income": 262518000.0,
        "Operating Expense": 186326000.0,
        "Depreciation Amortization Depletion Income Statement": 0.0,
        "Depreciation And Amortization In Income Statement": 0.0,
        "Amortization": 0.0,
        "Amortization Of Intangibles Income Statement": 0.0,
        "Research And Development": 47212000.0,
        "Selling General And Administration": 139114000.0,
        "Gross Profit": 448844000.0,
        "Cost Of Revenue": 87571000.0,
        "Total Revenue": 536415000.0,
        "Operating Revenue": 536415000.0
    },
    "2025-09-30": {
        "Tax Effect Of Unusual Items": 0.0,
        "Tax Rate For Calcs": 0.234344,
        "Normalized EBITDA": 246362000.0,
        "Total Unusual Items": NaN,
        "Total Unusual Items Excluding Goodwill": NaN,
        "Net Income From Continuing Operation Net Minority Interest": 155014000.0,
        "Reconciled Depreciation": 4021000.0,
        "Reconciled Cost Of Revenue": 87155000.0,
        "EBITDA": 246362000.0,
        "EBIT": 242341000.0,
        "Net Interest Income": -39882000.0,
        "Interest Expense": 39882000.0,
        "Normalized Income": 155014000.0,
        "Net Income From Continuing And Discontinued Operation": 155014000.0,
        "Total Expenses": 267673000.0,
        "Total Operating Income As Reported": 237156000.0,
        "Diluted Average Shares": 24160000.0,
        "Basic Average Shares": 23909000.0,
        "Diluted EPS": 6.42,
        "Basic EPS": 6.48,
        "Diluted NI Availto Com Stockholders": 155014000.0,
        "Net Income Common Stockholders": 155014000.0,
        "Net Income": 155014000.0,
        "Net Income Including Noncontrolling Interests": 155014000.0,
        "Net Income Continuous Operations": 155014000.0,
        "Tax Provision": 47445000.0,
        "Pretax Income": 202459000.0,
        "Other Income Expense": -5737000.0,
        "Other Non Operating Income Expenses": 5185000.0,
        "Special Income Charges": NaN,
        "Gain On Sale Of Ppe": NaN,
        "Net Non Operating Interest Income Expense": -39882000.0,
        "Interest Expense Non Operating": 39882000.0,
        "Operating Income": 248078000.0,
        "Operating Expense": 176497000.0,
        "Depreciation Amortization Depletion Income Statement": 0.0,
        "Depreciation And Amortization In Income Statement": 0.0,
        "Amortization": 0.0,
        "Amortization Of Intangibles Income Statement": 0.0,
        "Research And Development": 50953000.0,
        "Selling General And Administration": 125544000.0,
        "Gross Profit": 424575000.0,
        "Cost Of Revenue": 91176000.0,
        "Total Revenue": 515751000.0,
        "Operating Revenue": 515751000.0
    },
    "2025-12-31": {
        "Tax Effect Of Unusual Items": 0.0,
        "Tax Rate For Calcs": 0.175,
        "Normalized EBITDA": 237954000.0,
        "Total Unusual Items": NaN,
        "Total Unusual Items Excluding Goodwill": NaN,
        "Net Income From Continuing Operation Net Minority Interest": 158373000.0,
        "Reconciled Depreciation": 4017000.0,
        "Reconciled Cost Of Revenue": 87261000.0,
        "EBITDA": 237954000.0,
        "EBIT": 233937000.0,
        "Net Interest Income": -42006000.0,
        "Interest Expense": 42006000.0,
        "Normalized Income": 158373000.0,
        "Net Income From Continuing And Discontinued Operation": 158373000.0,
        "Total Expenses": 277910000.0,
        "Total Operating Income As Reported": 234049000.0,
        "Diluted Average Shares": 23958000.0,
        "Basic Average Shares": 23723000.0,
        "Diluted EPS": 6.61,
        "Basic EPS": 6.68,
        "Diluted NI Availto Com Stockholders": 158373000.0,
        "Net Income Common Stockholders": 158373000.0,
        "Net Income": 158373000.0,
        "Net Income Including Noncontrolling Interests": 158373000.0,
        "Net Income Continuous Operations": 158373000.0,
        "Tax Provision": 33558000.0,
        "Pretax Income": 191931000.0,
        "Other Income Expense": -112000.0,
        "Other Non Operating Income Expenses": -112000.0,
        "Special Income Charges": NaN,
        "Gain On Sale Of Ppe": NaN,
        "Net Non Operating Interest Income Expense": -42006000.0,
        "Interest Expense Non Operating": 42006000.0,
        "Operating Income": 234049000.0,
        "Operating Expense": 190649000.0,
        "Depreciation Amortization Depletion Income Statement": NaN,
        "Depreciation And Amortization In Income Statement": NaN,
        "Amortization": NaN,
        "Amortization Of Intangibles Income Statement": NaN,
        "Research And Development": 49912000.0,
        "Selling General And Administration": 140737000.0,
        "Gross Profit": 424698000.0,
        "Cost Of Revenue": 87261000.0,
        "Total Revenue": 511959000.0,
        "Operating Revenue": 511959000.0
    }
}