{
    "2023-03-31": {
        "Tax Effect Of Unusual Items": NaN,
        "Tax Rate For Calcs": NaN,
        "Normalized EBITDA": NaN,
        "Net Income From Continuing Operation Net Minority Interest": NaN,
        "Reconciled Depreciation": NaN,
        "Reconciled Cost Of Revenue": NaN,
        "EBITDA": NaN,
        "EBIT": NaN,
        "Net Interest Income": NaN,
        "Interest Income": NaN,
        "Normalized Income": NaN,
        "Net Income From Continuing And Discontinued Operation": NaN,
        "Total Expenses": NaN,
        "Total Operating Income As Reported": NaN,
        "Diluted Average Shares": 182853746.0,
        "Basic Average Shares": 166773335.0,
        "Diluted EPS": 0.01,
        "Basic EPS": 0.01,
        "Diluted NI Availto Com Stockholders": NaN,
        "Net Income Common Stockholders": NaN,
        "Net Income": NaN,
        "Net Income Including Noncontrolling Interests": NaN,
        "Net Income Continuous Operations": NaN,
        "Tax Provision": NaN,
        "Pretax Income": NaN,
        "Other Income Expense": -1000.0,
        "Other Non Operating Income Expenses": -1000.0,
        "Net Non Operating Interest Income Expense": NaN,
        "Interest Income Non Operating": NaN,
        "Operating Income": NaN,
        "Operating Expense": NaN,
        "Selling General And Administration": NaN,
        "Selling And Marketing Expense": NaN,
        "General And Administrative Expense": NaN,
        "Other Gand A": NaN,
        "Gross Profit": NaN,
        "Cost Of Revenue": NaN,
        "Total Revenue": NaN,
        "Operating Revenue": NaN
    },
    "2022-12-31": {
        "Tax Effect Of Unusual Items": NaN,
        "Tax Rate For Calcs": NaN,
        "Normalized EBITDA": NaN,
        "Net Income From Continuing Operation Net Minority Interest": NaN,
        "Reconciled Depreciation": NaN,
        "Reconciled Cost Of Revenue": NaN,
        "EBITDA": NaN,
        "EBIT": NaN,
        "Net Interest Income": NaN,
        "Interest Income": NaN,
        "Normalized Income": NaN,
        "Net Income From Continuing And Discontinued Operation": NaN,
        "Total Expenses": NaN,
        "Total Operating Income As Reported": NaN,
        "Diluted Average Shares": 180892774.0,
        "Basic Average Shares": 166181027.0,
        "Diluted EPS": 0.02,
        "Basic EPS": 0.02,
        "Diluted NI Availto Com Stockholders": NaN,
        "Net Income Common Stockholders": NaN,
        "Net Income": NaN,
        "Net Income Including Noncontrolling Interests": NaN,
        "Net Income Continuous Operations": NaN,
        "Tax Provision": NaN,
        "Pretax Income": NaN,
        "Other Income Expense": NaN,
        "Other Non Operating Income Expenses": NaN,
        "Net Non Operating Interest Income Expense": NaN,
        "Interest Income Non Operating": NaN,
        "Operating Income": NaN,
        "Operating Expense": NaN,
        "Selling General And Administration": NaN,
        "Selling And Marketing Expense": NaN,
        "General And Administrative Expense": NaN,
        "Other Gand A": NaN,
        "Gross Profit": NaN,
        "Cost Of Revenue": NaN,
        "Total Revenue": NaN,
        "Operating Revenue": NaN
    },
    "2022-09-30": {
        "Tax Effect Of Unusual Items": NaN,
        "Tax Rate For Calcs": NaN,
        "Normalized EBITDA": NaN,
        "Net Income From Continuing Operation Net Minority Interest": NaN,
        "Reconciled Depreciation": NaN,
        "Reconciled Cost Of Revenue": NaN,
        "EBITDA": NaN,
        "EBIT": NaN,
        "Net Interest Income": NaN,
        "Interest Income": NaN,
        "Normalized Income": NaN,
        "Net Income From Continuing And Discontinued Operation": NaN,
        "Total Expenses": NaN,
        "Total Operating Income As Reported": NaN,
        "Diluted Average Shares": NaN,
        "Basic Average Shares": NaN,
        "Diluted EPS": NaN,
        "Basic EPS": NaN,
        "Diluted NI Availto Com Stockholders": NaN,
        "Net Income Common Stockholders": NaN,
        "Net Income": NaN,
        "Net Income Including Noncontrolling Interests": NaN,
        "Net Income Continuous Operations": NaN,
        "Tax Provision": NaN,
        "Pretax Income": NaN,
        "Other Income Expense": NaN,
        "Other Non Operating Income Expenses": NaN,
        "Net Non Operating Interest Income Expense": NaN,
        "Total Other Finance Cost": -604000.0,
        "Interest Income Non Operating": NaN,
        "Operating Income": NaN,
        "Operating Expense": NaN,
        "Selling General And Administration": NaN,
        "Selling And Marketing Expense": NaN,
        "General And Administrative Expense": NaN,
        "Other Gand A": NaN,
        "Gross Profit": NaN,
        "Cost Of Revenue": NaN,
        "Total Revenue": NaN,
        "Operating Revenue": NaN
    },
    "2022-06-30": {
        "Tax Effect Of Unusual Items": 0.0,
        "Tax Rate For Calcs": 0.4,
        "Normalized EBITDA": 9884000.0,
        "Net Income From Continuing Operation Net Minority Interest": 4852000.0,
        "Reconciled Depreciation": 433000.0,
        "Reconciled Cost Of Revenue": 35899000.0,
        "EBITDA": 9884000.0,
        "EBIT": 9451000.0,
        "Net Interest Income": 70000.0,
        "Interest Income": NaN,
        "Normalized Income": 4852000.0,
        "Net Income From Continuing And Discontinued Operation": 4852000.0,
        "Total Expenses": 112796000.0,
        "Total Operating Income As Reported": 9451000.0,
        "Diluted Average Shares": 188903553.0,
        "Basic Average Shares": 164919979.0,
        "Diluted EPS": 0.03,
        "Basic EPS": 0.03,
        "Diluted NI Availto Com Stockholders": 4852000.0,
        "Net Income Common Stockholders": 4852000.0,
        "Net Income": 4852000.0,
        "Net Income Including Noncontrolling Interests": 4852000.0,
        "Net Income Continuous Operations": 4852000.0,
        "Tax Provision": 4669000.0,
        "Pretax Income": 9521000.0,
        "Other Income Expense": NaN,
        "Other Non Operating Income Expenses": NaN,
        "Net Non Operating Interest Income Expense": 70000.0,
        "Total Other Finance Cost": -70000.0,
        "Interest Income Non Operating": NaN,
        "Operating Income": 9451000.0,
        "Operating Expense": 76897000.0,
        "Selling General And Administration": 76897000.0,
        "Selling And Marketing Expense": 47627000.0,
        "General And Administrative Expense": 29270000.0,
        "Other Gand A": 29270000.0,
        "Gross Profit": 86348000.0,
        "Cost Of Revenue": 35899000.0,
        "Total Revenue": 122247000.0,
        "Operating Revenue": 122247000.0
    },
    "2022-03-31": {
        "Diluted EPS": 0.05,
        "Total Revenue": 110,
        "Gross Profit": 78,
        "Operating Income": 14,
        "EBIT": 14,
        "Net Income": 9
    },
    "2021-12-31": {
        "Diluted EPS": 0.1,
        "Total Revenue": 129,
        "Gross Profit": 90,
        "Operating Income": 16,
        "EBIT": 17,
        "Net Income": 13
    },
    "2021-09-30": {
        "Diluted EPS": 0.03,
        "Total Revenue": 103,
        "Gross Profit": 75,
        "Operating Income": 11,
        "EBIT": 11,
        "Net Income": 7
    },
    "2021-06-30": {
        "Diluted EPS": -0.26,
        "Total Revenue": 101,
        "Gross Profit": 74,
        "Operating Income": -32,
        "EBIT": -32,
        "Net Income": -41
    },
    "2021-03-31": {
        "Diluted EPS": 0.07,
        "Total Revenue": 87,
        "Gross Profit": 62,
        "Operating Income": 16,
        "EBIT": 16,
        "Net Income": 11
    },
    "2020-12-31": {
        "Diluted EPS": 0.06,
        "Total Revenue": 90,
        "Gross Profit": 64,
        "Operating Income": 13,
        "EBIT": 13,
        "Net Income": 12
    },
    "2020-09-30": {
        "Diluted EPS": 0.12,
        "Total Revenue": 77,
        "Gross Profit": 57,
        "Operating Income": 25,
        "EBIT": 25,
        "Net Income": 19
    },
    "2020-06-30": {
        "Diluted EPS": 0.09,
        "Total Revenue": 64,
        "Gross Profit": 45,
        "Operating Income": 17,
        "EBIT": 17,
        "Net Income": 14
    },
    "2020-03-31": {
        "Diluted EPS": 0.03,
        "Total Revenue": 32,
        "Gross Profit": 24,
        "Operating Income": 4,
        "EBIT": 4,
        "Net Income": 4
    },
    "2019-12-31": {
        "Diluted EPS": 0.0,
        "Total Revenue": NaN,
        "Gross Profit": NaN,
        "Operating Income": NaN,
        "EBIT": NaN,
        "Net Income": NaN
    },
    "2023-06-30": {
        "Tax Effect Of Unusual Items": NaN,
        "Tax Rate For Calcs": NaN,
        "Normalized EBITDA": NaN,
        "Net Income From Continuing Operation Net Minority Interest": NaN,
        "Reconciled Depreciation": NaN,
        "Reconciled Cost Of Revenue": NaN,
        "EBITDA": NaN,
        "EBIT": NaN,
        "Net Interest Income": NaN,
        "Interest Income": NaN,
        "Normalized Income": NaN,
        "Net Income From Continuing And Discontinued Operation": NaN,
        "Total Expenses": NaN,
        "Total Operating Income As Reported": NaN,
        "Diluted Average Shares": 183332560.0,
        "Basic Average Shares": 167423656.0,
        "Diluted EPS": 0.02,
        "Basic EPS": 0.03,
        "Diluted NI Availto Com Stockholders": NaN,
        "Net Income Common Stockholders": NaN,
        "Net Income": NaN,
        "Net Income Including Noncontrolling Interests": NaN,
        "Net Income Continuous Operations": NaN,
        "Tax Provision": NaN,
        "Pretax Income": NaN,
        "Other Income Expense": -4000.0,
        "Other Non Operating Income Expenses": -4000.0,
        "Net Non Operating Interest Income Expense": NaN,
        "Interest Income Non Operating": NaN,
        "Operating Income": NaN,
        "Operating Expense": NaN,
        "Selling General And Administration": NaN,
        "Selling And Marketing Expense": NaN,
        "General And Administrative Expense": NaN,
        "Other Gand A": NaN,
        "Gross Profit": NaN,
        "Cost Of Revenue": NaN,
        "Total Revenue": NaN,
        "Operating Revenue": NaN
    },
    "2023-09-30": {
        "Tax Effect Of Unusual Items": NaN,
        "Tax Rate For Calcs": NaN,
        "Normalized EBITDA": NaN,
        "Net Income From Continuing Operation Net Minority Interest": NaN,
        "Reconciled Depreciation": NaN,
        "Reconciled Cost Of Revenue": NaN,
        "EBITDA": NaN,
        "EBIT": NaN,
        "Net Interest Income": NaN,
        "Interest Income": NaN,
        "Normalized Income": NaN,
        "Net Income From Continuing And Discontinued Operation": NaN,
        "Total Expenses": NaN,
        "Total Operating Income As Reported": NaN,
        "Diluted Average Shares": 181429745.0,
        "Basic Average Shares": 168668844.0,
        "Diluted EPS": 0.03,
        "Basic EPS": 0.04,
        "Diluted NI Availto Com Stockholders": NaN,
        "Net Income Common Stockholders": NaN,
        "Net Income": NaN,
        "Net Income Including Noncontrolling Interests": NaN,
        "Net Income Continuous Operations": NaN,
        "Tax Provision": NaN,
        "Pretax Income": NaN,
        "Other Income Expense": -6000.0,
        "Other Non Operating Income Expenses": -6000.0,
        "Net Non Operating Interest Income Expense": NaN,
        "Interest Income Non Operating": NaN,
        "Operating Income": NaN,
        "Operating Expense": NaN,
        "Selling General And Administration": NaN,
        "Selling And Marketing Expense": NaN,
        "General And Administrative Expense": NaN,
        "Other Gand A": NaN,
        "Gross Profit": NaN,
        "Cost Of Revenue": NaN,
        "Total Revenue": NaN,
        "Operating Revenue": NaN
    },
    "2023-12-31": {
        "Tax Effect Of Unusual Items": NaN,
        "Tax Rate For Calcs": NaN,
        "Normalized EBITDA": NaN,
        "Net Income From Continuing Operation Net Minority Interest": NaN,
        "Reconciled Depreciation": NaN,
        "Reconciled Cost Of Revenue": NaN,
        "EBITDA": NaN,
        "EBIT": NaN,
        "Net Interest Income": NaN,
        "Interest Income": NaN,
        "Normalized Income": NaN,
        "Net Income From Continuing And Discontinued Operation": NaN,
        "Total Expenses": NaN,
        "Total Operating Income As Reported": NaN,
        "Diluted Average Shares": NaN,
        "Basic Average Shares": NaN,
        "Diluted EPS": NaN,
        "Basic EPS": NaN,
        "Diluted NI Availto Com Stockholders": NaN,
        "Net Income Common Stockholders": NaN,
        "Net Income": NaN,
        "Net Income Including Noncontrolling Interests": NaN,
        "Net Income Continuous Operations": NaN,
        "Tax Provision": NaN,
        "Pretax Income": NaN,
        "Other Income Expense": -2000.0,
        "Other Non Operating Income Expenses": -2000.0,
        "Net Non Operating Interest Income Expense": NaN,
        "Interest Income Non Operating": NaN,
        "Operating Income": NaN,
        "Operating Expense": NaN,
        "Selling General And Administration": NaN,
        "Selling And Marketing Expense": NaN,
        "General And Administrative Expense": NaN,
        "Other Gand A": NaN,
        "Gross Profit": NaN,
        "Cost Of Revenue": NaN,
        "Total Revenue": NaN,
        "Operating Revenue": NaN
    },
    "2024-03-31": {
        "Tax Effect Of Unusual Items": NaN,
        "Tax Rate For Calcs": NaN,
        "Normalized EBITDA": NaN,
        "Net Income From Continuing Operation Net Minority Interest": NaN,
        "Reconciled Depreciation": NaN,
        "Reconciled Cost Of Revenue": NaN,
        "EBITDA": NaN,
        "EBIT": NaN,
        "Net Interest Income": NaN,
        "Interest Income": NaN,
        "Normalized Income": NaN,
        "Net Income From Continuing And Discontinued Operation": NaN,
        "Total Expenses": NaN,
        "Total Operating Income As Reported": NaN,
        "Diluted Average Shares": NaN,
        "Basic Average Shares": NaN,
        "Diluted EPS": NaN,
        "Basic EPS": NaN,
        "Diluted NI Availto Com Stockholders": NaN,
        "Net Income Common Stockholders": NaN,
        "Net Income": NaN,
        "Net Income Including Noncontrolling Interests": NaN,
        "Net Income Continuous Operations": NaN,
        "Tax Provision": NaN,
        "Pretax Income": NaN,
        "Other Income Expense": -10000.0,
        "Other Non Operating Income Expenses": -10000.0,
        "Net Non Operating Interest Income Expense": NaN,
        "Interest Income Non Operating": NaN,
        "Operating Income": NaN,
        "Operating Expense": NaN,
        "Selling General And Administration": NaN,
        "Selling And Marketing Expense": NaN,
        "General And Administrative Expense": NaN,
        "Other Gand A": NaN,
        "Gross Profit": NaN,
        "Cost Of Revenue": NaN,
        "Total Revenue": NaN,
        "Operating Revenue": NaN
    },
    "2024-06-30": {
        "Tax Effect Of Unusual Items": 0.0,
        "Tax Rate For Calcs": 0.21,
        "Normalized EBITDA": 2666000.0,
        "Net Income From Continuing Operation Net Minority Interest": 1100000.0,
        "Reconciled Depreciation": 1113000.0,
        "Reconciled Cost Of Revenue": 46961000.0,
        "EBITDA": 2666000.0,
        "EBIT": 1553000.0,
        "Net Interest Income": 2830000.0,
        "Interest Income": 2830000.0,
        "Normalized Income": 1100000.0,
        "Net Income From Continuing And Discontinued Operation": 1100000.0,
        "Total Expenses": 142672000.0,
        "Total Operating Income As Reported": 1553000.0,
        "Diluted Average Shares": 179688524.0,
        "Basic Average Shares": 170393480.0,
        "Diluted EPS": 0.01,
        "Basic EPS": 0.01,
        "Diluted NI Availto Com Stockholders": 1100000.0,
        "Net Income Common Stockholders": 1100000.0,
        "Net Income": 1100000.0,
        "Net Income Including Noncontrolling Interests": 1100000.0,
        "Net Income Continuous Operations": 1100000.0,
        "Tax Provision": 3283000.0,
        "Pretax Income": 4383000.0,
        "Other Income Expense": NaN,
        "Other Non Operating Income Expenses": NaN,
        "Net Non Operating Interest Income Expense": 2830000.0,
        "Interest Income Non Operating": 2830000.0,
        "Operating Income": 1553000.0,
        "Operating Expense": 95711000.0,
        "Selling General And Administration": 95711000.0,
        "Selling And Marketing Expense": 59937000.0,
        "General And Administrative Expense": 35774000.0,
        "Other Gand A": 35774000.0,
        "Gross Profit": 97264000.0,
        "Cost Of Revenue": 46961000.0,
        "Total Revenue": 144225000.0,
        "Operating Revenue": 144225000.0
    },
    "2024-09-30": {
        "Tax Effect Of Unusual Items": 0.0,
        "Tax Rate For Calcs": 0.21,
        "Normalized EBITDA": -5744000.0,
        "Net Income From Continuing Operation Net Minority Interest": -1700000.0,
        "Reconciled Depreciation": 2885000.0,
        "Reconciled Cost Of Revenue": 46181000.0,
        "EBITDA": -5744000.0,
        "EBIT": -8629000.0,
        "Net Interest Income": 2926000.0,
        "Interest Income": 2926000.0,
        "Normalized Income": -1700000.0,
        "Net Income From Continuing And Discontinued Operation": -1700000.0,
        "Total Expenses": 148838000.0,
        "Total Operating Income As Reported": -8629000.0,
        "Diluted Average Shares": 170168732.0,
        "Basic Average Shares": 170168732.0,
        "Diluted EPS": -0.01,
        "Basic EPS": -0.01,
        "Diluted NI Availto Com Stockholders": -1700000.0,
        "Net Income Common Stockholders": -1700000.0,
        "Net Income": -1700000.0,
        "Net Income Including Noncontrolling Interests": -1700000.0,
        "Net Income Continuous Operations": -1700000.0,
        "Tax Provision": -4001000.0,
        "Pretax Income": -5701000.0,
        "Other Income Expense": 2000.0,
        "Other Non Operating Income Expenses": 2000.0,
        "Net Non Operating Interest Income Expense": 2926000.0,
        "Interest Income Non Operating": 2926000.0,
        "Operating Income": -8629000.0,
        "Operating Expense": 102657000.0,
        "Selling General And Administration": 102657000.0,
        "Selling And Marketing Expense": 67128000.0,
        "General And Administrative Expense": 35529000.0,
        "Other Gand A": 35529000.0,
        "Gross Profit": 94028000.0,
        "Cost Of Revenue": 46181000.0,
        "Total Revenue": 140209000.0,
        "Operating Revenue": 140209000.0
    },
    "2024-12-31": {
        "Tax Effect Of Unusual Items": 0.0,
        "Tax Rate For Calcs": 0.21,
        "Normalized EBITDA": 10746000.0,
        "Net Income From Continuing Operation Net Minority Interest": 1885000.0,
        "Reconciled Depreciation": 1846000.0,
        "Reconciled Cost Of Revenue": 49636000.0,
        "EBITDA": 10746000.0,
        "EBIT": 8900000.0,
        "Net Interest Income": 2639000.0,
        "Interest Income": 2639000.0,
        "Normalized Income": 1885000.0,
        "Net Income From Continuing And Discontinued Operation": 1885000.0,
        "Total Expenses": 142932000.0,
        "Total Operating Income As Reported": 8900000.0,
        "Diluted Average Shares": 178588552.0,
        "Basic Average Shares": 166343035.0,
        "Diluted EPS": 0.01,
        "Basic EPS": 0.01,
        "Diluted NI Availto Com Stockholders": 1885000.0,
        "Net Income Common Stockholders": 1885000.0,
        "Net Income": 1885000.0,
        "Net Income Including Noncontrolling Interests": 1885000.0,
        "Net Income Continuous Operations": 1885000.0,
        "Tax Provision": 10495000.0,
        "Pretax Income": 12380000.0,
        "Other Income Expense": 841000.0,
        "Other Non Operating Income Expenses": 841000.0,
        "Net Non Operating Interest Income Expense": 2639000.0,
        "Interest Income Non Operating": 2639000.0,
        "Operating Income": 8900000.0,
        "Operating Expense": 93296000.0,
        "Selling General And Administration": 93296000.0,
        "Selling And Marketing Expense": 57705000.0,
        "General And Administrative Expense": 35591000.0,
        "Other Gand A": 35591000.0,
        "Gross Profit": 102196000.0,
        "Cost Of Revenue": 49636000.0,
        "Total Revenue": 151832000.0,
        "Operating Revenue": 151832000.0
    },
    "2025-03-31": {
        "Tax Effect Of Unusual Items": 0.0,
        "Tax Rate For Calcs": 0.21,
        "Normalized EBITDA": 1788000.0,
        "Net Income From Continuing Operation Net Minority Interest": -102000.0,
        "Reconciled Depreciation": 1999000.0,
        "Reconciled Cost Of Revenue": 40442000.0,
        "EBITDA": 1788000.0,
        "EBIT": -211000.0,
        "Net Interest Income": 2076000.0,
        "Interest Income": 2076000.0,
        "Normalized Income": -102000.0,
        "Net Income From Continuing And Discontinued Operation": -102000.0,
        "Total Expenses": 125112000.0,
        "Total Operating Income As Reported": -211000.0,
        "Diluted Average Shares": 162465988.0,
        "Basic Average Shares": 162465988.0,
        "Diluted EPS": 0.0,
        "Basic EPS": 0.0,
        "Diluted NI Availto Com Stockholders": -102000.0,
        "Net Income Common Stockholders": -102000.0,
        "Net Income": -102000.0,
        "Net Income Including Noncontrolling Interests": -102000.0,
        "Net Income Continuous Operations": -102000.0,
        "Tax Provision": 1966000.0,
        "Pretax Income": 1864000.0,
        "Other Income Expense": -1000.0,
        "Other Non Operating Income Expenses": -1000.0,
        "Net Non Operating Interest Income Expense": 2076000.0,
        "Interest Income Non Operating": 2076000.0,
        "Operating Income": -211000.0,
        "Operating Expense": 84670000.0,
        "Selling General And Administration": 84670000.0,
        "Selling And Marketing Expense": 50834000.0,
        "General And Administrative Expense": 33836000.0,
        "Other Gand A": 33836000.0,
        "Gross Profit": 84459000.0,
        "Cost Of Revenue": 40442000.0,
        "Total Revenue": 124901000.0,
        "Operating Revenue": 124901000.0
    },
    "2025-06-30": {
        "Tax Effect Of Unusual Items": 0.0,
        "Tax Rate For Calcs": 0.21,
        "Normalized EBITDA": 12068000.0,
        "Net Income From Continuing Operation Net Minority Interest": 7099000.0,
        "Reconciled Depreciation": 2153000.0,
        "Reconciled Cost Of Revenue": 50394000.0,
        "EBITDA": 12068000.0,
        "EBIT": 9915000.0,
        "Net Interest Income": 2119000.0,
        "Interest Income": 2119000.0,
        "Normalized Income": 7099000.0,
        "Net Income From Continuing And Discontinued Operation": 7099000.0,
        "Total Expenses": 142725000.0,
        "Total Operating Income As Reported": 9915000.0,
        "Diluted Average Shares": 172929960.0,
        "Basic Average Shares": 162683329.0,
        "Diluted EPS": 0.04,
        "Basic EPS": 0.04,
        "Diluted NI Availto Com Stockholders": 7099000.0,
        "Net Income Common Stockholders": 7099000.0,
        "Net Income": 7099000.0,
        "Net Income Including Noncontrolling Interests": 7099000.0,
        "Net Income Continuous Operations": 7099000.0,
        "Tax Provision": 4932000.0,
        "Pretax Income": 12031000.0,
        "Other Income Expense": -3000.0,
        "Other Non Operating Income Expenses": -3000.0,
        "Net Non Operating Interest Income Expense": 2119000.0,
        "Interest Income Non Operating": 2119000.0,
        "Operating Income": 9915000.0,
        "Operating Expense": 92331000.0,
        "Selling General And Administration": 92331000.0,
        "Selling And Marketing Expense": 57584000.0,
        "General And Administrative Expense": 34747000.0,
        "Other Gand A": 34747000.0,
        "Gross Profit": 102246000.0,
        "Cost Of Revenue": 50394000.0,
        "Total Revenue": 152640000.0,
        "Operating Revenue": 152640000.0
    }
}