{
    "2023-06-30": {
        "Tax Effect Of Unusual Items": NaN,
        "Tax Rate For Calcs": NaN,
        "Total Unusual Items": 339000.0,
        "Total Unusual Items Excluding Goodwill": 339000.0,
        "Net Income From Continuing Operation Net Minority Interest": NaN,
        "Reconciled Depreciation": NaN,
        "Net Interest Income": NaN,
        "Interest Expense": NaN,
        "Interest Income": NaN,
        "Normalized Income": NaN,
        "Net Income From Continuing And Discontinued Operation": NaN,
        "Diluted Average Shares": NaN,
        "Basic Average Shares": NaN,
        "Diluted EPS": NaN,
        "Basic EPS": NaN,
        "Diluted NI Availto Com Stockholders": NaN,
        "Net Income Common Stockholders": NaN,
        "Otherunder Preferred Stock Dividend": NaN,
        "Net Income": NaN,
        "Net Income Including Noncontrolling Interests": NaN,
        "Net Income Continuous Operations": NaN,
        "Tax Provision": NaN,
        "Pretax Income": NaN,
        "Special Income Charges": 339000.0,
        "Write Off": -339000.0,
        "Gain On Sale Of Security": 0.0,
        "Selling General And Administration": NaN,
        "General And Administrative Expense": NaN,
        "Salaries And Wages": NaN,
        "Total Revenue": NaN,
        "Operating Revenue": NaN,
        "Occupancy And Equipment": NaN,
        "Professional Expense And Contract Services Expense": NaN,
        "Other Non Interest Expense": NaN
    },
    "2023-03-31": {
        "Tax Effect Of Unusual Items": NaN,
        "Tax Rate For Calcs": NaN,
        "Total Unusual Items": NaN,
        "Total Unusual Items Excluding Goodwill": NaN,
        "Net Income From Continuing Operation Net Minority Interest": NaN,
        "Reconciled Depreciation": NaN,
        "Net Interest Income": NaN,
        "Interest Expense": NaN,
        "Interest Income": NaN,
        "Normalized Income": NaN,
        "Net Income From Continuing And Discontinued Operation": NaN,
        "Diluted Average Shares": NaN,
        "Basic Average Shares": NaN,
        "Diluted EPS": NaN,
        "Basic EPS": NaN,
        "Diluted NI Availto Com Stockholders": NaN,
        "Net Income Common Stockholders": NaN,
        "Otherunder Preferred Stock Dividend": NaN,
        "Net Income": NaN,
        "Net Income Including Noncontrolling Interests": NaN,
        "Net Income Continuous Operations": NaN,
        "Tax Provision": NaN,
        "Pretax Income": NaN,
        "Special Income Charges": NaN,
        "Write Off": NaN,
        "Gain On Sale Of Security": -85000.0,
        "Selling General And Administration": NaN,
        "General And Administrative Expense": NaN,
        "Salaries And Wages": NaN,
        "Total Revenue": NaN,
        "Operating Revenue": NaN,
        "Occupancy And Equipment": NaN,
        "Professional Expense And Contract Services Expense": NaN,
        "Other Non Interest Expense": NaN
    },
    "2022-12-31": {
        "Tax Effect Of Unusual Items": NaN,
        "Tax Rate For Calcs": NaN,
        "Total Unusual Items": NaN,
        "Total Unusual Items Excluding Goodwill": NaN,
        "Net Income From Continuing Operation Net Minority Interest": NaN,
        "Reconciled Depreciation": NaN,
        "Net Interest Income": NaN,
        "Interest Expense": NaN,
        "Interest Income": NaN,
        "Normalized Income": NaN,
        "Net Income From Continuing And Discontinued Operation": NaN,
        "Diluted Average Shares": NaN,
        "Basic Average Shares": NaN,
        "Diluted EPS": NaN,
        "Basic EPS": NaN,
        "Diluted NI Availto Com Stockholders": NaN,
        "Net Income Common Stockholders": NaN,
        "Otherunder Preferred Stock Dividend": NaN,
        "Net Income": NaN,
        "Net Income Including Noncontrolling Interests": NaN,
        "Net Income Continuous Operations": NaN,
        "Tax Provision": NaN,
        "Pretax Income": NaN,
        "Special Income Charges": NaN,
        "Write Off": NaN,
        "Gain On Sale Of Security": 430000.0,
        "Selling General And Administration": NaN,
        "General And Administrative Expense": NaN,
        "Salaries And Wages": NaN,
        "Total Revenue": NaN,
        "Operating Revenue": NaN,
        "Occupancy And Equipment": NaN,
        "Professional Expense And Contract Services Expense": NaN,
        "Other Non Interest Expense": NaN
    },
    "2022-09-30": {
        "Tax Effect Of Unusual Items": NaN,
        "Tax Rate For Calcs": NaN,
        "Total Unusual Items": NaN,
        "Total Unusual Items Excluding Goodwill": NaN,
        "Net Income From Continuing Operation Net Minority Interest": NaN,
        "Reconciled Depreciation": NaN,
        "Net Interest Income": NaN,
        "Interest Expense": NaN,
        "Interest Income": NaN,
        "Normalized Income": NaN,
        "Net Income From Continuing And Discontinued Operation": NaN,
        "Diluted Average Shares": NaN,
        "Basic Average Shares": NaN,
        "Diluted EPS": NaN,
        "Basic EPS": NaN,
        "Diluted NI Availto Com Stockholders": NaN,
        "Net Income Common Stockholders": NaN,
        "Otherunder Preferred Stock Dividend": NaN,
        "Net Income": NaN,
        "Net Income Including Noncontrolling Interests": NaN,
        "Net Income Continuous Operations": NaN,
        "Tax Provision": NaN,
        "Pretax Income": NaN,
        "Special Income Charges": NaN,
        "Write Off": NaN,
        "Gain On Sale Of Security": -100000.0,
        "Selling General And Administration": NaN,
        "General And Administrative Expense": NaN,
        "Salaries And Wages": NaN,
        "Total Revenue": NaN,
        "Operating Revenue": NaN
    },
    "2022-06-30": {
        "Tax Effect Of Unusual Items": -278908.915795,
        "Tax Rate For Calcs": 0.245735,
        "Total Unusual Items": -1135000.0,
        "Total Unusual Items Excluding Goodwill": -1135000.0,
        "Net Income From Continuing Operation Net Minority Interest": 5482000.0,
        "Reconciled Depreciation": 725000.0,
        "Net Interest Income": 12769000.0,
        "Interest Expense": 244000.0,
        "Interest Income": 13013000.0,
        "Normalized Income": 6338091.084205,
        "Net Income From Continuing And Discontinued Operation": 5482000.0,
        "Diluted Average Shares": 13417390.0,
        "Basic Average Shares": 12716010.0,
        "Diluted EPS": 0.41,
        "Basic EPS": 0.43,
        "Diluted NI Availto Com Stockholders": 5482000.0,
        "Net Income Common Stockholders": 5482000.0,
        "Otherunder Preferred Stock Dividend": 41000.0,
        "Net Income": 5482000.0,
        "Net Income Including Noncontrolling Interests": 5482000.0,
        "Net Income Continuous Operations": 5482000.0,
        "Tax Provision": 1786000.0,
        "Pretax Income": 7268000.0,
        "Special Income Charges": -1135000.0,
        "Write Off": 1135000.0,
        "Gain On Sale Of Security": -575000.0,
        "Selling General And Administration": 7182000.0,
        "General And Administrative Expense": 7182000.0,
        "Salaries And Wages": 7182000.0,
        "Total Revenue": 21200000.0,
        "Operating Revenue": 21200000.0
    },
    "2022-03-31": {
        "Diluted EPS": 0.7,
        "Total Revenue": 25,
        "Gross Profit": 25,
        "Operating Income": 13,
        "EBIT": NaN,
        "Net Income": 9
    },
    "2021-12-31": {
        "Diluted EPS": 0.93,
        "Total Revenue": 25,
        "Gross Profit": 24,
        "Operating Income": 14,
        "EBIT": NaN,
        "Net Income": 9
    },
    "2021-09-30": {
        "Diluted EPS": 0.91,
        "Total Revenue": 22,
        "Gross Profit": 22,
        "Operating Income": 11,
        "EBIT": NaN,
        "Net Income": 8
    },
    "2021-06-30": {
        "Diluted EPS": 0.84,
        "Total Revenue": 19,
        "Gross Profit": 19,
        "Operating Income": 10,
        "EBIT": NaN,
        "Net Income": 8
    },
    "2021-03-31": {
        "Diluted EPS": 0.59,
        "Total Revenue": 15,
        "Gross Profit": 15,
        "Operating Income": 7,
        "EBIT": NaN,
        "Net Income": 5
    },
    "2020-12-31": {
        "Diluted EPS": 0.0,
        "Total Revenue": NaN,
        "Gross Profit": NaN,
        "Operating Income": NaN,
        "EBIT": NaN,
        "Net Income": NaN
    },
    "2020-09-30": {
        "Diluted EPS": 0.0,
        "Total Revenue": NaN,
        "Gross Profit": NaN,
        "Operating Income": NaN,
        "EBIT": NaN,
        "Net Income": NaN
    },
    "2019-12-31": {
        "Diluted EPS": 0.0,
        "Total Revenue": NaN,
        "Gross Profit": NaN,
        "Operating Income": NaN,
        "EBIT": NaN,
        "Net Income": NaN
    },
    "2023-09-30": {
        "Tax Effect Of Unusual Items": NaN,
        "Tax Rate For Calcs": NaN,
        "Total Unusual Items": -337000.0,
        "Total Unusual Items Excluding Goodwill": -337000.0,
        "Net Income From Continuing Operation Net Minority Interest": NaN,
        "Reconciled Depreciation": NaN,
        "Net Interest Income": NaN,
        "Interest Expense": NaN,
        "Interest Income": NaN,
        "Normalized Income": NaN,
        "Net Income From Continuing And Discontinued Operation": NaN,
        "Diluted Average Shares": NaN,
        "Basic Average Shares": NaN,
        "Diluted EPS": NaN,
        "Basic EPS": NaN,
        "Diluted NI Availto Com Stockholders": NaN,
        "Net Income Common Stockholders": NaN,
        "Otherunder Preferred Stock Dividend": NaN,
        "Net Income": NaN,
        "Net Income Including Noncontrolling Interests": NaN,
        "Net Income Continuous Operations": NaN,
        "Tax Provision": NaN,
        "Pretax Income": NaN,
        "Special Income Charges": -337000.0,
        "Write Off": 337000.0,
        "Gain On Sale Of Security": -500000.0,
        "Selling General And Administration": NaN,
        "General And Administrative Expense": NaN,
        "Salaries And Wages": NaN,
        "Total Revenue": NaN,
        "Operating Revenue": NaN,
        "Occupancy And Equipment": NaN,
        "Professional Expense And Contract Services Expense": NaN,
        "Other Non Interest Expense": NaN
    },
    "2023-12-31": {
        "Tax Effect Of Unusual Items": NaN,
        "Tax Rate For Calcs": NaN,
        "Total Unusual Items": 121000.0,
        "Total Unusual Items Excluding Goodwill": 121000.0,
        "Net Income From Continuing Operation Net Minority Interest": NaN,
        "Reconciled Depreciation": NaN,
        "Net Interest Income": NaN,
        "Interest Expense": NaN,
        "Interest Income": NaN,
        "Normalized Income": NaN,
        "Net Income From Continuing And Discontinued Operation": NaN,
        "Diluted Average Shares": NaN,
        "Basic Average Shares": NaN,
        "Diluted EPS": NaN,
        "Basic EPS": NaN,
        "Diluted NI Availto Com Stockholders": NaN,
        "Net Income Common Stockholders": NaN,
        "Otherunder Preferred Stock Dividend": NaN,
        "Net Income": NaN,
        "Net Income Including Noncontrolling Interests": NaN,
        "Net Income Continuous Operations": NaN,
        "Tax Provision": NaN,
        "Pretax Income": NaN,
        "Special Income Charges": 121000.0,
        "Write Off": -121000.0,
        "Gain On Sale Of Security": NaN,
        "Selling General And Administration": NaN,
        "General And Administrative Expense": NaN,
        "Salaries And Wages": NaN,
        "Total Revenue": NaN,
        "Operating Revenue": NaN,
        "Occupancy And Equipment": NaN,
        "Professional Expense And Contract Services Expense": NaN,
        "Other Non Interest Expense": NaN
    },
    "2024-03-31": {
        "Tax Effect Of Unusual Items": NaN,
        "Tax Rate For Calcs": NaN,
        "Total Unusual Items": 198000.0,
        "Total Unusual Items Excluding Goodwill": 198000.0,
        "Net Income From Continuing Operation Net Minority Interest": NaN,
        "Reconciled Depreciation": NaN,
        "Net Interest Income": NaN,
        "Interest Expense": NaN,
        "Interest Income": NaN,
        "Normalized Income": NaN,
        "Net Income From Continuing And Discontinued Operation": NaN,
        "Diluted Average Shares": NaN,
        "Basic Average Shares": NaN,
        "Diluted EPS": NaN,
        "Basic EPS": NaN,
        "Diluted NI Availto Com Stockholders": NaN,
        "Net Income Common Stockholders": NaN,
        "Otherunder Preferred Stock Dividend": NaN,
        "Net Income": NaN,
        "Net Income Including Noncontrolling Interests": NaN,
        "Net Income Continuous Operations": NaN,
        "Tax Provision": NaN,
        "Pretax Income": NaN,
        "Special Income Charges": 198000.0,
        "Write Off": -198000.0,
        "Gain On Sale Of Security": -124000.0,
        "Selling General And Administration": NaN,
        "General And Administrative Expense": NaN,
        "Salaries And Wages": NaN,
        "Total Revenue": NaN,
        "Operating Revenue": NaN,
        "Occupancy And Equipment": NaN,
        "Professional Expense And Contract Services Expense": NaN,
        "Other Non Interest Expense": NaN
    },
    "2024-06-30": {
        "Tax Effect Of Unusual Items": 0.0,
        "Tax Rate For Calcs": 0.23887,
        "Total Unusual Items": 328000.0,
        "Total Unusual Items Excluding Goodwill": 328000.0,
        "Net Income From Continuing Operation Net Minority Interest": 3180000.0,
        "Reconciled Depreciation": 1566000.0,
        "Net Interest Income": 14615000.0,
        "Interest Expense": 3807000.0,
        "Interest Income": 18422000.0,
        "Normalized Income": 3180000.0,
        "Net Income From Continuing And Discontinued Operation": 3180000.0,
        "Diluted Average Shares": 13109708.0,
        "Basic Average Shares": 12627800.0,
        "Diluted EPS": 0.24,
        "Basic EPS": 0.25,
        "Diluted NI Availto Com Stockholders": 3108000.0,
        "Net Income Common Stockholders": 3108000.0,
        "Otherunder Preferred Stock Dividend": 72000.0,
        "Net Income": 3180000.0,
        "Net Income Including Noncontrolling Interests": 3180000.0,
        "Net Income Continuous Operations": 3180000.0,
        "Tax Provision": 998000.0,
        "Pretax Income": 4178000.0,
        "Special Income Charges": 328000.0,
        "Write Off": -328000.0,
        "Gain On Sale Of Security": -200000.0,
        "Selling General And Administration": 8609000.0,
        "General And Administrative Expense": 8609000.0,
        "Salaries And Wages": 8609000.0,
        "Total Revenue": 19781000.0,
        "Operating Revenue": 19781000.0,
        "Occupancy And Equipment": 556000.0,
        "Professional Expense And Contract Services Expense": 1282000.0,
        "Other Non Interest Expense": 2771000.0
    },
    "2024-09-30": {
        "Tax Effect Of Unusual Items": 0.0,
        "Tax Rate For Calcs": 0.251,
        "Total Unusual Items": NaN,
        "Total Unusual Items Excluding Goodwill": NaN,
        "Net Income From Continuing Operation Net Minority Interest": 3454000.0,
        "Reconciled Depreciation": 1511000.0,
        "Net Interest Income": 14763000.0,
        "Interest Expense": 4161000.0,
        "Interest Income": 18924000.0,
        "Normalized Income": 3454000.0,
        "Net Income From Continuing And Discontinued Operation": 3454000.0,
        "Diluted Average Shares": 13257835.0,
        "Basic Average Shares": 12658557.0,
        "Diluted EPS": 0.25,
        "Basic EPS": 0.26,
        "Diluted NI Availto Com Stockholders": 3311000.0,
        "Net Income Common Stockholders": 3311000.0,
        "Otherunder Preferred Stock Dividend": 143000.0,
        "Net Income": 3454000.0,
        "Net Income Including Noncontrolling Interests": 3454000.0,
        "Net Income Continuous Operations": 3454000.0,
        "Tax Provision": 1157000.0,
        "Pretax Income": 4611000.0,
        "Special Income Charges": NaN,
        "Write Off": NaN,
        "Gain On Sale Of Security": -100000.0,
        "Selling General And Administration": 9659000.0,
        "General And Administrative Expense": 9659000.0,
        "Salaries And Wages": 9659000.0,
        "Total Revenue": 20817000.0,
        "Operating Revenue": 20817000.0,
        "Occupancy And Equipment": 1046000.0,
        "Professional Expense And Contract Services Expense": 1331000.0,
        "Other Non Interest Expense": 2013000.0
    },
    "2024-12-31": {
        "Tax Effect Of Unusual Items": 0.0,
        "Tax Rate For Calcs": 0.243295,
        "Total Unusual Items": NaN,
        "Total Unusual Items Excluding Goodwill": NaN,
        "Net Income From Continuing Operation Net Minority Interest": 2793000.0,
        "Reconciled Depreciation": 1138000.0,
        "Net Interest Income": 15528000.0,
        "Interest Expense": 3833000.0,
        "Interest Income": 19361000.0,
        "Normalized Income": 2793000.0,
        "Net Income From Continuing And Discontinued Operation": 2793000.0,
        "Diluted Average Shares": 13392411.0,
        "Basic Average Shares": 12659986.0,
        "Diluted EPS": 0.2,
        "Basic EPS": 0.21,
        "Diluted NI Availto Com Stockholders": 2670000.0,
        "Net Income Common Stockholders": 2670000.0,
        "Otherunder Preferred Stock Dividend": 123000.0,
        "Net Income": 2793000.0,
        "Net Income Including Noncontrolling Interests": 2793000.0,
        "Net Income Continuous Operations": 2793000.0,
        "Tax Provision": 898000.0,
        "Pretax Income": 3691000.0,
        "Special Income Charges": NaN,
        "Write Off": NaN,
        "Gain On Sale Of Security": NaN,
        "Selling General And Administration": 9375000.0,
        "General And Administrative Expense": 9375000.0,
        "Salaries And Wages": 9375000.0,
        "Total Revenue": 21756000.0,
        "Operating Revenue": 21756000.0,
        "Occupancy And Equipment": 1093000.0,
        "Professional Expense And Contract Services Expense": 556000.0,
        "Other Non Interest Expense": 2539000.0
    },
    "2025-03-31": {
        "Tax Effect Of Unusual Items": 0.0,
        "Tax Rate For Calcs": 0.281,
        "Total Unusual Items": NaN,
        "Total Unusual Items Excluding Goodwill": NaN,
        "Net Income From Continuing Operation Net Minority Interest": 3189000.0,
        "Reconciled Depreciation": 1377000.0,
        "Net Interest Income": 14280000.0,
        "Interest Expense": 4256000.0,
        "Interest Income": 18536000.0,
        "Normalized Income": 3189000.0,
        "Net Income From Continuing And Discontinued Operation": 3189000.0,
        "Diluted Average Shares": 13483647.0,
        "Basic Average Shares": 12716155.0,
        "Diluted EPS": 0.23,
        "Basic EPS": 0.24,
        "Diluted NI Availto Com Stockholders": 3069000.0,
        "Net Income Common Stockholders": 3069000.0,
        "Otherunder Preferred Stock Dividend": 120000.0,
        "Net Income": 3189000.0,
        "Net Income Including Noncontrolling Interests": 3189000.0,
        "Net Income Continuous Operations": 3189000.0,
        "Tax Provision": 1247000.0,
        "Pretax Income": 4436000.0,
        "Special Income Charges": NaN,
        "Write Off": NaN,
        "Gain On Sale Of Security": 400000.0,
        "Selling General And Administration": 9826000.0,
        "General And Administrative Expense": 9826000.0,
        "Salaries And Wages": 9826000.0,
        "Total Revenue": 22090000.0,
        "Operating Revenue": 22090000.0,
        "Occupancy And Equipment": 543000.0,
        "Professional Expense And Contract Services Expense": 907000.0,
        "Other Non Interest Expense": 3042000.0
    },
    "2025-06-30": {
        "Tax Effect Of Unusual Items": 0.0,
        "Tax Rate For Calcs": 0.245071,
        "Total Unusual Items": NaN,
        "Total Unusual Items Excluding Goodwill": NaN,
        "Net Income From Continuing Operation Net Minority Interest": 4097000.0,
        "Reconciled Depreciation": 1127000.0,
        "Net Interest Income": 14728000.0,
        "Interest Expense": 5014000.0,
        "Interest Income": 19742000.0,
        "Normalized Income": 4097000.0,
        "Net Income From Continuing And Discontinued Operation": 4097000.0,
        "Diluted Average Shares": 13472394.0,
        "Basic Average Shares": 12781508.0,
        "Diluted EPS": 0.29,
        "Basic EPS": 0.31,
        "Diluted NI Availto Com Stockholders": 3933000.0,
        "Net Income Common Stockholders": 3933000.0,
        "Otherunder Preferred Stock Dividend": 164000.0,
        "Net Income": 4097000.0,
        "Net Income Including Noncontrolling Interests": 4097000.0,
        "Net Income Continuous Operations": 4097000.0,
        "Tax Provision": 1330000.0,
        "Pretax Income": 5427000.0,
        "Special Income Charges": NaN,
        "Write Off": NaN,
        "Gain On Sale Of Security": 300000.0,
        "Selling General And Administration": 10491000.0,
        "General And Administrative Expense": 10491000.0,
        "Salaries And Wages": 10491000.0,
        "Total Revenue": 25065000.0,
        "Operating Revenue": 25065000.0,
        "Occupancy And Equipment": 445000.0,
        "Professional Expense And Contract Services Expense": 949000.0,
        "Other Non Interest Expense": 3027000.0
    }
}