{
    "2023-06-30": {
        "Tax Effect Of Unusual Items": NaN,
        "Tax Rate For Calcs": NaN,
        "Total Unusual Items": NaN,
        "Total Unusual Items Excluding Goodwill": NaN,
        "Net Income From Continuing Operation Net Minority Interest": NaN,
        "Reconciled Depreciation": NaN,
        "Net Interest Income": NaN,
        "Interest Expense": NaN,
        "Interest Income": NaN,
        "Normalized Income": NaN,
        "Net Income From Continuing And Discontinued Operation": NaN,
        "Diluted Average Shares": NaN,
        "Basic Average Shares": NaN,
        "Diluted EPS": NaN,
        "Basic EPS": NaN,
        "Diluted NI Availto Com Stockholders": NaN,
        "Net Income Common Stockholders": NaN,
        "Preferred Stock Dividends": NaN,
        "Net Income": NaN,
        "Net Income Including Noncontrolling Interests": NaN,
        "Net Income Continuous Operations": NaN,
        "Tax Provision": NaN,
        "Pretax Income": NaN,
        "Special Income Charges": 19000.0,
        "Restructuring And Mergern Acquisition": -19000.0,
        "Gain On Sale Of Security": NaN,
        "Depreciation Amortization Depletion Income Statement": NaN,
        "Depreciation And Amortization In Income Statement": NaN,
        "Amortization": NaN,
        "Amortization Of Intangibles Income Statement": NaN,
        "Selling General And Administration": NaN,
        "Selling And Marketing Expense": NaN,
        "General And Administrative Expense": NaN,
        "Insurance And Claims": NaN,
        "Salaries And Wages": NaN,
        "Total Revenue": NaN,
        "Operating Revenue": NaN,
        "Occupancy And Equipment": NaN,
        "Professional Expense And Contract Services Expense": NaN,
        "Other Non Interest Expense": NaN
    },
    "2023-03-31": {
        "Tax Effect Of Unusual Items": 7293.0,
        "Tax Rate For Calcs": 0.187,
        "Total Unusual Items": 39000.0,
        "Total Unusual Items Excluding Goodwill": 39000.0,
        "Net Income From Continuing Operation Net Minority Interest": 12089000.0,
        "Reconciled Depreciation": 2068000.0,
        "Net Interest Income": 41815000.0,
        "Interest Expense": 21956000.0,
        "Interest Income": 63771000.0,
        "Normalized Income": 12057293.0,
        "Net Income From Continuing And Discontinued Operation": 12089000.0,
        "Diluted Average Shares": 15435000.0,
        "Basic Average Shares": 15348000.0,
        "Diluted EPS": 0.76,
        "Basic EPS": 0.76,
        "Diluted NI Availto Com Stockholders": 11724000.0,
        "Net Income Common Stockholders": 11724000.0,
        "Preferred Stock Dividends": 365000.0,
        "Net Income": 12089000.0,
        "Net Income Including Noncontrolling Interests": 12089000.0,
        "Net Income Continuous Operations": 12089000.0,
        "Tax Provision": 2775000.0,
        "Pretax Income": 14864000.0,
        "Special Income Charges": NaN,
        "Restructuring And Mergern Acquisition": NaN,
        "Gain On Sale Of Security": 295000.0,
        "Depreciation Amortization Depletion Income Statement": 234000.0,
        "Depreciation And Amortization In Income Statement": 234000.0,
        "Amortization": 234000.0,
        "Amortization Of Intangibles Income Statement": 234000.0,
        "Selling General And Administration": 19562000.0,
        "Selling And Marketing Expense": 314000.0,
        "General And Administrative Expense": 19248000.0,
        "Other Gand A": NaN,
        "Insurance And Claims": 1115000.0,
        "Salaries And Wages": 18133000.0,
        "Total Revenue": 52488000.0,
        "Operating Revenue": 52488000.0,
        "Occupancy And Equipment": 3730000.0,
        "Professional Expense And Contract Services Expense": 1495000.0,
        "Other Non Interest Expense": 8640000.0
    },
    "2022-12-31": {
        "Tax Effect Of Unusual Items": NaN,
        "Tax Rate For Calcs": NaN,
        "Total Unusual Items": NaN,
        "Total Unusual Items Excluding Goodwill": NaN,
        "Net Income From Continuing Operation Net Minority Interest": NaN,
        "Reconciled Depreciation": NaN,
        "Net Interest Income": NaN,
        "Interest Expense": NaN,
        "Interest Income": NaN,
        "Normalized Income": NaN,
        "Net Income From Continuing And Discontinued Operation": NaN,
        "Diluted Average Shares": NaN,
        "Basic Average Shares": NaN,
        "Diluted EPS": NaN,
        "Basic EPS": NaN,
        "Diluted NI Availto Com Stockholders": NaN,
        "Net Income Common Stockholders": NaN,
        "Preferred Stock Dividends": NaN,
        "Net Income": NaN,
        "Net Income Including Noncontrolling Interests": NaN,
        "Net Income Continuous Operations": NaN,
        "Tax Provision": NaN,
        "Pretax Income": NaN,
        "Special Income Charges": -350000.0,
        "Restructuring And Mergern Acquisition": 350000.0,
        "Gain On Sale Of Security": NaN,
        "Depreciation Amortization Depletion Income Statement": NaN,
        "Depreciation And Amortization In Income Statement": NaN,
        "Amortization": NaN,
        "Amortization Of Intangibles Income Statement": NaN,
        "Selling General And Administration": NaN,
        "Selling And Marketing Expense": NaN,
        "General And Administrative Expense": NaN,
        "Other Gand A": -12466000.0,
        "Insurance And Claims": NaN,
        "Salaries And Wages": NaN,
        "Total Revenue": NaN,
        "Operating Revenue": NaN,
        "Occupancy And Equipment": NaN,
        "Professional Expense And Contract Services Expense": NaN,
        "Other Non Interest Expense": NaN
    },
    "2022-09-30": {
        "Tax Effect Of Unusual Items": NaN,
        "Tax Rate For Calcs": NaN,
        "Total Unusual Items": NaN,
        "Total Unusual Items Excluding Goodwill": NaN,
        "Net Income From Continuing Operation Net Minority Interest": NaN,
        "Reconciled Depreciation": NaN,
        "Net Interest Income": NaN,
        "Interest Expense": NaN,
        "Interest Income": NaN,
        "Normalized Income": NaN,
        "Net Income From Continuing And Discontinued Operation": NaN,
        "Diluted Average Shares": NaN,
        "Basic Average Shares": NaN,
        "Diluted EPS": NaN,
        "Basic EPS": NaN,
        "Diluted NI Availto Com Stockholders": NaN,
        "Net Income Common Stockholders": NaN,
        "Preferred Stock Dividends": NaN,
        "Net Income": NaN,
        "Net Income Including Noncontrolling Interests": NaN,
        "Net Income Continuous Operations": NaN,
        "Tax Provision": NaN,
        "Pretax Income": NaN,
        "Special Income Charges": 0.0,
        "Restructuring And Mergern Acquisition": 0.0,
        "Gain On Sale Of Security": NaN,
        "Depreciation Amortization Depletion Income Statement": NaN,
        "Depreciation And Amortization In Income Statement": NaN,
        "Amortization": NaN,
        "Amortization Of Intangibles Income Statement": NaN,
        "Selling General And Administration": NaN,
        "Selling And Marketing Expense": NaN,
        "General And Administrative Expense": NaN,
        "Other Gand A": 4847000.0,
        "Insurance And Claims": NaN,
        "Salaries And Wages": NaN,
        "Total Revenue": NaN,
        "Operating Revenue": NaN
    },
    "2022-06-30": {
        "Tax Effect Of Unusual Items": -249876.0,
        "Tax Rate For Calcs": 0.198,
        "Total Unusual Items": -1262000.0,
        "Total Unusual Items Excluding Goodwill": -1262000.0,
        "Net Income From Continuing Operation Net Minority Interest": 15648000.0,
        "Reconciled Depreciation": 249000.0,
        "Net Interest Income": 41597000.0,
        "Interest Expense": 3679000.0,
        "Interest Income": 45276000.0,
        "Normalized Income": 16660124.0,
        "Net Income From Continuing And Discontinued Operation": 15648000.0,
        "Diluted Average Shares": 15385000.0,
        "Basic Average Shares": 15306000.0,
        "Diluted EPS": 0.99,
        "Basic EPS": 1.0,
        "Diluted NI Availto Com Stockholders": 15283000.0,
        "Net Income Common Stockholders": 15283000.0,
        "Preferred Stock Dividends": 365000.0,
        "Net Income": 15648000.0,
        "Net Income Including Noncontrolling Interests": 15648000.0,
        "Net Income Continuous Operations": 15648000.0,
        "Tax Provision": 3859000.0,
        "Pretax Income": 19507000.0,
        "Special Income Charges": -1269000.0,
        "Restructuring And Mergern Acquisition": 1269000.0,
        "Gain On Sale Of Security": 538000.0,
        "Depreciation Amortization Depletion Income Statement": 249000.0,
        "Depreciation And Amortization In Income Statement": 249000.0,
        "Amortization": 249000.0,
        "Amortization Of Intangibles Income Statement": 249000.0,
        "Selling General And Administration": 23035000.0,
        "Selling And Marketing Expense": 406000.0,
        "General And Administrative Expense": 22629000.0,
        "Other Gand A": 5042000.0,
        "Insurance And Claims": 621000.0,
        "Salaries And Wages": 16966000.0,
        "Total Revenue": 52715000.0,
        "Operating Revenue": 52715000.0
    },
    "2022-03-31": {
        "Diluted EPS": 0.93,
        "Total Revenue": 54,
        "Gross Profit": 51,
        "Operating Income": 18,
        "EBIT": NaN,
        "Net Income": 15
    },
    "2021-12-31": {
        "Diluted EPS": 1.21,
        "Total Revenue": 55,
        "Gross Profit": 53,
        "Operating Income": 24,
        "EBIT": NaN,
        "Net Income": 19
    },
    "2021-09-30": {
        "Diluted EPS": 1.05,
        "Total Revenue": 53,
        "Gross Profit": 50,
        "Operating Income": 22,
        "EBIT": NaN,
        "Net Income": 17
    },
    "2021-06-30": {
        "Diluted EPS": 1.25,
        "Total Revenue": 51,
        "Gross Profit": 48,
        "Operating Income": 26,
        "EBIT": NaN,
        "Net Income": 20
    },
    "2021-03-31": {
        "Diluted EPS": 1.27,
        "Total Revenue": 54,
        "Gross Profit": 51,
        "Operating Income": 26,
        "EBIT": NaN,
        "Net Income": 20
    },
    "2020-12-31": {
        "Diluted EPS": 0.84,
        "Total Revenue": 52,
        "Gross Profit": 48,
        "Operating Income": 16,
        "EBIT": NaN,
        "Net Income": 13
    },
    "2020-09-30": {
        "Diluted EPS": 0.74,
        "Total Revenue": 52,
        "Gross Profit": 48,
        "Operating Income": 17,
        "EBIT": NaN,
        "Net Income": 12
    },
    "2020-06-30": {
        "Diluted EPS": 0.67,
        "Total Revenue": 49,
        "Gross Profit": 44,
        "Operating Income": 14,
        "EBIT": NaN,
        "Net Income": 11
    },
    "2020-03-31": {
        "Diluted EPS": 0.05,
        "Total Revenue": 52,
        "Gross Profit": 43,
        "Operating Income": 1,
        "EBIT": NaN,
        "Net Income": 1
    },
    "2019-12-31": {
        "Diluted EPS": 0.79,
        "Total Revenue": 52,
        "Gross Profit": 43,
        "Operating Income": 13,
        "EBIT": NaN,
        "Net Income": 13
    },
    "2019-09-30": {
        "Diluted EPS": 0.78,
        "Total Revenue": 55,
        "Gross Profit": 45,
        "Operating Income": 17,
        "EBIT": NaN,
        "Net Income": 12
    },
    "2019-06-30": {
        "Diluted EPS": 0.69,
        "Total Revenue": 52,
        "Gross Profit": 42,
        "Operating Income": 14,
        "EBIT": NaN,
        "Net Income": 11
    },
    "2019-03-31": {
        "Diluted EPS": 0.7,
        "Total Revenue": 51,
        "Gross Profit": 41,
        "Operating Income": 15,
        "EBIT": NaN,
        "Net Income": 11
    },
    "2018-12-31": {
        "Diluted EPS": 0.45,
        "Total Revenue": 50,
        "Gross Profit": 41,
        "Operating Income": 12,
        "EBIT": NaN,
        "Net Income": 7
    },
    "2018-09-30": {
        "Diluted EPS": 0.64,
        "Total Revenue": 49,
        "Gross Profit": 41,
        "Operating Income": 13,
        "EBIT": NaN,
        "Net Income": 10
    },
    "2018-06-30": {
        "Diluted EPS": 0.74,
        "Total Revenue": 45,
        "Gross Profit": 39,
        "Operating Income": 15,
        "EBIT": NaN,
        "Net Income": 12
    },
    "2018-03-31": {
        "Diluted EPS": 0.56,
        "Total Revenue": 44,
        "Gross Profit": 39,
        "Operating Income": 12,
        "EBIT": NaN,
        "Net Income": 9
    },
    "2017-12-31": {
        "Diluted EPS": 0.69,
        "Total Revenue": 44,
        "Gross Profit": 39,
        "Operating Income": 12,
        "EBIT": NaN,
        "Net Income": 11
    },
    "2017-09-30": {
        "Diluted EPS": 0.52,
        "Total Revenue": 42,
        "Gross Profit": 37,
        "Operating Income": 12,
        "EBIT": NaN,
        "Net Income": 8
    },
    "2017-06-30": {
        "Diluted EPS": 0.4,
        "Total Revenue": 41,
        "Gross Profit": 37,
        "Operating Income": 11,
        "EBIT": NaN,
        "Net Income": 6
    },
    "2017-03-31": {
        "Diluted EPS": 0.52,
        "Total Revenue": 38,
        "Gross Profit": 35,
        "Operating Income": 11,
        "EBIT": NaN,
        "Net Income": 8
    },
    "2016-12-31": {
        "Diluted EPS": 0.57,
        "Total Revenue": 39,
        "Gross Profit": 36,
        "Operating Income": 12,
        "EBIT": NaN,
        "Net Income": 8
    },
    "2016-09-30": {
        "Diluted EPS": 0.56,
        "Total Revenue": 38,
        "Gross Profit": 35,
        "Operating Income": 12,
        "EBIT": NaN,
        "Net Income": 8
    },
    "2016-06-30": {
        "Diluted EPS": 0.47,
        "Total Revenue": 37,
        "Gross Profit": 34,
        "Operating Income": 10,
        "EBIT": NaN,
        "Net Income": 7
    },
    "2016-03-31": {
        "Diluted EPS": 0.5,
        "Total Revenue": 37,
        "Gross Profit": 34,
        "Operating Income": 10,
        "EBIT": NaN,
        "Net Income": 7
    },
    "2015-12-31": {
        "Diluted EPS": 0.44,
        "Total Revenue": 36,
        "Gross Profit": 33,
        "Operating Income": 10,
        "EBIT": NaN,
        "Net Income": 6
    },
    "2015-09-30": {
        "Diluted EPS": 0.56,
        "Total Revenue": 34,
        "Gross Profit": 31,
        "Operating Income": 11,
        "EBIT": NaN,
        "Net Income": 8
    },
    "2015-06-30": {
        "Diluted EPS": 0.44,
        "Total Revenue": 32,
        "Gross Profit": 30,
        "Operating Income": 9,
        "EBIT": NaN,
        "Net Income": 6
    },
    "2015-03-31": {
        "Diluted EPS": 0.46,
        "Total Revenue": 33,
        "Gross Profit": 31,
        "Operating Income": 10,
        "EBIT": NaN,
        "Net Income": 6
    },
    "2014-12-31": {
        "Diluted EPS": 0.53,
        "Total Revenue": 31,
        "Gross Profit": 29,
        "Operating Income": 8,
        "EBIT": NaN,
        "Net Income": 8
    },
    "2014-09-30": {
        "Diluted EPS": 0.49,
        "Total Revenue": 32,
        "Gross Profit": 31,
        "Operating Income": 11,
        "EBIT": NaN,
        "Net Income": 7
    },
    "2014-06-30": {
        "Diluted EPS": 0.48,
        "Total Revenue": 31,
        "Gross Profit": 30,
        "Operating Income": 10,
        "EBIT": NaN,
        "Net Income": 7
    },
    "2014-03-31": {
        "Diluted EPS": 0.5,
        "Total Revenue": 31,
        "Gross Profit": 30,
        "Operating Income": 10,
        "EBIT": NaN,
        "Net Income": 7
    },
    "2013-12-31": {
        "Diluted EPS": 0.44,
        "Total Revenue": 31,
        "Gross Profit": 29,
        "Operating Income": 9,
        "EBIT": NaN,
        "Net Income": 6
    },
    "2013-09-30": {
        "Diluted EPS": 0.42,
        "Total Revenue": 31,
        "Gross Profit": 29,
        "Operating Income": 9,
        "EBIT": NaN,
        "Net Income": 6
    },
    "2013-06-30": {
        "Diluted EPS": 0.47,
        "Total Revenue": 31,
        "Gross Profit": 29,
        "Operating Income": 10,
        "EBIT": NaN,
        "Net Income": 6
    },
    "2013-03-31": {
        "Diluted EPS": 0.42,
        "Total Revenue": 31,
        "Gross Profit": 29,
        "Operating Income": 9,
        "EBIT": NaN,
        "Net Income": 6
    },
    "2012-12-31": {
        "Diluted EPS": 0.44,
        "Total Revenue": 31,
        "Gross Profit": 29,
        "Operating Income": 9,
        "EBIT": NaN,
        "Net Income": 6
    },
    "2012-09-30": {
        "Diluted EPS": 0.28,
        "Total Revenue": 32,
        "Gross Profit": 29,
        "Operating Income": 6,
        "EBIT": NaN,
        "Net Income": 4
    },
    "2012-06-30": {
        "Diluted EPS": 0.46,
        "Total Revenue": 30,
        "Gross Profit": 28,
        "Operating Income": 10,
        "EBIT": NaN,
        "Net Income": 6
    },
    "2012-03-31": {
        "Diluted EPS": 0.42,
        "Total Revenue": 29,
        "Gross Profit": 26,
        "Operating Income": 9,
        "EBIT": NaN,
        "Net Income": 6
    },
    "2011-12-31": {
        "Diluted EPS": 0.4,
        "Total Revenue": 30,
        "Gross Profit": 27,
        "Operating Income": 8,
        "EBIT": NaN,
        "Net Income": 5
    },
    "2011-09-30": {
        "Diluted EPS": 0.37,
        "Total Revenue": 32,
        "Gross Profit": 29,
        "Operating Income": 8,
        "EBIT": NaN,
        "Net Income": 5
    },
    "2011-06-30": {
        "Diluted EPS": 0.39,
        "Total Revenue": 29,
        "Gross Profit": 25,
        "Operating Income": 9,
        "EBIT": NaN,
        "Net Income": 5
    },
    "2011-03-31": {
        "Diluted EPS": 0.33,
        "Total Revenue": 29,
        "Gross Profit": 25,
        "Operating Income": 9,
        "EBIT": NaN,
        "Net Income": 4
    },
    "2010-12-31": {
        "Diluted EPS": 0.39,
        "Total Revenue": 30,
        "Gross Profit": 25,
        "Operating Income": 7,
        "EBIT": NaN,
        "Net Income": 4
    },
    "2010-09-30": {
        "Diluted EPS": 0.43,
        "Total Revenue": 29,
        "Gross Profit": 25,
        "Operating Income": 8,
        "EBIT": NaN,
        "Net Income": 5
    },
    "2010-06-30": {
        "Diluted EPS": 0.39,
        "Total Revenue": 29,
        "Gross Profit": 25,
        "Operating Income": 8,
        "EBIT": NaN,
        "Net Income": 4
    },
    "2010-03-31": {
        "Diluted EPS": 0.4,
        "Total Revenue": 28,
        "Gross Profit": 23,
        "Operating Income": 8,
        "EBIT": NaN,
        "Net Income": 4
    },
    "2009-12-31": {
        "Diluted EPS": 0.41,
        "Total Revenue": 30,
        "Gross Profit": 24,
        "Operating Income": 8,
        "EBIT": NaN,
        "Net Income": 4
    },
    "2009-09-30": {
        "Diluted EPS": 0.23,
        "Total Revenue": 28,
        "Gross Profit": 22,
        "Operating Income": 5,
        "EBIT": NaN,
        "Net Income": 2
    },
    "2009-06-30": {
        "Diluted EPS": 0.16,
        "Total Revenue": 28,
        "Gross Profit": 22,
        "Operating Income": 4,
        "EBIT": NaN,
        "Net Income": 2
    },
    "2009-03-31": {
        "Diluted EPS": 0.19,
        "Total Revenue": 28,
        "Gross Profit": 22,
        "Operating Income": 4,
        "EBIT": NaN,
        "Net Income": 2
    },
    "2023-09-30": {
        "Tax Effect Of Unusual Items": NaN,
        "Tax Rate For Calcs": NaN,
        "Total Unusual Items": NaN,
        "Total Unusual Items Excluding Goodwill": NaN,
        "Net Income From Continuing Operation Net Minority Interest": NaN,
        "Reconciled Depreciation": NaN,
        "Net Interest Income": NaN,
        "Interest Expense": NaN,
        "Interest Income": NaN,
        "Normalized Income": NaN,
        "Net Income From Continuing And Discontinued Operation": NaN,
        "Diluted Average Shares": 15462000.0,
        "Basic Average Shares": 15391000.0,
        "Diluted EPS": 0.88,
        "Basic EPS": 0.89,
        "Diluted NI Availto Com Stockholders": NaN,
        "Net Income Common Stockholders": NaN,
        "Preferred Stock Dividends": NaN,
        "Net Income": NaN,
        "Net Income Including Noncontrolling Interests": NaN,
        "Net Income Continuous Operations": NaN,
        "Tax Provision": NaN,
        "Pretax Income": NaN,
        "Special Income Charges": 55000.0,
        "Restructuring And Mergern Acquisition": -55000.0,
        "Gain On Sale Of Security": NaN,
        "Depreciation Amortization Depletion Income Statement": NaN,
        "Depreciation And Amortization In Income Statement": NaN,
        "Amortization": NaN,
        "Amortization Of Intangibles Income Statement": NaN,
        "Selling General And Administration": NaN,
        "Selling And Marketing Expense": NaN,
        "General And Administrative Expense": NaN,
        "Insurance And Claims": NaN,
        "Salaries And Wages": NaN,
        "Total Revenue": NaN,
        "Operating Revenue": NaN,
        "Occupancy And Equipment": NaN,
        "Professional Expense And Contract Services Expense": NaN,
        "Other Non Interest Expense": NaN
    },
    "2023-12-31": {
        "Tax Effect Of Unusual Items": -77671.397965,
        "Tax Rate For Calcs": 0.345206,
        "Total Unusual Items": -225000.0,
        "Total Unusual Items Excluding Goodwill": -225000.0,
        "Net Income From Continuing Operation Net Minority Interest": 9780000.0,
        "Reconciled Depreciation": 2011000.0,
        "Net Interest Income": 39886000.0,
        "Interest Expense": 36661000.0,
        "Interest Income": 76547000.0,
        "Normalized Income": 9927328.602035,
        "Net Income From Continuing And Discontinued Operation": 9780000.0,
        "Diluted Average Shares": 15434426.0,
        "Basic Average Shares": 15434426.0,
        "Diluted EPS": 0.61,
        "Basic EPS": 0.61,
        "Diluted NI Availto Com Stockholders": 9415000.0,
        "Net Income Common Stockholders": 9415000.0,
        "Preferred Stock Dividends": 365000.0,
        "Net Income": 9780000.0,
        "Net Income Including Noncontrolling Interests": 9780000.0,
        "Net Income Continuous Operations": 9780000.0,
        "Tax Provision": 5156000.0,
        "Pretax Income": 14936000.0,
        "Special Income Charges": -188000.0,
        "Restructuring And Mergern Acquisition": 188000.0,
        "Gain On Sale Of Security": -3851000.0,
        "Depreciation Amortization Depletion Income Statement": 221000.0,
        "Depreciation And Amortization In Income Statement": 221000.0,
        "Amortization": 221000.0,
        "Amortization Of Intangibles Income Statement": 221000.0,
        "Selling General And Administration": 21401000.0,
        "Selling And Marketing Expense": 370000.0,
        "General And Administrative Expense": 21031000.0,
        "Insurance And Claims": 1316000.0,
        "Salaries And Wages": 17842000.0,
        "Total Revenue": 54582000.0,
        "Operating Revenue": 54582000.0,
        "Occupancy And Equipment": 3739000.0,
        "Professional Expense And Contract Services Expense": 1415000.0,
        "Other Non Interest Expense": 8083000.0
    },
    "2024-03-31": {
        "Tax Effect Of Unusual Items": -1911.0,
        "Tax Rate For Calcs": 0.147,
        "Total Unusual Items": -13000.0,
        "Total Unusual Items Excluding Goodwill": -13000.0,
        "Net Income From Continuing Operation Net Minority Interest": 2070000.0,
        "Reconciled Depreciation": 2027000.0,
        "Net Interest Income": 40082000.0,
        "Interest Expense": 38331000.0,
        "Interest Income": 78413000.0,
        "Normalized Income": 2081089.0,
        "Net Income From Continuing And Discontinued Operation": 2070000.0,
        "Diluted Average Shares": 15543000.0,
        "Basic Average Shares": 15403000.0,
        "Diluted EPS": 0.11,
        "Basic EPS": 0.11,
        "Diluted NI Availto Com Stockholders": 1705000.0,
        "Net Income Common Stockholders": 1705000.0,
        "Preferred Stock Dividends": 365000.0,
        "Net Income": 2070000.0,
        "Net Income Including Noncontrolling Interests": 2070000.0,
        "Net Income Continuous Operations": 2070000.0,
        "Tax Provision": 356000.0,
        "Pretax Income": 2426000.0,
        "Special Income Charges": 0.0,
        "Restructuring And Mergern Acquisition": 0.0,
        "Gain On Sale Of Security": -201000.0,
        "Depreciation Amortization Depletion Income Statement": 217000.0,
        "Depreciation And Amortization In Income Statement": 217000.0,
        "Amortization": 217000.0,
        "Amortization Of Intangibles Income Statement": 217000.0,
        "Selling General And Administration": 18932000.0,
        "Selling And Marketing Expense": 297000.0,
        "General And Administrative Expense": 18635000.0,
        "Insurance And Claims": 1295000.0,
        "Salaries And Wages": 17340000.0,
        "Total Revenue": 50641000.0,
        "Operating Revenue": 50641000.0,
        "Occupancy And Equipment": 3752000.0,
        "Professional Expense And Contract Services Expense": 2372000.0,
        "Other Non Interest Expense": 9561000.0
    },
    "2024-06-30": {
        "Tax Effect Of Unusual Items": 2024004.37869,
        "Tax Rate For Calcs": 0.149837,
        "Total Unusual Items": 13508000.0,
        "Total Unusual Items Excluding Goodwill": 13508000.0,
        "Net Income From Continuing Operation Net Minority Interest": 25629000.0,
        "Reconciled Depreciation": 1867000.0,
        "Net Interest Income": 41193000.0,
        "Interest Expense": 37595000.0,
        "Interest Income": 78788000.0,
        "Normalized Income": 14145004.37869,
        "Net Income From Continuing And Discontinued Operation": 25629000.0,
        "Diluted Average Shares": 15556000.0,
        "Basic Average Shares": 15444000.0,
        "Diluted EPS": 1.62,
        "Basic EPS": 1.64,
        "Diluted NI Availto Com Stockholders": 25265000.0,
        "Net Income Common Stockholders": 25265000.0,
        "Preferred Stock Dividends": 364000.0,
        "Net Income": 25629000.0,
        "Net Income Including Noncontrolling Interests": 25629000.0,
        "Net Income Continuous Operations": 25629000.0,
        "Tax Provision": 4517000.0,
        "Pretax Income": 30146000.0,
        "Special Income Charges": 0.0,
        "Restructuring And Mergern Acquisition": 0.0,
        "Gain On Sale Of Security": 783000.0,
        "Depreciation Amortization Depletion Income Statement": 114000.0,
        "Depreciation And Amortization In Income Statement": 114000.0,
        "Amortization": 114000.0,
        "Amortization Of Intangibles Income Statement": 114000.0,
        "Selling General And Administration": 17534000.0,
        "Selling And Marketing Expense": 440000.0,
        "General And Administrative Expense": 17094000.0,
        "Insurance And Claims": 1346000.0,
        "Salaries And Wages": 15748000.0,
        "Total Revenue": 64404000.0,
        "Operating Revenue": 64404000.0,
        "Occupancy And Equipment": 3448000.0,
        "Professional Expense And Contract Services Expense": 1794000.0,
        "Other Non Interest Expense": 9732000.0
    },
    "2024-09-30": {
        "Tax Effect Of Unusual Items": 10212.0,
        "Tax Rate For Calcs": 0.074,
        "Total Unusual Items": 138000.0,
        "Total Unusual Items Excluding Goodwill": 138000.0,
        "Net Income From Continuing Operation Net Minority Interest": 13466000.0,
        "Reconciled Depreciation": 1825000.0,
        "Net Interest Income": 40681000.0,
        "Interest Expense": 37230000.0,
        "Interest Income": 77911000.0,
        "Normalized Income": 13338212.0,
        "Net Income From Continuing And Discontinued Operation": 13466000.0,
        "Diluted Average Shares": 15636000.0,
        "Basic Average Shares": 15464000.0,
        "Diluted EPS": 0.84,
        "Basic EPS": 0.85,
        "Diluted NI Availto Com Stockholders": 13101000.0,
        "Net Income Common Stockholders": 13101000.0,
        "Preferred Stock Dividends": 365000.0,
        "Net Income": 13466000.0,
        "Net Income Including Noncontrolling Interests": 13466000.0,
        "Net Income Continuous Operations": 13466000.0,
        "Tax Provision": 1082000.0,
        "Pretax Income": 14548000.0,
        "Special Income Charges": 0.0,
        "Restructuring And Mergern Acquisition": 0.0,
        "Gain On Sale Of Security": 42000.0,
        "Depreciation Amortization Depletion Income Statement": 112000.0,
        "Depreciation And Amortization In Income Statement": 112000.0,
        "Amortization": 112000.0,
        "Amortization Of Intangibles Income Statement": 112000.0,
        "Selling General And Administration": 17342000.0,
        "Selling And Marketing Expense": 371000.0,
        "General And Administrative Expense": 16971000.0,
        "Insurance And Claims": 1092000.0,
        "Salaries And Wages": 15879000.0,
        "Total Revenue": 49721000.0,
        "Operating Revenue": 49721000.0,
        "Occupancy And Equipment": 3370000.0,
        "Professional Expense And Contract Services Expense": 1965000.0,
        "Other Non Interest Expense": 9270000.0
    },
    "2024-12-31": {
        "Tax Effect Of Unusual Items": -6497707.360239,
        "Tax Rate For Calcs": 0.281579,
        "Total Unusual Items": -23076000.0,
        "Total Unusual Items Excluding Goodwill": -23076000.0,
        "Net Income From Continuing Operation Net Minority Interest": -82811000.0,
        "Reconciled Depreciation": 1956000.0,
        "Net Interest Income": 41633000.0,
        "Interest Expense": 36486000.0,
        "Interest Income": 78119000.0,
        "Normalized Income": -66232707.360239,
        "Net Income From Continuing And Discontinued Operation": -82811000.0,
        "Diluted Average Shares": 16430846.0,
        "Basic Average Shares": 16430846.0,
        "Diluted EPS": -4.02,
        "Basic EPS": -4.02,
        "Diluted NI Availto Com Stockholders": -83176000.0,
        "Net Income Common Stockholders": -83176000.0,
        "Preferred Stock Dividends": 365000.0,
        "Net Income": -82811000.0,
        "Net Income Including Noncontrolling Interests": -82811000.0,
        "Net Income Continuous Operations": -82811000.0,
        "Tax Provision": -32457000.0,
        "Pretax Income": -115268000.0,
        "Special Income Charges": -23057000.0,
        "Restructuring And Mergern Acquisition": 35000.0,
        "Gain On Sale Of Security": -100728000.0,
        "Depreciation Amortization Depletion Income Statement": 109000.0,
        "Depreciation And Amortization In Income Statement": 109000.0,
        "Amortization": 109000.0,
        "Amortization Of Intangibles Income Statement": 109000.0,
        "Selling General And Administration": 19175000.0,
        "Selling And Marketing Expense": 465000.0,
        "General And Administrative Expense": 18710000.0,
        "Insurance And Claims": 1551000.0,
        "Salaries And Wages": 17159000.0,
        "Total Revenue": -50240000.0,
        "Operating Revenue": -50240000.0,
        "Occupancy And Equipment": 3791000.0,
        "Professional Expense And Contract Services Expense": 1571000.0,
        "Other Non Interest Expense": 11347000.0
    },
    "2025-03-31": {
        "Tax Effect Of Unusual Items": -12376.0,
        "Tax Rate For Calcs": 0.182,
        "Total Unusual Items": -68000.0,
        "Total Unusual Items Excluding Goodwill": -68000.0,
        "Net Income From Continuing Operation Net Minority Interest": 16878000.0,
        "Reconciled Depreciation": 1910000.0,
        "Net Interest Income": 46864000.0,
        "Interest Expense": 34187000.0,
        "Interest Income": 81051000.0,
        "Normalized Income": 16933624.0,
        "Net Income From Continuing And Discontinued Operation": 16878000.0,
        "Diluted Average Shares": 20285000.0,
        "Basic Average Shares": 20073000.0,
        "Diluted EPS": 0.81,
        "Basic EPS": 0.82,
        "Diluted NI Availto Com Stockholders": 16513000.0,
        "Net Income Common Stockholders": 16513000.0,
        "Preferred Stock Dividends": 365000.0,
        "Net Income": 16878000.0,
        "Net Income Including Noncontrolling Interests": 16878000.0,
        "Net Income Continuous Operations": 16878000.0,
        "Tax Provision": 3746000.0,
        "Pretax Income": 20624000.0,
        "Special Income Charges": -68000.0,
        "Restructuring And Mergern Acquisition": 68000.0,
        "Gain On Sale Of Security": -264000.0,
        "Depreciation Amortization Depletion Income Statement": 107000.0,
        "Depreciation And Amortization In Income Statement": 107000.0,
        "Amortization": 107000.0,
        "Amortization Of Intangibles Income Statement": 107000.0,
        "Selling General And Administration": 18707000.0,
        "Selling And Marketing Expense": 342000.0,
        "General And Administrative Expense": 18365000.0,
        "Insurance And Claims": 1467000.0,
        "Salaries And Wages": 16898000.0,
        "Total Revenue": 56822000.0,
        "Operating Revenue": 56822000.0,
        "Occupancy And Equipment": 3590000.0,
        "Professional Expense And Contract Services Expense": 1691000.0,
        "Other Non Interest Expense": 9816000.0
    },
    "2025-06-30": {
        "Tax Effect Of Unusual Items": 0.0,
        "Tax Rate For Calcs": 0.184368,
        "Total Unusual Items": 0.0,
        "Total Unusual Items Excluding Goodwill": 0.0,
        "Net Income From Continuing Operation Net Minority Interest": 17532000.0,
        "Reconciled Depreciation": 1915000.0,
        "Net Interest Income": 49122000.0,
        "Interest Expense": 33745000.0,
        "Interest Income": 82867000.0,
        "Normalized Income": 17532000.0,
        "Net Income From Continuing And Discontinued Operation": 17532000.0,
        "Diluted Average Shares": 20294000.0,
        "Basic Average Shares": 20107000.0,
        "Diluted EPS": 0.85,
        "Basic EPS": 0.85,
        "Diluted NI Availto Com Stockholders": 17168000.0,
        "Net Income Common Stockholders": 17168000.0,
        "Preferred Stock Dividends": 364000.0,
        "Net Income": 17532000.0,
        "Net Income Including Noncontrolling Interests": 17532000.0,
        "Net Income Continuous Operations": 17532000.0,
        "Tax Provision": 3963000.0,
        "Pretax Income": 21495000.0,
        "Special Income Charges": 0.0,
        "Restructuring And Mergern Acquisition": 0.0,
        "Gain On Sale Of Security": -170000.0,
        "Depreciation Amortization Depletion Income Statement": 105000.0,
        "Depreciation And Amortization In Income Statement": 105000.0,
        "Amortization": 105000.0,
        "Amortization Of Intangibles Income Statement": 105000.0,
        "Selling General And Administration": 19957000.0,
        "Selling And Marketing Expense": 495000.0,
        "General And Administrative Expense": 19462000.0,
        "Insurance And Claims": 1392000.0,
        "Salaries And Wages": 18070000.0,
        "Total Revenue": 59432000.0,
        "Operating Revenue": 59432000.0,
        "Occupancy And Equipment": 3982000.0,
        "Professional Expense And Contract Services Expense": 1451000.0,
        "Other Non Interest Expense": 9954000.0
    }
}