{
    "2023-06-30": {
        "Tax Effect Of Unusual Items": -462540.269008,
        "Tax Rate For Calcs": 0.184573,
        "Normalized EBITDA": 111712000.0,
        "Total Unusual Items": -2506000.0,
        "Total Unusual Items Excluding Goodwill": -2506000.0,
        "Net Income From Continuing Operation Net Minority Interest": 69476000.0,
        "Reconciled Depreciation": 20086000.0,
        "Reconciled Cost Of Revenue": 1068510000.0,
        "EBITDA": 109206000.0,
        "EBIT": 89120000.0,
        "Net Interest Income": -3826000.0,
        "Interest Expense": 3918000.0,
        "Interest Income": 92000.0,
        "Normalized Income": 71519459.730992,
        "Net Income From Continuing And Discontinued Operation": 69476000.0,
        "Total Expenses": 1204940000.0,
        "Total Operating Income As Reported": 92082000.0,
        "Diluted Average Shares": 35906000.0,
        "Basic Average Shares": 35822000.0,
        "Diluted EPS": 1.93,
        "Basic EPS": 1.94,
        "Diluted NI Availto Com Stockholders": 69476000.0,
        "Net Income Common Stockholders": 69476000.0,
        "Net Income": 69476000.0,
        "Net Income Including Noncontrolling Interests": 69476000.0,
        "Net Income Continuous Operations": 69476000.0,
        "Tax Provision": 15726000.0,
        "Pretax Income": 85202000.0,
        "Other Income Expense": -2462000.0,
        "Other Non Operating Income Expenses": 44000.0,
        "Special Income Charges": -2506000.0,
        "Gain On Sale Of Ppe": 592000.0,
        "Restructuring And Mergern Acquisition": 3098000.0,
        "Net Non Operating Interest Income Expense": -3826000.0,
        "Interest Expense Non Operating": 3918000.0,
        "Interest Income Non Operating": 92000.0,
        "Operating Income": 91490000.0,
        "Operating Expense": 136430000.0,
        "Selling General And Administration": 136430000.0,
        "Gross Profit": 227920000.0,
        "Cost Of Revenue": 1068510000.0,
        "Total Revenue": 1296430000.0,
        "Operating Revenue": 1296430000.0
    },
    "2023-03-31": {
        "Tax Effect Of Unusual Items": -244970.0,
        "Tax Rate For Calcs": 0.131,
        "Normalized EBITDA": 91289000.0,
        "Total Unusual Items": -1870000.0,
        "Total Unusual Items Excluding Goodwill": -1870000.0,
        "Net Income From Continuing Operation Net Minority Interest": 57216000.0,
        "Reconciled Depreciation": 19518000.0,
        "Reconciled Cost Of Revenue": 969235000.0,
        "EBITDA": 89419000.0,
        "EBIT": 69901000.0,
        "Net Interest Income": -2679000.0,
        "Interest Expense": 4076000.0,
        "Interest Income": 1397000.0,
        "Normalized Income": 58841030.0,
        "Net Income From Continuing And Discontinued Operation": 57216000.0,
        "Total Expenses": 1104267000.0,
        "Total Operating Income As Reported": 70885000.0,
        "Diluted Average Shares": 35907000.0,
        "Basic Average Shares": 35812000.0,
        "Diluted EPS": 1.59,
        "Basic EPS": 1.6,
        "Diluted NI Availto Com Stockholders": 57216000.0,
        "Net Income Common Stockholders": 57216000.0,
        "Net Income": 57216000.0,
        "Net Income Including Noncontrolling Interests": 57216000.0,
        "Net Income Continuous Operations": 57216000.0,
        "Tax Provision": 8609000.0,
        "Pretax Income": 65825000.0,
        "Other Income Expense": -1869000.0,
        "Other Non Operating Income Expenses": 1000.0,
        "Special Income Charges": -1870000.0,
        "Gain On Sale Of Ppe": 512000.0,
        "Restructuring And Mergern Acquisition": 2382000.0,
        "Net Non Operating Interest Income Expense": -2679000.0,
        "Interest Expense Non Operating": 4076000.0,
        "Interest Income Non Operating": 1397000.0,
        "Operating Income": 70373000.0,
        "Operating Expense": 135032000.0,
        "Selling General And Administration": 135032000.0,
        "Gross Profit": 205405000.0,
        "Cost Of Revenue": 969235000.0,
        "Total Revenue": 1174640000.0,
        "Operating Revenue": 1174640000.0
    },
    "2022-12-31": {
        "Tax Effect Of Unusual Items": -1026266.755937,
        "Tax Rate For Calcs": 0.210473,
        "Normalized EBITDA": 98511000.0,
        "Total Unusual Items": -4876000.0,
        "Total Unusual Items Excluding Goodwill": -4876000.0,
        "Net Income From Continuing Operation Net Minority Interest": 55424000.0,
        "Reconciled Depreciation": 20102000.0,
        "Reconciled Cost Of Revenue": 905940000.0,
        "EBITDA": 93635000.0,
        "EBIT": 73533000.0,
        "Net Interest Income": -4556000.0,
        "Interest Expense": 3334000.0,
        "Interest Income": 364000.0,
        "Normalized Income": 59273733.244063,
        "Net Income From Continuing And Discontinued Operation": 55424000.0,
        "Total Expenses": 1037590000.0,
        "Total Operating Income As Reported": 80071000.0,
        "Diluted Average Shares": 35948000.0,
        "Basic Average Shares": 35828000.0,
        "Diluted EPS": 1.54,
        "Basic EPS": 1.55,
        "Diluted NI Availto Com Stockholders": 55424000.0,
        "Net Income Common Stockholders": 55424000.0,
        "Net Income": 55424000.0,
        "Net Income Including Noncontrolling Interests": 55424000.0,
        "Net Income Continuous Operations": 55424000.0,
        "Tax Provision": 14775000.0,
        "Pretax Income": 70199000.0,
        "Other Income Expense": -4843000.0,
        "Other Non Operating Income Expenses": 33000.0,
        "Special Income Charges": -4876000.0,
        "Gain On Sale Of Ppe": 473000.0,
        "Restructuring And Mergern Acquisition": 5349000.0,
        "Net Non Operating Interest Income Expense": -4556000.0,
        "Interest Expense Non Operating": 3334000.0,
        "Interest Income Non Operating": 364000.0,
        "Operating Income": 79598000.0,
        "Operating Expense": 131650000.0,
        "Selling General And Administration": 131650000.0,
        "Gross Profit": 211248000.0,
        "Cost Of Revenue": 905940000.0,
        "Total Revenue": 1117188000.0,
        "Operating Revenue": 1117188000.0
    },
    "2022-09-30": {
        "Tax Effect Of Unusual Items": -527145.025861,
        "Tax Rate For Calcs": 0.173574,
        "Normalized EBITDA": 100873000.0,
        "Total Unusual Items": -3037000.0,
        "Total Unusual Items Excluding Goodwill": -3037000.0,
        "Net Income From Continuing Operation Net Minority Interest": 61515000.0,
        "Reconciled Depreciation": 19792000.0,
        "Reconciled Cost Of Revenue": 917788000.0,
        "EBITDA": 97836000.0,
        "EBIT": 78044000.0,
        "Net Interest Income": -3604000.0,
        "Interest Expense": 3609000.0,
        "Interest Income": 5000.0,
        "Normalized Income": 64024854.974139,
        "Net Income From Continuing And Discontinued Operation": 61515000.0,
        "Total Expenses": 1038982000.0,
        "Total Operating Income As Reported": 81436000.0,
        "Diluted Average Shares": 35972000.0,
        "Basic Average Shares": 35853000.0,
        "Diluted EPS": 1.71,
        "Basic EPS": 1.72,
        "Diluted NI Availto Com Stockholders": 61515000.0,
        "Net Income Common Stockholders": 61515000.0,
        "Net Income": 61515000.0,
        "Net Income Including Noncontrolling Interests": 61515000.0,
        "Net Income Continuous Operations": 61515000.0,
        "Tax Provision": 12920000.0,
        "Pretax Income": 74435000.0,
        "Other Income Expense": -2991000.0,
        "Other Non Operating Income Expenses": 46000.0,
        "Special Income Charges": -3037000.0,
        "Gain On Sale Of Ppe": 406000.0,
        "Restructuring And Mergern Acquisition": 3443000.0,
        "Net Non Operating Interest Income Expense": -3604000.0,
        "Interest Expense Non Operating": 3609000.0,
        "Interest Income Non Operating": 5000.0,
        "Operating Income": 81030000.0,
        "Operating Expense": 121194000.0,
        "Selling General And Administration": 121194000.0,
        "Gross Profit": 202224000.0,
        "Cost Of Revenue": 917788000.0,
        "Total Revenue": 1120012000.0,
        "Operating Revenue": 1120012000.0
    },
    "2022-06-30": {
        "Tax Effect Of Unusual Items": 56434.495001,
        "Tax Rate For Calcs": 0.210576,
        "Normalized EBITDA": 76889000.0,
        "Total Unusual Items": 268000.0,
        "Total Unusual Items Excluding Goodwill": 268000.0,
        "Net Income From Continuing Operation Net Minority Interest": 42246000.0,
        "Reconciled Depreciation": 20616000.0,
        "Reconciled Cost Of Revenue": 842956000.0,
        "EBITDA": 77157000.0,
        "EBIT": 56541000.0,
        "Net Interest Income": -3020000.0,
        "Interest Expense": 3026000.0,
        "Interest Income": 6000.0,
        "Normalized Income": 42034434.495001,
        "Net Income From Continuing And Discontinued Operation": 42246000.0,
        "Total Expenses": 961680000.0,
        "Total Operating Income As Reported": 56651000.0,
        "Diluted Average Shares": 36073000.0,
        "Basic Average Shares": 35970000.0,
        "Diluted EPS": 1.17,
        "Basic EPS": 1.17,
        "Diluted NI Availto Com Stockholders": 42246000.0,
        "Net Income Common Stockholders": 42246000.0,
        "Net Income": 42246000.0,
        "Net Income Including Noncontrolling Interests": 42246000.0,
        "Net Income Continuous Operations": 42246000.0,
        "Tax Provision": 11269000.0,
        "Pretax Income": 53515000.0,
        "Other Income Expense": 267000.0,
        "Other Non Operating Income Expenses": -1000.0,
        "Special Income Charges": 268000.0,
        "Gain On Sale Of Ppe": 383000.0,
        "Restructuring And Mergern Acquisition": 115000.0,
        "Net Non Operating Interest Income Expense": -3020000.0,
        "Interest Expense Non Operating": 3026000.0,
        "Interest Income Non Operating": 6000.0,
        "Operating Income": 56268000.0,
        "Operating Expense": 118724000.0,
        "Selling General And Administration": 118724000.0,
        "Gross Profit": 174992000.0,
        "Cost Of Revenue": 842956000.0,
        "Total Revenue": 1017948000.0,
        "Operating Revenue": 1017948000.0
    },
    "2022-03-31": {
        "Diluted EPS": 2.4,
        "Total Revenue": 885,
        "Gross Profit": 153,
        "Operating Income": 36,
        "EBIT": 57,
        "Net Income": 87
    },
    "2021-12-31": {
        "Diluted EPS": 1.03,
        "Total Revenue": 856,
        "Gross Profit": 154,
        "Operating Income": 49,
        "EBIT": 68,
        "Net Income": 38
    },
    "2021-09-30": {
        "Diluted EPS": 1.27,
        "Total Revenue": 834,
        "Gross Profit": 159,
        "Operating Income": 64,
        "EBIT": 83,
        "Net Income": 46
    },
    "2021-06-30": {
        "Diluted EPS": 0.9,
        "Total Revenue": 714,
        "Gross Profit": 126,
        "Operating Income": 39,
        "EBIT": 55,
        "Net Income": 33
    },
    "2021-03-31": {
        "Diluted EPS": 0.73,
        "Total Revenue": 670,
        "Gross Profit": 123,
        "Operating Income": 36,
        "EBIT": 52,
        "Net Income": 26
    },
    "2020-12-31": {
        "Diluted EPS": 1.17,
        "Total Revenue": 699,
        "Gross Profit": 137,
        "Operating Income": 48,
        "EBIT": 63,
        "Net Income": 43
    },
    "2020-09-30": {
        "Diluted EPS": 1.36,
        "Total Revenue": 714,
        "Gross Profit": 147,
        "Operating Income": 57,
        "EBIT": 72,
        "Net Income": 50
    },
    "2020-06-30": {
        "Diluted EPS": 1.08,
        "Total Revenue": 743,
        "Gross Profit": 146,
        "Operating Income": 61,
        "EBIT": 79,
        "Net Income": 39
    },
    "2020-03-31": {
        "Diluted EPS": 0.48,
        "Total Revenue": 700,
        "Gross Profit": 117,
        "Operating Income": 25,
        "EBIT": 38,
        "Net Income": 18
    },
    "2019-12-31": {
        "Diluted EPS": 0.92,
        "Total Revenue": 720,
        "Gross Profit": 133,
        "Operating Income": 47,
        "EBIT": 60,
        "Net Income": 34
    },
    "2019-09-30": {
        "Diluted EPS": 0.98,
        "Total Revenue": 707,
        "Gross Profit": 143,
        "Operating Income": 53,
        "EBIT": 67,
        "Net Income": 36
    },
    "2019-06-30": {
        "Diluted EPS": 0.65,
        "Total Revenue": 650,
        "Gross Profit": 120,
        "Operating Income": 36,
        "EBIT": 50,
        "Net Income": 24
    },
    "2019-03-31": {
        "Diluted EPS": 0.53,
        "Total Revenue": 538,
        "Gross Profit": 107,
        "Operating Income": 28,
        "EBIT": 39,
        "Net Income": 20
    },
    "2018-12-31": {
        "Diluted EPS": 0.67,
        "Total Revenue": 588,
        "Gross Profit": 118,
        "Operating Income": 38,
        "EBIT": 50,
        "Net Income": 25
    },
    "2018-09-30": {
        "Diluted EPS": 1.02,
        "Total Revenue": 595,
        "Gross Profit": 128,
        "Operating Income": 53,
        "EBIT": 64,
        "Net Income": 39
    },
    "2018-06-30": {
        "Diluted EPS": 0.87,
        "Total Revenue": 535,
        "Gross Profit": 111,
        "Operating Income": 40,
        "EBIT": 51,
        "Net Income": 33
    },
    "2018-03-31": {
        "Diluted EPS": 0.44,
        "Total Revenue": 465,
        "Gross Profit": 89,
        "Operating Income": 19,
        "EBIT": 29,
        "Net Income": 17
    },
    "2017-12-31": {
        "Diluted EPS": 0.2,
        "Total Revenue": 461,
        "Gross Profit": 94,
        "Operating Income": 24,
        "EBIT": 34,
        "Net Income": 8
    },
    "2017-09-30": {
        "Diluted EPS": 0.59,
        "Total Revenue": 481,
        "Gross Profit": 101,
        "Operating Income": 34,
        "EBIT": 45,
        "Net Income": 22
    },
    "2017-06-30": {
        "Diluted EPS": 0.48,
        "Total Revenue": 465,
        "Gross Profit": 96,
        "Operating Income": 29,
        "EBIT": 40,
        "Net Income": 18
    },
    "2017-03-31": {
        "Diluted EPS": 0.2,
        "Total Revenue": 381,
        "Gross Profit": 76,
        "Operating Income": 12,
        "EBIT": 19,
        "Net Income": 7
    },
    "2016-12-31": {
        "Diluted EPS": 0.45,
        "Total Revenue": 392,
        "Gross Profit": 88,
        "Operating Income": 26,
        "EBIT": 32,
        "Net Income": 17
    },
    "2016-09-30": {
        "Diluted EPS": 0.54,
        "Total Revenue": 429,
        "Gross Profit": 93,
        "Operating Income": 32,
        "EBIT": 39,
        "Net Income": 20
    },
    "2016-06-30": {
        "Diluted EPS": 0.47,
        "Total Revenue": 428,
        "Gross Profit": 89,
        "Operating Income": 29,
        "EBIT": 36,
        "Net Income": 18
    },
    "2016-03-31": {
        "Diluted EPS": 0.26,
        "Total Revenue": 386,
        "Gross Profit": 74,
        "Operating Income": 15,
        "EBIT": 22,
        "Net Income": 10
    },
    "2015-12-31": {
        "Diluted EPS": 0.36,
        "Total Revenue": 384,
        "Gross Profit": 84,
        "Operating Income": 24,
        "EBIT": 30,
        "Net Income": 13
    },
    "2015-09-30": {
        "Diluted EPS": 0.46,
        "Total Revenue": 411,
        "Gross Profit": 87,
        "Operating Income": 30,
        "EBIT": 36,
        "Net Income": 18
    },
    "2015-06-30": {
        "Diluted EPS": 0.35,
        "Total Revenue": 417,
        "Gross Profit": 82,
        "Operating Income": 25,
        "EBIT": 31,
        "Net Income": 13
    },
    "2015-03-31": {
        "Diluted EPS": 0.13,
        "Total Revenue": 370,
        "Gross Profit": 65,
        "Operating Income": 11,
        "EBIT": 17,
        "Net Income": 5
    },
    "2014-12-31": {
        "Diluted EPS": 0.28,
        "Total Revenue": 356,
        "Gross Profit": 69,
        "Operating Income": 15,
        "EBIT": 21,
        "Net Income": 11
    },
    "2014-09-30": {
        "Diluted EPS": 0.2,
        "Total Revenue": 370,
        "Gross Profit": 66,
        "Operating Income": 15,
        "EBIT": 21,
        "Net Income": 8
    },
    "2014-06-30": {
        "Diluted EPS": 0.12,
        "Total Revenue": 363,
        "Gross Profit": 62,
        "Operating Income": 11,
        "EBIT": 16,
        "Net Income": 4
    },
    "2014-03-31": {
        "Diluted EPS": 0.01,
        "Total Revenue": 321,
        "Gross Profit": 52,
        "Operating Income": 2,
        "EBIT": 7,
        "Net Income": 0
    },
    "2013-12-31": {
        "Diluted EPS": 0.15,
        "Total Revenue": 330,
        "Gross Profit": 61,
        "Operating Income": 9,
        "EBIT": 14,
        "Net Income": 6
    },
    "2013-09-30": {
        "Diluted EPS": 0.3,
        "Total Revenue": 350,
        "Gross Profit": 67,
        "Operating Income": 18,
        "EBIT": 22,
        "Net Income": 11
    },
    "2013-06-30": {
        "Diluted EPS": 0.21,
        "Total Revenue": 351,
        "Gross Profit": 60,
        "Operating Income": 14,
        "EBIT": 19,
        "Net Income": 8
    },
    "2013-03-31": {
        "Diluted EPS": 0.07,
        "Total Revenue": 326,
        "Gross Profit": 51,
        "Operating Income": 5,
        "EBIT": 10,
        "Net Income": 3
    },
    "2012-12-31": {
        "Diluted EPS": 0.12,
        "Total Revenue": 316,
        "Gross Profit": 55,
        "Operating Income": 8,
        "EBIT": 13,
        "Net Income": 4
    },
    "2012-09-30": {
        "Diluted EPS": 0.15,
        "Total Revenue": 335,
        "Gross Profit": 56,
        "Operating Income": 10,
        "EBIT": 15,
        "Net Income": 6
    },
    "2012-06-30": {
        "Diluted EPS": 0.12,
        "Total Revenue": 353,
        "Gross Profit": 54,
        "Operating Income": 7,
        "EBIT": 13,
        "Net Income": 4
    },
    "2012-03-31": {
        "Diluted EPS": -0.03,
        "Total Revenue": 327,
        "Gross Profit": 43,
        "Operating Income": -3,
        "EBIT": 2,
        "Net Income": -1
    },
    "2011-12-31": {
        "Diluted EPS": 0.05,
        "Total Revenue": 294,
        "Gross Profit": 51,
        "Operating Income": 8,
        "EBIT": 17,
        "Net Income": 2
    },
    "2011-09-30": {
        "Diluted EPS": -0.98,
        "Total Revenue": 328,
        "Gross Profit": 49,
        "Operating Income": -47,
        "EBIT": 12,
        "Net Income": -37
    },
    "2011-06-30": {
        "Diluted EPS": 0.08,
        "Total Revenue": 312,
        "Gross Profit": 48,
        "Operating Income": 6,
        "EBIT": 10,
        "Net Income": 3
    },
    "2011-03-31": {
        "Diluted EPS": -0.14,
        "Total Revenue": 282,
        "Gross Profit": 34,
        "Operating Income": -8,
        "EBIT": -3,
        "Net Income": -5
    },
    "2010-12-31": {
        "Diluted EPS": 0.16,
        "Total Revenue": 270,
        "Gross Profit": 58,
        "Operating Income": 19,
        "EBIT": 25,
        "Net Income": 6
    },
    "2010-09-30": {
        "Diluted EPS": 0.14,
        "Total Revenue": 308,
        "Gross Profit": 50,
        "Operating Income": 8,
        "EBIT": 13,
        "Net Income": 5
    },
    "2010-06-30": {
        "Diluted EPS": 0.04,
        "Total Revenue": 250,
        "Gross Profit": 42,
        "Operating Income": 2,
        "EBIT": 10,
        "Net Income": 2
    },
    "2010-03-31": {
        "Diluted EPS": 0.05,
        "Total Revenue": 236,
        "Gross Profit": 40,
        "Operating Income": 2,
        "EBIT": 6,
        "Net Income": 2
    },
    "2009-12-31": {
        "Diluted EPS": 0.2,
        "Total Revenue": 257,
        "Gross Profit": 55,
        "Operating Income": 12,
        "EBIT": 15,
        "Net Income": 8
    },
    "2009-09-30": {
        "Diluted EPS": 0.25,
        "Total Revenue": 292,
        "Gross Profit": 57,
        "Operating Income": 16,
        "EBIT": 19,
        "Net Income": 10
    },
    "2009-06-30": {
        "Diluted EPS": 0.26,
        "Total Revenue": 300,
        "Gross Profit": 58,
        "Operating Income": 17,
        "EBIT": 20,
        "Net Income": 10
    },
    "2009-03-31": {
        "Diluted EPS": 0.18,
        "Total Revenue": 280,
        "Gross Profit": 55,
        "Operating Income": 12,
        "EBIT": 15,
        "Net Income": 7
    },
    "2023-09-30": {
        "Tax Effect Of Unusual Items": -1319459.206939,
        "Tax Rate For Calcs": 0.161937,
        "Normalized EBITDA": 155858000.0,
        "Total Unusual Items": -8148000.0,
        "Total Unusual Items Excluding Goodwill": -8148000.0,
        "Net Income From Continuing Operation Net Minority Interest": 105125000.0,
        "Reconciled Depreciation": 20386000.0,
        "Reconciled Cost Of Revenue": 1100625000.0,
        "EBITDA": 147710000.0,
        "EBIT": 127324000.0,
        "Net Interest Income": -934000.0,
        "Interest Expense": 1886000.0,
        "Interest Income": 952000.0,
        "Normalized Income": 111953540.793061,
        "Net Income From Continuing And Discontinued Operation": 105125000.0,
        "Total Expenses": 1243560000.0,
        "Total Operating Income As Reported": 135143000.0,
        "Diluted Average Shares": 35917000.0,
        "Basic Average Shares": 35820000.0,
        "Diluted EPS": 2.93,
        "Basic EPS": 2.93,
        "Diluted NI Availto Com Stockholders": 105125000.0,
        "Net Income Common Stockholders": 105125000.0,
        "Net Income": 105125000.0,
        "Net Income Including Noncontrolling Interests": 105125000.0,
        "Net Income Continuous Operations": 105125000.0,
        "Tax Provision": 20313000.0,
        "Pretax Income": 125438000.0,
        "Other Income Expense": -8192000.0,
        "Other Non Operating Income Expenses": -44000.0,
        "Special Income Charges": -8148000.0,
        "Gain On Sale Of Ppe": 579000.0,
        "Restructuring And Mergern Acquisition": 8727000.0,
        "Net Non Operating Interest Income Expense": -934000.0,
        "Interest Expense Non Operating": 1886000.0,
        "Interest Income Non Operating": 952000.0,
        "Operating Income": 134564000.0,
        "Operating Expense": 142935000.0,
        "Selling General And Administration": 142935000.0,
        "Gross Profit": 277499000.0,
        "Cost Of Revenue": 1100625000.0,
        "Total Revenue": 1378124000.0,
        "Operating Revenue": 1378124000.0
    },
    "2023-12-31": {
        "Tax Effect Of Unusual Items": -1583470.611927,
        "Tax Rate For Calcs": 0.180329,
        "Normalized EBITDA": 141078000.0,
        "Total Unusual Items": -8781000.0,
        "Total Unusual Items Excluding Goodwill": -8781000.0,
        "Net Income From Continuing Operation Net Minority Interest": 91581000.0,
        "Reconciled Depreciation": 21576000.0,
        "Reconciled Cost Of Revenue": 1077881000.0,
        "EBITDA": 132297000.0,
        "EBIT": 110721000.0,
        "Net Interest Income": 650000.0,
        "Interest Expense": -1008000.0,
        "Interest Income": 1051000.0,
        "Normalized Income": 98778529.388073,
        "Net Income From Continuing And Discontinued Operation": 91581000.0,
        "Total Expenses": 1237907000.0,
        "Total Operating Income As Reported": 120278000.0,
        "Diluted Average Shares": 35852000.0,
        "Basic Average Shares": 35752000.0,
        "Diluted EPS": 2.55,
        "Basic EPS": 2.56,
        "Diluted NI Availto Com Stockholders": 91581000.0,
        "Net Income Common Stockholders": 91581000.0,
        "Net Income": 91581000.0,
        "Net Income Including Noncontrolling Interests": 91581000.0,
        "Net Income Continuous Operations": 91581000.0,
        "Tax Provision": 20148000.0,
        "Pretax Income": 111729000.0,
        "Other Income Expense": -8580000.0,
        "Other Non Operating Income Expenses": 201000.0,
        "Special Income Charges": -8781000.0,
        "Gain On Sale Of Ppe": 619000.0,
        "Restructuring And Mergern Acquisition": 9400000.0,
        "Net Non Operating Interest Income Expense": 650000.0,
        "Interest Expense Non Operating": -1008000.0,
        "Interest Income Non Operating": 1051000.0,
        "Operating Income": 119659000.0,
        "Operating Expense": 160026000.0,
        "Selling General And Administration": 160026000.0,
        "Gross Profit": 279685000.0,
        "Cost Of Revenue": 1077881000.0,
        "Total Revenue": 1357566000.0,
        "Operating Revenue": 1357566000.0
    },
    "2024-03-31": {
        "Tax Effect Of Unusual Items": -2532607.0,
        "Tax Rate For Calcs": 0.217,
        "Normalized EBITDA": 171527000.0,
        "Total Unusual Items": -11671000.0,
        "Total Unusual Items Excluding Goodwill": -11671000.0,
        "Net Income From Continuing Operation Net Minority Interest": 96319000.0,
        "Reconciled Depreciation": 35167000.0,
        "Reconciled Cost Of Revenue": 1239653000.0,
        "EBITDA": 159856000.0,
        "EBIT": 124689000.0,
        "Net Interest Income": -30000.0,
        "Interest Expense": 1633000.0,
        "Interest Income": 1603000.0,
        "Normalized Income": 105457393.0,
        "Net Income From Continuing And Discontinued Operation": 96319000.0,
        "Total Expenses": 1402376000.0,
        "Total Operating Income As Reported": 135460000.0,
        "Diluted Average Shares": 35828000.0,
        "Basic Average Shares": 35739000.0,
        "Diluted EPS": 2.69,
        "Basic EPS": 2.7,
        "Diluted NI Availto Com Stockholders": 96319000.0,
        "Net Income Common Stockholders": 96319000.0,
        "Net Income": 96319000.0,
        "Net Income Including Noncontrolling Interests": 96319000.0,
        "Net Income Continuous Operations": 96319000.0,
        "Tax Provision": 26737000.0,
        "Pretax Income": 123056000.0,
        "Other Income Expense": -11554000.0,
        "Other Non Operating Income Expenses": 117000.0,
        "Special Income Charges": -11671000.0,
        "Gain On Sale Of Ppe": 820000.0,
        "Restructuring And Mergern Acquisition": 12491000.0,
        "Net Non Operating Interest Income Expense": -30000.0,
        "Interest Expense Non Operating": 1633000.0,
        "Interest Income Non Operating": 1603000.0,
        "Operating Income": 134640000.0,
        "Operating Expense": 162723000.0,
        "Selling General And Administration": 162723000.0,
        "Gross Profit": 297363000.0,
        "Cost Of Revenue": 1239653000.0,
        "Total Revenue": 1537016000.0,
        "Operating Revenue": 1537016000.0
    },
    "2024-06-30": {
        "Tax Effect Of Unusual Items": -2957910.984056,
        "Tax Rate For Calcs": 0.210109,
        "Normalized EBITDA": 224122000.0,
        "Total Unusual Items": -14078000.0,
        "Total Unusual Items Excluding Goodwill": -14078000.0,
        "Net Income From Continuing Operation Net Minority Interest": 134009000.0,
        "Reconciled Depreciation": 38680000.0,
        "Reconciled Cost Of Revenue": 1446694000.0,
        "EBITDA": 210044000.0,
        "EBIT": 171364000.0,
        "Net Interest Income": -445000.0,
        "Interest Expense": 1709000.0,
        "Interest Income": 1264000.0,
        "Normalized Income": 145129089.015944,
        "Net Income From Continuing And Discontinued Operation": 134009000.0,
        "Total Expenses": 1626231000.0,
        "Total Operating Income As Reported": 184670000.0,
        "Diluted Average Shares": 35828000.0,
        "Basic Average Shares": 35746000.0,
        "Diluted EPS": 3.74,
        "Basic EPS": 3.75,
        "Diluted NI Availto Com Stockholders": 134009000.0,
        "Net Income Common Stockholders": 134009000.0,
        "Net Income": 134009000.0,
        "Net Income Including Noncontrolling Interests": 134009000.0,
        "Net Income Continuous Operations": 134009000.0,
        "Tax Provision": 35646000.0,
        "Pretax Income": 169655000.0,
        "Other Income Expense": -13959000.0,
        "Other Non Operating Income Expenses": 119000.0,
        "Special Income Charges": -14078000.0,
        "Gain On Sale Of Ppe": 611000.0,
        "Restructuring And Mergern Acquisition": 14689000.0,
        "Net Non Operating Interest Income Expense": -445000.0,
        "Interest Expense Non Operating": 1709000.0,
        "Interest Income Non Operating": 1264000.0,
        "Operating Income": 184059000.0,
        "Operating Expense": 179537000.0,
        "Selling General And Administration": 179537000.0,
        "Gross Profit": 363596000.0,
        "Cost Of Revenue": 1446694000.0,
        "Total Revenue": 1810290000.0,
        "Operating Revenue": 1810290000.0
    },
    "2024-09-30": {
        "Tax Effect Of Unusual Items": -3521422.161523,
        "Tax Rate For Calcs": 0.221376,
        "Normalized EBITDA": 242203000.0,
        "Total Unusual Items": -15907000.0,
        "Total Unusual Items Excluding Goodwill": -15907000.0,
        "Net Income From Continuing Operation Net Minority Interest": 146235000.0,
        "Reconciled Depreciation": 36754000.0,
        "Reconciled Cost Of Revenue": 1430652000.0,
        "EBITDA": 226296000.0,
        "EBIT": 189542000.0,
        "Net Interest Income": 2095000.0,
        "Interest Expense": 1730000.0,
        "Interest Income": 3825000.0,
        "Normalized Income": 158620577.838477,
        "Net Income From Continuing And Discontinued Operation": 146235000.0,
        "Total Expenses": 1610829000.0,
        "Total Operating Income As Reported": 202884000.0,
        "Diluted Average Shares": 35755000.0,
        "Basic Average Shares": 35669000.0,
        "Diluted EPS": 4.09,
        "Basic EPS": 4.1,
        "Diluted NI Availto Com Stockholders": 146235000.0,
        "Net Income Common Stockholders": 146235000.0,
        "Net Income": 146235000.0,
        "Net Income Including Noncontrolling Interests": 146235000.0,
        "Net Income Continuous Operations": 146235000.0,
        "Tax Provision": 41577000.0,
        "Pretax Income": 187812000.0,
        "Other Income Expense": -15820000.0,
        "Other Non Operating Income Expenses": 87000.0,
        "Special Income Charges": -15907000.0,
        "Gain On Sale Of Ppe": 1347000.0,
        "Restructuring And Mergern Acquisition": 17254000.0,
        "Net Non Operating Interest Income Expense": 2095000.0,
        "Interest Expense Non Operating": 1730000.0,
        "Interest Income Non Operating": 3825000.0,
        "Operating Income": 201537000.0,
        "Operating Expense": 180177000.0,
        "Selling General And Administration": 180177000.0,
        "Gross Profit": 381714000.0,
        "Cost Of Revenue": 1430652000.0,
        "Total Revenue": 1812366000.0,
        "Operating Revenue": 1812366000.0
    }
}