{
    "2023-04-30": {
        "Tax Effect Of Unusual Items": 0.0,
        "Tax Rate For Calcs": 0.245621,
        "Normalized EBITDA": 56632000.0,
        "Net Income From Continuing Operation Net Minority Interest": 36303000.0,
        "Reconciled Depreciation": 7783000.0,
        "Reconciled Cost Of Revenue": 184229000.0,
        "EBITDA": 56632000.0,
        "EBIT": 48849000.0,
        "Net Interest Income": NaN,
        "Interest Income": NaN,
        "Normalized Income": 36303000.0,
        "Net Income From Continuing And Discontinued Operation": 36303000.0,
        "Total Expenses": 237850000.0,
        "Total Operating Income As Reported": 48849000.0,
        "Diluted Average Shares": NaN,
        "Basic Average Shares": NaN,
        "Diluted EPS": NaN,
        "Basic EPS": NaN,
        "Diluted NI Availto Com Stockholders": 36303000.0,
        "Net Income Common Stockholders": 36303000.0,
        "Net Income": 36303000.0,
        "Net Income Including Noncontrolling Interests": 36303000.0,
        "Net Income Continuous Operations": 36303000.0,
        "Tax Provision": 11820000.0,
        "Pretax Income": 48123000.0,
        "Other Income Expense": -3026000.0,
        "Other Non Operating Income Expenses": -3026000.0,
        "Net Non Operating Interest Income Expense": NaN,
        "Interest Income Non Operating": NaN,
        "Operating Income": 48849000.0,
        "Operating Expense": 53621000.0,
        "Selling General And Administration": 53621000.0,
        "Gross Profit": 102470000.0,
        "Cost Of Revenue": 184229000.0,
        "Total Revenue": 286699000.0,
        "Operating Revenue": 286699000.0
    },
    "2023-01-31": {
        "Tax Effect Of Unusual Items": NaN,
        "Tax Rate For Calcs": NaN,
        "Normalized EBITDA": NaN,
        "Net Income From Continuing Operation Net Minority Interest": NaN,
        "Reconciled Depreciation": NaN,
        "Reconciled Cost Of Revenue": NaN,
        "EBITDA": NaN,
        "EBIT": NaN,
        "Net Interest Income": 400000.0,
        "Interest Income": 400000.0,
        "Normalized Income": NaN,
        "Net Income From Continuing And Discontinued Operation": NaN,
        "Total Expenses": NaN,
        "Total Operating Income As Reported": NaN,
        "Diluted Average Shares": 93611000.0,
        "Basic Average Shares": 93353000.0,
        "Diluted EPS": 0.37,
        "Basic EPS": 0.37,
        "Diluted NI Availto Com Stockholders": NaN,
        "Net Income Common Stockholders": NaN,
        "Net Income": NaN,
        "Net Income Including Noncontrolling Interests": NaN,
        "Net Income Continuous Operations": NaN,
        "Tax Provision": NaN,
        "Pretax Income": NaN,
        "Other Income Expense": NaN,
        "Other Non Operating Income Expenses": NaN,
        "Net Non Operating Interest Income Expense": 400000.0,
        "Interest Income Non Operating": 400000.0,
        "Operating Income": NaN,
        "Operating Expense": NaN,
        "Selling General And Administration": NaN,
        "Gross Profit": NaN,
        "Cost Of Revenue": NaN,
        "Total Revenue": NaN,
        "Operating Revenue": NaN
    },
    "2022-10-31": {
        "Tax Effect Of Unusual Items": NaN,
        "Tax Rate For Calcs": NaN,
        "Normalized EBITDA": NaN,
        "Net Income From Continuing Operation Net Minority Interest": NaN,
        "Reconciled Depreciation": NaN,
        "Reconciled Cost Of Revenue": NaN,
        "EBITDA": NaN,
        "EBIT": NaN,
        "Net Interest Income": 200000.0,
        "Interest Income": 200000.0,
        "Normalized Income": NaN,
        "Net Income From Continuing And Discontinued Operation": NaN,
        "Total Expenses": NaN,
        "Total Operating Income As Reported": NaN,
        "Diluted Average Shares": 93602000.0,
        "Basic Average Shares": 93344000.0,
        "Diluted EPS": 0.39,
        "Basic EPS": 0.39,
        "Diluted NI Availto Com Stockholders": NaN,
        "Net Income Common Stockholders": NaN,
        "Net Income": NaN,
        "Net Income Including Noncontrolling Interests": NaN,
        "Net Income Continuous Operations": NaN,
        "Tax Provision": NaN,
        "Pretax Income": NaN,
        "Other Income Expense": NaN,
        "Other Non Operating Income Expenses": NaN,
        "Net Non Operating Interest Income Expense": 200000.0,
        "Interest Income Non Operating": 200000.0,
        "Operating Income": NaN,
        "Operating Expense": NaN,
        "Selling General And Administration": NaN,
        "Gross Profit": NaN,
        "Cost Of Revenue": NaN,
        "Total Revenue": NaN,
        "Operating Revenue": NaN
    },
    "2022-07-31": {
        "Tax Effect Of Unusual Items": 0.0,
        "Tax Rate For Calcs": 0.236,
        "Normalized EBITDA": 55103000.0,
        "Net Income From Continuing Operation Net Minority Interest": 35454000.0,
        "Reconciled Depreciation": 8625000.0,
        "Reconciled Cost Of Revenue": 218716000.0,
        "EBITDA": 55103000.0,
        "EBIT": 46478000.0,
        "Normalized Income": 35454000.0,
        "Net Income From Continuing And Discontinued Operation": 35454000.0,
        "Total Expenses": 271639000.0,
        "Total Operating Income As Reported": 46478000.0,
        "Diluted Average Shares": 93599000.0,
        "Basic Average Shares": 93338000.0,
        "Diluted EPS": 0.38,
        "Basic EPS": 0.38,
        "Diluted NI Availto Com Stockholders": 35454000.0,
        "Net Income Common Stockholders": 35454000.0,
        "Net Income": 35454000.0,
        "Net Income Including Noncontrolling Interests": 35454000.0,
        "Net Income Continuous Operations": 35454000.0,
        "Tax Provision": 10940000.0,
        "Pretax Income": 46394000.0,
        "Other Income Expense": -84000.0,
        "Other Non Operating Income Expenses": -84000.0,
        "Operating Income": 46478000.0,
        "Operating Expense": 52923000.0,
        "Selling General And Administration": 52923000.0,
        "Gross Profit": 99401000.0,
        "Cost Of Revenue": 218716000.0,
        "Total Revenue": 318117000.0,
        "Operating Revenue": 318117000.0
    },
    "2022-04-30": {
        "Diluted EPS": 0.36,
        "Total Revenue": 284,
        "Gross Profit": 98,
        "Operating Income": 45,
        "EBIT": 53,
        "Net Income": 34
    },
    "2022-01-31": {
        "Diluted EPS": 0.33,
        "Total Revenue": 259,
        "Gross Profit": 94,
        "Operating Income": 41,
        "EBIT": 48,
        "Net Income": 31
    },
    "2021-10-31": {
        "Diluted EPS": 0.42,
        "Total Revenue": 283,
        "Gross Profit": 101,
        "Operating Income": 52,
        "EBIT": 59,
        "Net Income": 39
    },
    "2021-07-31": {
        "Diluted EPS": 0.58,
        "Total Revenue": 312,
        "Gross Profit": 125,
        "Operating Income": 70,
        "EBIT": 79,
        "Net Income": 54
    },
    "2021-04-30": {
        "Diluted EPS": 0.42,
        "Total Revenue": 261,
        "Gross Profit": 101,
        "Operating Income": 51,
        "EBIT": 59,
        "Net Income": 39
    },
    "2021-01-31": {
        "Diluted EPS": 0.39,
        "Total Revenue": 246,
        "Gross Profit": 96,
        "Operating Income": 48,
        "EBIT": 56,
        "Net Income": 37
    },
    "2020-10-31": {
        "Diluted EPS": 0.5,
        "Total Revenue": 272,
        "Gross Profit": 108,
        "Operating Income": 62,
        "EBIT": 69,
        "Net Income": 47
    },
    "2020-07-31": {
        "Diluted EPS": 0.55,
        "Total Revenue": 293,
        "Gross Profit": 117,
        "Operating Income": 67,
        "EBIT": 75,
        "Net Income": 51
    },
    "2020-04-30": {
        "Diluted EPS": 0.39,
        "Total Revenue": 262,
        "Gross Profit": 99,
        "Operating Income": 46,
        "EBIT": 55,
        "Net Income": 36
    },
    "2020-01-31": {
        "Diluted EPS": 0.28,
        "Total Revenue": 223,
        "Gross Profit": 82,
        "Operating Income": 33,
        "EBIT": 39,
        "Net Income": 27
    },
    "2019-10-31": {
        "Diluted EPS": 0.35,
        "Total Revenue": 252,
        "Gross Profit": 93,
        "Operating Income": 42,
        "EBIT": 49,
        "Net Income": 33
    },
    "2019-07-31": {
        "Diluted EPS": 0.37,
        "Total Revenue": 264,
        "Gross Profit": 97,
        "Operating Income": 45,
        "EBIT": 52,
        "Net Income": 35
    },
    "2019-04-30": {
        "Diluted EPS": 0.28,
        "Total Revenue": 240,
        "Gross Profit": 85,
        "Operating Income": 34,
        "EBIT": 38,
        "Net Income": 26
    },
    "2019-01-31": {
        "Diluted EPS": 0.27,
        "Total Revenue": 221,
        "Gross Profit": 81,
        "Operating Income": 31,
        "EBIT": 35,
        "Net Income": 25
    },
    "2018-10-31": {
        "Diluted EPS": 0.44,
        "Total Revenue": 261,
        "Gross Profit": 104,
        "Operating Income": 52,
        "EBIT": 56,
        "Net Income": 41
    },
    "2018-07-31": {
        "Diluted EPS": 0.52,
        "Total Revenue": 293,
        "Gross Profit": 116,
        "Operating Income": 63,
        "EBIT": 67,
        "Net Income": 49
    },
    "2018-04-30": {
        "Diluted EPS": 0.39,
        "Total Revenue": 244,
        "Gross Profit": 99,
        "Operating Income": 50,
        "EBIT": 53,
        "Net Income": 36
    },
    "2018-01-31": {
        "Diluted EPS": 0.44,
        "Total Revenue": 227,
        "Gross Profit": 91,
        "Operating Income": 46,
        "EBIT": 49,
        "Net Income": 41
    },
    "2017-10-31": {
        "Diluted EPS": 0.36,
        "Total Revenue": 244,
        "Gross Profit": 96,
        "Operating Income": 51,
        "EBIT": 54,
        "Net Income": 34
    },
    "2017-07-31": {
        "Diluted EPS": 0.41,
        "Total Revenue": 260,
        "Gross Profit": 105,
        "Operating Income": 58,
        "EBIT": 61,
        "Net Income": 38
    },
    "2017-04-30": {
        "Diluted EPS": 0.31,
        "Total Revenue": 212,
        "Gross Profit": 86,
        "Operating Income": 44,
        "EBIT": 48,
        "Net Income": 29
    },
    "2017-01-31": {
        "Diluted EPS": 0.26,
        "Total Revenue": 195,
        "Gross Profit": 76,
        "Operating Income": 37,
        "EBIT": 40,
        "Net Income": 24
    },
    "2016-10-31": {
        "Diluted EPS": 0.27,
        "Total Revenue": 203,
        "Gross Profit": 79,
        "Operating Income": 37,
        "EBIT": 41,
        "Net Income": 25
    },
    "2016-07-31": {
        "Diluted EPS": 0.31,
        "Total Revenue": 217,
        "Gross Profit": 85,
        "Operating Income": 44,
        "EBIT": 47,
        "Net Income": 29
    },
    "2016-04-30": {
        "Diluted EPS": 0.19,
        "Total Revenue": 179,
        "Gross Profit": 65,
        "Operating Income": 26,
        "EBIT": 29,
        "Net Income": 17
    },
    "2016-01-31": {
        "Diluted EPS": 0.12,
        "Total Revenue": 162,
        "Gross Profit": 53,
        "Operating Income": 17,
        "EBIT": 20,
        "Net Income": 11
    },
    "2015-10-31": {
        "Diluted EPS": 0.17,
        "Total Revenue": 179,
        "Gross Profit": 61,
        "Operating Income": 23,
        "EBIT": 26,
        "Net Income": 15
    },
    "2015-07-31": {
        "Diluted EPS": 0.19,
        "Total Revenue": 185,
        "Gross Profit": 63,
        "Operating Income": 26,
        "EBIT": 29,
        "Net Income": 17
    },
    "2015-04-30": {
        "Diluted EPS": 0.13,
        "Total Revenue": 165,
        "Gross Profit": 55,
        "Operating Income": 19,
        "EBIT": 21,
        "Net Income": 12
    },
    "2015-01-31": {
        "Diluted EPS": 0.1,
        "Total Revenue": 143,
        "Gross Profit": 46,
        "Operating Income": 13,
        "EBIT": 16,
        "Net Income": 9
    },
    "2014-10-31": {
        "Diluted EPS": 0.14,
        "Total Revenue": 164,
        "Gross Profit": 58,
        "Operating Income": 20,
        "EBIT": 23,
        "Net Income": 13
    },
    "2014-07-31": {
        "Diluted EPS": 0.17,
        "Total Revenue": 175,
        "Gross Profit": 60,
        "Operating Income": 22,
        "EBIT": 25,
        "Net Income": 15
    },
    "2014-04-30": {
        "Diluted EPS": 0.12,
        "Total Revenue": 164,
        "Gross Profit": 55,
        "Operating Income": 16,
        "EBIT": 19,
        "Net Income": 12
    },
    "2014-01-31": {
        "Diluted EPS": 0.08,
        "Total Revenue": 137,
        "Gross Profit": 45,
        "Operating Income": 10,
        "EBIT": 13,
        "Net Income": 7
    },
    "2013-10-31": {
        "Diluted EPS": 0.14,
        "Total Revenue": 168,
        "Gross Profit": 59,
        "Operating Income": 19,
        "EBIT": 22,
        "Net Income": 12
    },
    "2013-07-31": {
        "Diluted EPS": 0.13,
        "Total Revenue": 172,
        "Gross Profit": 59,
        "Operating Income": 19,
        "EBIT": 22,
        "Net Income": 12
    },
    "2013-04-30": {
        "Diluted EPS": 0.13,
        "Total Revenue": 168,
        "Gross Profit": 58,
        "Operating Income": 18,
        "EBIT": 21,
        "Net Income": 12
    },
    "2013-01-31": {
        "Diluted EPS": 0.09,
        "Total Revenue": 145,
        "Gross Profit": 46,
        "Operating Income": 12,
        "EBIT": 15,
        "Net Income": 8
    },
    "2012-10-31": {
        "Diluted EPS": 0.13,
        "Total Revenue": 167,
        "Gross Profit": 55,
        "Operating Income": 18,
        "EBIT": 21,
        "Net Income": 12
    },
    "2012-07-31": {
        "Diluted EPS": 0.16,
        "Total Revenue": 183,
        "Gross Profit": 58,
        "Operating Income": 22,
        "EBIT": 25,
        "Net Income": 14
    },
    "2012-04-30": {
        "Diluted EPS": 0.13,
        "Total Revenue": 165,
        "Gross Profit": 53,
        "Operating Income": 17,
        "EBIT": 20,
        "Net Income": 12
    },
    "2012-01-31": {
        "Diluted EPS": 0.09,
        "Total Revenue": 136,
        "Gross Profit": 45,
        "Operating Income": 12,
        "EBIT": 14,
        "Net Income": 8
    },
    "2011-10-31": {
        "Diluted EPS": 0.12,
        "Total Revenue": 158,
        "Gross Profit": 54,
        "Operating Income": 17,
        "EBIT": 20,
        "Net Income": 11
    },
    "2011-07-31": {
        "Diluted EPS": 0.15,
        "Total Revenue": 169,
        "Gross Profit": 61,
        "Operating Income": 21,
        "EBIT": 23,
        "Net Income": 13
    },
    "2011-04-30": {
        "Diluted EPS": 0.12,
        "Total Revenue": 152,
        "Gross Profit": 54,
        "Operating Income": 17,
        "EBIT": 19,
        "Net Income": 11
    },
    "2011-01-31": {
        "Diluted EPS": 0.08,
        "Total Revenue": 132,
        "Gross Profit": 50,
        "Operating Income": 12,
        "EBIT": 14,
        "Net Income": 7
    },
    "2010-10-31": {
        "Diluted EPS": 0.11,
        "Total Revenue": 151,
        "Gross Profit": 56,
        "Operating Income": 16,
        "EBIT": 19,
        "Net Income": 10
    },
    "2010-07-31": {
        "Diluted EPS": 0.13,
        "Total Revenue": 165,
        "Gross Profit": 58,
        "Operating Income": 19,
        "EBIT": 22,
        "Net Income": 12
    },
    "2010-04-30": {
        "Diluted EPS": 0.1,
        "Total Revenue": 150,
        "Gross Profit": 53,
        "Operating Income": 15,
        "EBIT": 17,
        "Net Income": 9
    },
    "2010-01-31": {
        "Diluted EPS": 0.06,
        "Total Revenue": 131,
        "Gross Profit": 43,
        "Operating Income": 9,
        "EBIT": 12,
        "Net Income": 6
    },
    "2009-10-31": {
        "Diluted EPS": 0.09,
        "Total Revenue": 150,
        "Gross Profit": 51,
        "Operating Income": 13,
        "EBIT": 17,
        "Net Income": 8
    },
    "2009-07-31": {
        "Diluted EPS": 0.11,
        "Total Revenue": 163,
        "Gross Profit": 51,
        "Operating Income": 15,
        "EBIT": 18,
        "Net Income": 10
    },
    "2009-04-30": {
        "Diluted EPS": 0.08,
        "Total Revenue": 148,
        "Gross Profit": 44,
        "Operating Income": 11,
        "EBIT": 14,
        "Net Income": 7
    },
    "2009-01-31": {
        "Diluted EPS": 0.04,
        "Total Revenue": 129,
        "Gross Profit": 37,
        "Operating Income": 5,
        "EBIT": 8,
        "Net Income": 4
    },
    "2023-07-31": {
        "Tax Effect Of Unusual Items": NaN,
        "Tax Rate For Calcs": NaN,
        "Normalized EBITDA": NaN,
        "Net Income From Continuing Operation Net Minority Interest": NaN,
        "Reconciled Depreciation": NaN,
        "Reconciled Cost Of Revenue": NaN,
        "EBITDA": NaN,
        "EBIT": NaN,
        "Net Interest Income": NaN,
        "Interest Income": NaN,
        "Normalized Income": NaN,
        "Net Income From Continuing And Discontinued Operation": NaN,
        "Total Expenses": NaN,
        "Total Operating Income As Reported": NaN,
        "Diluted Average Shares": 93610000.0,
        "Basic Average Shares": 93354000.0,
        "Diluted EPS": 0.53,
        "Basic EPS": 0.53,
        "Diluted NI Availto Com Stockholders": NaN,
        "Net Income Common Stockholders": NaN,
        "Net Income": NaN,
        "Net Income Including Noncontrolling Interests": NaN,
        "Net Income Continuous Operations": NaN,
        "Tax Provision": NaN,
        "Pretax Income": NaN,
        "Other Income Expense": NaN,
        "Other Non Operating Income Expenses": NaN,
        "Net Non Operating Interest Income Expense": NaN,
        "Interest Income Non Operating": NaN,
        "Operating Income": NaN,
        "Operating Expense": NaN,
        "Selling General And Administration": NaN,
        "Gross Profit": NaN,
        "Cost Of Revenue": NaN,
        "Total Revenue": NaN,
        "Operating Revenue": NaN
    },
    "2023-10-31": {
        "Tax Effect Of Unusual Items": NaN,
        "Tax Rate For Calcs": NaN,
        "Normalized EBITDA": NaN,
        "Net Income From Continuing Operation Net Minority Interest": NaN,
        "Reconciled Depreciation": NaN,
        "Reconciled Cost Of Revenue": NaN,
        "EBITDA": NaN,
        "EBIT": NaN,
        "Net Interest Income": 2200000.0,
        "Interest Income": 2200000.0,
        "Normalized Income": NaN,
        "Net Income From Continuing And Discontinued Operation": NaN,
        "Total Expenses": NaN,
        "Total Operating Income As Reported": NaN,
        "Diluted Average Shares": 93604000.0,
        "Basic Average Shares": 93360000.0,
        "Diluted EPS": 0.47,
        "Basic EPS": 0.47,
        "Diluted NI Availto Com Stockholders": NaN,
        "Net Income Common Stockholders": NaN,
        "Net Income": NaN,
        "Net Income Including Noncontrolling Interests": NaN,
        "Net Income Continuous Operations": NaN,
        "Tax Provision": NaN,
        "Pretax Income": NaN,
        "Other Income Expense": NaN,
        "Other Non Operating Income Expenses": NaN,
        "Net Non Operating Interest Income Expense": 2200000.0,
        "Interest Income Non Operating": 2200000.0,
        "Operating Income": NaN,
        "Operating Expense": NaN,
        "Selling General And Administration": NaN,
        "Gross Profit": NaN,
        "Cost Of Revenue": NaN,
        "Total Revenue": NaN,
        "Operating Revenue": NaN
    },
    "2024-01-31": {
        "Tax Effect Of Unusual Items": NaN,
        "Tax Rate For Calcs": NaN,
        "Normalized EBITDA": NaN,
        "Net Income From Continuing Operation Net Minority Interest": NaN,
        "Reconciled Depreciation": NaN,
        "Reconciled Cost Of Revenue": NaN,
        "EBITDA": NaN,
        "EBIT": NaN,
        "Net Interest Income": 1800000.0,
        "Interest Income": 1800000.0,
        "Normalized Income": NaN,
        "Net Income From Continuing And Discontinued Operation": NaN,
        "Total Expenses": NaN,
        "Total Operating Income As Reported": NaN,
        "Diluted Average Shares": 93640000.0,
        "Basic Average Shares": 93454000.0,
        "Diluted EPS": 0.42,
        "Basic EPS": 0.42,
        "Diluted NI Availto Com Stockholders": NaN,
        "Net Income Common Stockholders": NaN,
        "Net Income": NaN,
        "Net Income Including Noncontrolling Interests": NaN,
        "Net Income Continuous Operations": NaN,
        "Tax Provision": NaN,
        "Pretax Income": NaN,
        "Other Income Expense": NaN,
        "Other Non Operating Income Expenses": NaN,
        "Net Non Operating Interest Income Expense": 1800000.0,
        "Interest Income Non Operating": 1800000.0,
        "Operating Income": NaN,
        "Operating Expense": NaN,
        "Selling General And Administration": NaN,
        "Gross Profit": NaN,
        "Cost Of Revenue": NaN,
        "Total Revenue": NaN,
        "Operating Revenue": NaN
    },
    "2024-04-30": {
        "Tax Effect Of Unusual Items": 0.0,
        "Tax Rate For Calcs": 0.239873,
        "Normalized EBITDA": 52925000.0,
        "Net Income From Continuing Operation Net Minority Interest": 43721000.0,
        "Reconciled Depreciation": -5410000.0,
        "Reconciled Cost Of Revenue": 188234000.0,
        "EBITDA": 52925000.0,
        "EBIT": 52925000.0,
        "Net Interest Income": NaN,
        "Interest Income": NaN,
        "Normalized Income": 43721000.0,
        "Net Income From Continuing And Discontinued Operation": 43721000.0,
        "Total Expenses": 244390000.0,
        "Total Operating Income As Reported": 52925000.0,
        "Diluted Average Shares": NaN,
        "Basic Average Shares": NaN,
        "Diluted EPS": NaN,
        "Basic EPS": NaN,
        "Diluted NI Availto Com Stockholders": 43721000.0,
        "Net Income Common Stockholders": 43721000.0,
        "Net Income": 43721000.0,
        "Net Income Including Noncontrolling Interests": 43721000.0,
        "Net Income Continuous Operations": 43721000.0,
        "Tax Provision": 13797000.0,
        "Pretax Income": 57518000.0,
        "Other Income Expense": 10393000.0,
        "Other Non Operating Income Expenses": 10393000.0,
        "Net Non Operating Interest Income Expense": NaN,
        "Interest Income Non Operating": NaN,
        "Operating Income": 52925000.0,
        "Operating Expense": 56156000.0,
        "Selling General And Administration": 56156000.0,
        "Gross Profit": 109081000.0,
        "Cost Of Revenue": 188234000.0,
        "Total Revenue": 297315000.0,
        "Operating Revenue": 297315000.0
    },
    "2024-07-31": {
        "Tax Effect Of Unusual Items": 0.0,
        "Tax Rate For Calcs": 0.231269,
        "Normalized EBITDA": 74908000.0,
        "Net Income From Continuing Operation Net Minority Interest": 56780000.0,
        "Reconciled Depreciation": 5393000.0,
        "Reconciled Cost Of Revenue": 207041000.0,
        "EBITDA": 74908000.0,
        "EBIT": 69515000.0,
        "Net Interest Income": NaN,
        "Interest Income": NaN,
        "Normalized Income": 56780000.0,
        "Net Income From Continuing And Discontinued Operation": 56780000.0,
        "Total Expenses": 259958000.0,
        "Total Operating Income As Reported": 69515000.0,
        "Diluted Average Shares": 93667000.0,
        "Basic Average Shares": 93569000.0,
        "Diluted EPS": 0.61,
        "Basic EPS": 0.61,
        "Diluted NI Availto Com Stockholders": 56780000.0,
        "Net Income Common Stockholders": 56780000.0,
        "Net Income": 56780000.0,
        "Net Income Including Noncontrolling Interests": 56780000.0,
        "Net Income Continuous Operations": 56780000.0,
        "Tax Provision": 17082000.0,
        "Pretax Income": 73862000.0,
        "Other Income Expense": 4347000.0,
        "Other Non Operating Income Expenses": 4347000.0,
        "Net Non Operating Interest Income Expense": NaN,
        "Interest Income Non Operating": NaN,
        "Operating Income": 69515000.0,
        "Operating Expense": 52917000.0,
        "Selling General And Administration": 52917000.0,
        "Gross Profit": 122432000.0,
        "Cost Of Revenue": 207041000.0,
        "Total Revenue": 329473000.0,
        "Operating Revenue": 329473000.0
    },
    "2024-10-31": {
        "Tax Effect Of Unusual Items": 0.0,
        "Tax Rate For Calcs": 0.234,
        "Normalized EBITDA": 63007000.0,
        "Net Income From Continuing Operation Net Minority Interest": 45637000.0,
        "Reconciled Depreciation": 5140000.0,
        "Reconciled Cost Of Revenue": 181851000.0,
        "EBITDA": 63007000.0,
        "EBIT": 57867000.0,
        "Net Interest Income": NaN,
        "Interest Income": NaN,
        "Normalized Income": 45637000.0,
        "Net Income From Continuing And Discontinued Operation": 45637000.0,
        "Total Expenses": 233335000.0,
        "Total Operating Income As Reported": 57867000.0,
        "Diluted Average Shares": 93686000.0,
        "Basic Average Shares": 93613000.0,
        "Diluted EPS": 0.49,
        "Basic EPS": 0.49,
        "Diluted NI Availto Com Stockholders": 45637000.0,
        "Net Income Common Stockholders": 45637000.0,
        "Net Income": 45637000.0,
        "Net Income Including Noncontrolling Interests": 45637000.0,
        "Net Income Continuous Operations": 45637000.0,
        "Tax Provision": 13959000.0,
        "Pretax Income": 59596000.0,
        "Other Income Expense": 1729000.0,
        "Other Non Operating Income Expenses": 1729000.0,
        "Net Non Operating Interest Income Expense": NaN,
        "Interest Income Non Operating": NaN,
        "Operating Income": 57867000.0,
        "Operating Expense": 51484000.0,
        "Selling General And Administration": 51484000.0,
        "Gross Profit": 109351000.0,
        "Cost Of Revenue": 181851000.0,
        "Total Revenue": 291202000.0,
        "Operating Revenue": 291202000.0
    },
    "2025-01-31": {
        "Tax Effect Of Unusual Items": 0.0,
        "Tax Rate For Calcs": 0.237268,
        "Normalized EBITDA": 55361000.0,
        "Net Income From Continuing Operation Net Minority Interest": 39643000.0,
        "Reconciled Depreciation": 4784000.0,
        "Reconciled Cost Of Revenue": 168100000.0,
        "EBITDA": 55361000.0,
        "EBIT": 50577000.0,
        "Net Interest Income": 1400000.0,
        "Interest Income": 1400000.0,
        "Normalized Income": 39643000.0,
        "Net Income From Continuing And Discontinued Operation": 39643000.0,
        "Total Expenses": 216473000.0,
        "Total Operating Income As Reported": 50577000.0,
        "Diluted Average Shares": 93691000.0,
        "Basic Average Shares": 93617000.0,
        "Diluted EPS": 0.42,
        "Basic EPS": 0.42,
        "Diluted NI Availto Com Stockholders": 39643000.0,
        "Net Income Common Stockholders": 39643000.0,
        "Net Income": 39643000.0,
        "Net Income Including Noncontrolling Interests": 39643000.0,
        "Net Income Continuous Operations": 39643000.0,
        "Tax Provision": 12332000.0,
        "Pretax Income": 51975000.0,
        "Other Income Expense": -2000.0,
        "Other Non Operating Income Expenses": -2000.0,
        "Net Non Operating Interest Income Expense": 1400000.0,
        "Interest Income Non Operating": 1400000.0,
        "Operating Income": 50577000.0,
        "Operating Expense": 48373000.0,
        "Selling General And Administration": 48373000.0,
        "Gross Profit": 98950000.0,
        "Cost Of Revenue": 168100000.0,
        "Total Revenue": 267050000.0,
        "Operating Revenue": 267050000.0
    },
    "2025-04-30": {
        "Tax Effect Of Unusual Items": 0.0,
        "Tax Rate For Calcs": 0.24302,
        "Normalized EBITDA": 62984000.0,
        "Net Income From Continuing Operation Net Minority Interest": 44761000.0,
        "Reconciled Depreciation": 5484000.0,
        "Reconciled Cost Of Revenue": 200421000.0,
        "EBITDA": 62984000.0,
        "EBIT": 57500000.0,
        "Net Interest Income": 1900000.0,
        "Interest Income": 1900000.0,
        "Normalized Income": 44761000.0,
        "Net Income From Continuing And Discontinued Operation": 44761000.0,
        "Total Expenses": 256129000.0,
        "Total Operating Income As Reported": 57500000.0,
        "Diluted Average Shares": NaN,
        "Basic Average Shares": NaN,
        "Diluted EPS": NaN,
        "Basic EPS": NaN,
        "Diluted NI Availto Com Stockholders": 44761000.0,
        "Net Income Common Stockholders": 44761000.0,
        "Net Income": 44761000.0,
        "Net Income Including Noncontrolling Interests": 44761000.0,
        "Net Income Continuous Operations": 44761000.0,
        "Tax Provision": 14370000.0,
        "Pretax Income": 59131000.0,
        "Other Income Expense": -269000.0,
        "Other Non Operating Income Expenses": -269000.0,
        "Net Non Operating Interest Income Expense": 1900000.0,
        "Interest Income Non Operating": 1900000.0,
        "Operating Income": 57500000.0,
        "Operating Expense": 55708000.0,
        "Selling General And Administration": 55708000.0,
        "Gross Profit": 113208000.0,
        "Cost Of Revenue": 200421000.0,
        "Total Revenue": 313629000.0,
        "Operating Revenue": 313629000.0
    }
}