{
    "2023-03-31": {
        "Tax Effect Of Unusual Items": NaN,
        "Tax Rate For Calcs": NaN,
        "Normalized EBITDA": NaN,
        "Total Unusual Items": NaN,
        "Total Unusual Items Excluding Goodwill": NaN,
        "Net Income From Continuing Operation Net Minority Interest": NaN,
        "Reconciled Depreciation": NaN,
        "Reconciled Cost Of Revenue": NaN,
        "EBITDA": NaN,
        "EBIT": NaN,
        "Net Interest Income": NaN,
        "Interest Income": NaN,
        "Normalized Income": NaN,
        "Net Income From Continuing And Discontinued Operation": NaN,
        "Total Expenses": NaN,
        "Total Operating Income As Reported": NaN,
        "Diluted Average Shares": 11784280.0,
        "Basic Average Shares": 11784280.0,
        "Diluted EPS": 0.02,
        "Basic EPS": 0.02,
        "Diluted NI Availto Com Stockholders": NaN,
        "Net Income Common Stockholders": NaN,
        "Net Income": NaN,
        "Minority Interests": NaN,
        "Net Income Including Noncontrolling Interests": NaN,
        "Net Income Continuous Operations": NaN,
        "Tax Provision": NaN,
        "Pretax Income": NaN,
        "Other Income Expense": NaN,
        "Other Non Operating Income Expenses": NaN,
        "Special Income Charges": NaN,
        "Other Special Charges": -25293.0,
        "Gain On Sale Of Security": NaN,
        "Net Non Operating Interest Income Expense": NaN,
        "Interest Income Non Operating": NaN,
        "Operating Income": NaN,
        "Operating Expense": NaN,
        "Other Operating Expenses": NaN,
        "Research And Development": NaN,
        "Selling General And Administration": NaN,
        "Gross Profit": NaN,
        "Cost Of Revenue": NaN,
        "Total Revenue": NaN,
        "Operating Revenue": NaN
    },
    "2022-12-31": {
        "Tax Effect Of Unusual Items": NaN,
        "Tax Rate For Calcs": NaN,
        "Normalized EBITDA": NaN,
        "Total Unusual Items": NaN,
        "Total Unusual Items Excluding Goodwill": NaN,
        "Net Income From Continuing Operation Net Minority Interest": NaN,
        "Reconciled Depreciation": NaN,
        "Reconciled Cost Of Revenue": NaN,
        "EBITDA": NaN,
        "EBIT": NaN,
        "Net Interest Income": NaN,
        "Interest Income": NaN,
        "Normalized Income": NaN,
        "Net Income From Continuing And Discontinued Operation": NaN,
        "Total Expenses": NaN,
        "Total Operating Income As Reported": NaN,
        "Diluted Average Shares": 11695150.0,
        "Basic Average Shares": 11695150.0,
        "Diluted EPS": -0.03,
        "Basic EPS": -0.03,
        "Diluted NI Availto Com Stockholders": NaN,
        "Net Income Common Stockholders": NaN,
        "Net Income": NaN,
        "Minority Interests": NaN,
        "Net Income Including Noncontrolling Interests": NaN,
        "Net Income Continuous Operations": NaN,
        "Tax Provision": NaN,
        "Pretax Income": NaN,
        "Other Income Expense": NaN,
        "Other Non Operating Income Expenses": NaN,
        "Special Income Charges": 165000.0,
        "Other Special Charges": -165000.0,
        "Gain On Sale Of Security": 1073109.0,
        "Net Non Operating Interest Income Expense": NaN,
        "Interest Income Non Operating": NaN,
        "Operating Income": NaN,
        "Operating Expense": NaN,
        "Other Operating Expenses": NaN,
        "Research And Development": NaN,
        "Selling General And Administration": NaN,
        "Gross Profit": NaN,
        "Cost Of Revenue": NaN,
        "Total Revenue": NaN,
        "Operating Revenue": NaN
    },
    "2022-09-30": {
        "Tax Effect Of Unusual Items": -64118.822422,
        "Tax Rate For Calcs": 0.067573,
        "Normalized EBITDA": 618690.0,
        "Total Unusual Items": -948887.0,
        "Total Unusual Items Excluding Goodwill": -948887.0,
        "Net Income From Continuing Operation Net Minority Interest": -1126991.0,
        "Reconciled Depreciation": 268549.0,
        "Reconciled Cost Of Revenue": 6515078.0,
        "EBITDA": -330197.0,
        "EBIT": -598746.0,
        "Net Interest Income": 60062.0,
        "Interest Income": 60062.0,
        "Normalized Income": -242222.822422,
        "Net Income From Continuing And Discontinued Operation": -1126991.0,
        "Total Expenses": 8707686.0,
        "Total Operating Income As Reported": -615893.0,
        "Diluted Average Shares": 11684280.0,
        "Basic Average Shares": 11684280.0,
        "Diluted EPS": -0.1,
        "Basic EPS": -0.1,
        "Diluted NI Availto Com Stockholders": -1126991.0,
        "Net Income Common Stockholders": -1126991.0,
        "Net Income": -1126991.0,
        "Minority Interests": 299579.0,
        "Net Income Including Noncontrolling Interests": -1426570.0,
        "Net Income Continuous Operations": -1426570.0,
        "Tax Provision": -103383.0,
        "Pretax Income": -1529953.0,
        "Other Income Expense": -991269.0,
        "Other Non Operating Income Expenses": -42382.0,
        "Special Income Charges": NaN,
        "Other Special Charges": NaN,
        "Gain On Sale Of Security": -948887.0,
        "Net Non Operating Interest Income Expense": 60062.0,
        "Interest Income Non Operating": 60062.0,
        "Operating Income": -598746.0,
        "Operating Expense": 2192608.0,
        "Other Operating Expenses": -17147.0,
        "Research And Development": 970120.0,
        "Selling General And Administration": 1239635.0,
        "Gross Profit": 1593862.0,
        "Cost Of Revenue": 6515078.0,
        "Total Revenue": 8108940.0,
        "Operating Revenue": 8108940.0
    },
    "2022-06-30": {
        "Tax Effect Of Unusual Items": 15358.8,
        "Tax Rate For Calcs": 0.4,
        "Normalized EBITDA": -284359.0,
        "Total Unusual Items": 38397.0,
        "Total Unusual Items Excluding Goodwill": 38397.0,
        "Net Income From Continuing Operation Net Minority Interest": -702828.0,
        "Reconciled Depreciation": 274197.0,
        "Reconciled Cost Of Revenue": 10544517.0,
        "EBITDA": -245962.0,
        "EBIT": -520159.0,
        "Net Interest Income": 65820.0,
        "Interest Income": 65820.0,
        "Normalized Income": -725866.2,
        "Net Income From Continuing And Discontinued Operation": -702828.0,
        "Total Expenses": 12664985.0,
        "Total Operating Income As Reported": -518617.0,
        "Diluted Average Shares": 11673677.0,
        "Basic Average Shares": 11673677.0,
        "Diluted EPS": -0.06,
        "Basic EPS": -0.06,
        "Diluted NI Availto Com Stockholders": -702828.0,
        "Net Income Common Stockholders": -702828.0,
        "Net Income": -702828.0,
        "Minority Interests": -36360.0,
        "Net Income Including Noncontrolling Interests": -666468.0,
        "Net Income Continuous Operations": -666468.0,
        "Tax Provision": 89792.0,
        "Pretax Income": -576676.0,
        "Other Income Expense": -122337.0,
        "Other Non Operating Income Expenses": -160734.0,
        "Special Income Charges": 38397.0,
        "Other Special Charges": NaN,
        "Gain On Sale Of Security": NaN,
        "Net Non Operating Interest Income Expense": 65820.0,
        "Interest Income Non Operating": 65820.0,
        "Operating Income": -520159.0,
        "Operating Expense": 2120468.0,
        "Other Operating Expenses": 1542.0,
        "Research And Development": 1102910.0,
        "Selling General And Administration": 1016016.0,
        "Gross Profit": 1600309.0,
        "Cost Of Revenue": 10544517.0,
        "Total Revenue": 12144826.0,
        "Operating Revenue": 12144826.0
    },
    "2022-03-31": {
        "Diluted EPS": -0.07,
        "Total Revenue": 7,
        "Gross Profit": 1,
        "Operating Income": -1,
        "EBIT": -1,
        "Net Income": -1
    },
    "2021-12-31": {
        "Diluted EPS": -0.1,
        "Total Revenue": 2,
        "Gross Profit": 0,
        "Operating Income": -2,
        "EBIT": -2,
        "Net Income": -1
    },
    "2021-09-30": {
        "Diluted EPS": -0.1,
        "Total Revenue": 3,
        "Gross Profit": 0,
        "Operating Income": -2,
        "EBIT": -1,
        "Net Income": -1
    },
    "2021-06-30": {
        "Diluted EPS": -0.02,
        "Total Revenue": 11,
        "Gross Profit": 2,
        "Operating Income": 0,
        "EBIT": 0,
        "Net Income": 0
    },
    "2021-03-31": {
        "Diluted EPS": 0.33,
        "Total Revenue": 44,
        "Gross Profit": 8,
        "Operating Income": 5,
        "EBIT": 5,
        "Net Income": 4
    },
    "2020-12-31": {
        "Diluted EPS": 0.58,
        "Total Revenue": 66,
        "Gross Profit": 11,
        "Operating Income": 9,
        "EBIT": 9,
        "Net Income": 7
    },
    "2020-09-30": {
        "Diluted EPS": 0.64,
        "Total Revenue": 63,
        "Gross Profit": 12,
        "Operating Income": 9,
        "EBIT": 9,
        "Net Income": 7
    },
    "2020-06-30": {
        "Diluted EPS": 0.36,
        "Total Revenue": 37,
        "Gross Profit": 7,
        "Operating Income": 5,
        "EBIT": 5,
        "Net Income": 4
    },
    "2020-03-31": {
        "Diluted EPS": 0.09,
        "Total Revenue": 16,
        "Gross Profit": 3,
        "Operating Income": 1,
        "EBIT": 1,
        "Net Income": 1
    },
    "2019-12-31": {
        "Diluted EPS": 0.05,
        "Total Revenue": 13,
        "Gross Profit": 3,
        "Operating Income": 1,
        "EBIT": 1,
        "Net Income": 1
    },
    "2019-09-30": {
        "Diluted EPS": 0.02,
        "Total Revenue": 9,
        "Gross Profit": 2,
        "Operating Income": 0,
        "EBIT": 0,
        "Net Income": 0
    },
    "2019-06-30": {
        "Diluted EPS": -0.08,
        "Total Revenue": 5,
        "Gross Profit": 1,
        "Operating Income": -1,
        "EBIT": -1,
        "Net Income": -1
    },
    "2019-03-31": {
        "Diluted EPS": -0.01,
        "Total Revenue": 9,
        "Gross Profit": 2,
        "Operating Income": 0,
        "EBIT": 0,
        "Net Income": 0
    },
    "2018-12-31": {
        "Diluted EPS": -0.05,
        "Total Revenue": 9,
        "Gross Profit": 1,
        "Operating Income": -1,
        "EBIT": -1,
        "Net Income": -1
    },
    "2018-09-30": {
        "Diluted EPS": 0.02,
        "Total Revenue": 13,
        "Gross Profit": 2,
        "Operating Income": 0,
        "EBIT": 0,
        "Net Income": 0
    },
    "2018-06-30": {
        "Diluted EPS": -0.08,
        "Total Revenue": 8,
        "Gross Profit": 1,
        "Operating Income": -1,
        "EBIT": -1,
        "Net Income": -1
    },
    "2018-03-31": {
        "Diluted EPS": -0.01,
        "Total Revenue": 7,
        "Gross Profit": 1,
        "Operating Income": 0,
        "EBIT": 0,
        "Net Income": 0
    },
    "2017-12-31": {
        "Diluted EPS": -0.07,
        "Total Revenue": 8,
        "Gross Profit": 1,
        "Operating Income": -1,
        "EBIT": 0,
        "Net Income": -1
    },
    "2017-09-30": {
        "Diluted EPS": -0.04,
        "Total Revenue": 8,
        "Gross Profit": 1,
        "Operating Income": -1,
        "EBIT": 0,
        "Net Income": 0
    },
    "2017-06-30": {
        "Diluted EPS": 0.0,
        "Total Revenue": 12,
        "Gross Profit": 2,
        "Operating Income": 0,
        "EBIT": 0,
        "Net Income": 0
    },
    "2017-03-31": {
        "Diluted EPS": 0.01,
        "Total Revenue": 10,
        "Gross Profit": 2,
        "Operating Income": 0,
        "EBIT": 0,
        "Net Income": 0
    },
    "2016-12-31": {
        "Diluted EPS": 0.05,
        "Total Revenue": 14,
        "Gross Profit": 3,
        "Operating Income": 1,
        "EBIT": 1,
        "Net Income": 1
    },
    "2016-09-30": {
        "Diluted EPS": 0.02,
        "Total Revenue": 13,
        "Gross Profit": 2,
        "Operating Income": 0,
        "EBIT": 1,
        "Net Income": 0
    },
    "2016-06-30": {
        "Diluted EPS": 0.05,
        "Total Revenue": 14,
        "Gross Profit": 2,
        "Operating Income": 0,
        "EBIT": 1,
        "Net Income": 1
    },
    "2016-03-31": {
        "Diluted EPS": 0.04,
        "Total Revenue": 14,
        "Gross Profit": 2,
        "Operating Income": 0,
        "EBIT": 1,
        "Net Income": 0
    },
    "2015-12-31": {
        "Diluted EPS": 0.06,
        "Total Revenue": 20,
        "Gross Profit": 3,
        "Operating Income": 1,
        "EBIT": 1,
        "Net Income": 1
    },
    "2015-09-30": {
        "Diluted EPS": 0.0,
        "Total Revenue": 12,
        "Gross Profit": 2,
        "Operating Income": 0,
        "EBIT": 0,
        "Net Income": 0
    },
    "2015-06-30": {
        "Diluted EPS": 0.0,
        "Total Revenue": 10,
        "Gross Profit": 2,
        "Operating Income": 0,
        "EBIT": 0,
        "Net Income": 0
    },
    "2015-03-31": {
        "Diluted EPS": 0.0,
        "Total Revenue": 10,
        "Gross Profit": 2,
        "Operating Income": 0,
        "EBIT": 0,
        "Net Income": 0
    },
    "2014-12-31": {
        "Diluted EPS": 0.04,
        "Total Revenue": 12,
        "Gross Profit": 2,
        "Operating Income": 1,
        "EBIT": 1,
        "Net Income": 0
    },
    "2014-09-30": {
        "Diluted EPS": 0.03,
        "Total Revenue": 14,
        "Gross Profit": 2,
        "Operating Income": 0,
        "EBIT": 1,
        "Net Income": 0
    },
    "2014-06-30": {
        "Diluted EPS": 0.01,
        "Total Revenue": 12,
        "Gross Profit": 1,
        "Operating Income": -1,
        "EBIT": 0,
        "Net Income": 0
    },
    "2014-03-31": {
        "Diluted EPS": -0.01,
        "Total Revenue": 10,
        "Gross Profit": 1,
        "Operating Income": -1,
        "EBIT": 0,
        "Net Income": 0
    },
    "2013-12-31": {
        "Diluted EPS": 0.02,
        "Total Revenue": 8,
        "Gross Profit": 2,
        "Operating Income": 0,
        "EBIT": 0,
        "Net Income": 0
    },
    "2013-09-30": {
        "Diluted EPS": -0.11,
        "Total Revenue": 1,
        "Gross Profit": 0,
        "Operating Income": -2,
        "EBIT": -1,
        "Net Income": -1
    },
    "2013-06-30": {
        "Diluted EPS": 0.04,
        "Total Revenue": 8,
        "Gross Profit": 2,
        "Operating Income": 0,
        "EBIT": 1,
        "Net Income": 0
    },
    "2013-03-31": {
        "Diluted EPS": -0.01,
        "Total Revenue": 7,
        "Gross Profit": 1,
        "Operating Income": 0,
        "EBIT": 0,
        "Net Income": 0
    },
    "2012-12-31": {
        "Diluted EPS": -0.07,
        "Total Revenue": 5,
        "Gross Profit": 1,
        "Operating Income": -1,
        "EBIT": -1,
        "Net Income": -1
    },
    "2012-09-30": {
        "Diluted EPS": 0.06,
        "Total Revenue": 13,
        "Gross Profit": 3,
        "Operating Income": 1,
        "EBIT": 2,
        "Net Income": 1
    },
    "2012-06-30": {
        "Diluted EPS": 0.12,
        "Total Revenue": 16,
        "Gross Profit": 4,
        "Operating Income": 1,
        "EBIT": 1,
        "Net Income": 1
    },
    "2012-03-31": {
        "Diluted EPS": -0.05,
        "Total Revenue": 3,
        "Gross Profit": 0,
        "Operating Income": -1,
        "EBIT": -1,
        "Net Income": -1
    },
    "2011-12-31": {
        "Diluted EPS": -0.04,
        "Total Revenue": 3,
        "Gross Profit": 0,
        "Operating Income": -1,
        "EBIT": -1,
        "Net Income": 0
    },
    "2011-09-30": {
        "Diluted EPS": -0.04,
        "Total Revenue": 3,
        "Gross Profit": 1,
        "Operating Income": -1,
        "EBIT": -1,
        "Net Income": 0
    },
    "2011-06-30": {
        "Diluted EPS": -0.04,
        "Total Revenue": 5,
        "Gross Profit": 1,
        "Operating Income": -1,
        "EBIT": 0,
        "Net Income": 0
    },
    "2011-03-31": {
        "Diluted EPS": 0.13,
        "Total Revenue": 9,
        "Gross Profit": 3,
        "Operating Income": 1,
        "EBIT": 1,
        "Net Income": 2
    },
    "2010-12-31": {
        "Diluted EPS": 0.17,
        "Total Revenue": 16,
        "Gross Profit": 6,
        "Operating Income": 4,
        "EBIT": 4,
        "Net Income": 2
    },
    "2010-09-30": {
        "Diluted EPS": 0.08,
        "Total Revenue": 17,
        "Gross Profit": 5,
        "Operating Income": 2,
        "EBIT": 2,
        "Net Income": 1
    },
    "2010-06-30": {
        "Diluted EPS": 0.18,
        "Total Revenue": 40,
        "Gross Profit": 6,
        "Operating Income": 4,
        "EBIT": 4,
        "Net Income": 2
    },
    "2010-03-31": {
        "Diluted EPS": 0.1,
        "Total Revenue": 32,
        "Gross Profit": 4,
        "Operating Income": 2,
        "EBIT": 2,
        "Net Income": 1
    },
    "2009-12-31": {
        "Diluted EPS": 0.06,
        "Total Revenue": 25,
        "Gross Profit": 3,
        "Operating Income": 1,
        "EBIT": 2,
        "Net Income": 1
    },
    "2009-09-30": {
        "Diluted EPS": 0.01,
        "Total Revenue": 5,
        "Gross Profit": 1,
        "Operating Income": 0,
        "EBIT": 0,
        "Net Income": 0
    },
    "2009-06-30": {
        "Diluted EPS": 0.18,
        "Total Revenue": 10,
        "Gross Profit": 1,
        "Operating Income": 1,
        "EBIT": 1,
        "Net Income": 2
    },
    "2009-03-31": {
        "Diluted EPS": 0.01,
        "Total Revenue": 3,
        "Gross Profit": 1,
        "Operating Income": 0,
        "EBIT": 0,
        "Net Income": 0
    },
    "2023-06-30": {
        "Tax Effect Of Unusual Items": NaN,
        "Tax Rate For Calcs": NaN,
        "Normalized EBITDA": NaN,
        "Total Unusual Items": NaN,
        "Total Unusual Items Excluding Goodwill": NaN,
        "Net Income From Continuing Operation Net Minority Interest": NaN,
        "Reconciled Depreciation": NaN,
        "Reconciled Cost Of Revenue": NaN,
        "EBITDA": NaN,
        "EBIT": NaN,
        "Net Interest Income": NaN,
        "Interest Income": NaN,
        "Normalized Income": NaN,
        "Net Income From Continuing And Discontinued Operation": NaN,
        "Total Expenses": NaN,
        "Total Operating Income As Reported": NaN,
        "Diluted Average Shares": NaN,
        "Basic Average Shares": NaN,
        "Diluted EPS": NaN,
        "Basic EPS": NaN,
        "Diluted NI Availto Com Stockholders": NaN,
        "Net Income Common Stockholders": NaN,
        "Net Income": NaN,
        "Minority Interests": NaN,
        "Net Income Including Noncontrolling Interests": NaN,
        "Net Income Continuous Operations": NaN,
        "Tax Provision": NaN,
        "Pretax Income": NaN,
        "Other Income Expense": NaN,
        "Other Non Operating Income Expenses": NaN,
        "Special Income Charges": NaN,
        "Other Special Charges": 2351986.0,
        "Gain On Sale Of Security": NaN,
        "Net Non Operating Interest Income Expense": NaN,
        "Interest Income Non Operating": NaN,
        "Operating Income": NaN,
        "Operating Expense": NaN,
        "Other Operating Expenses": -2274.0,
        "Research And Development": NaN,
        "Selling General And Administration": NaN,
        "Gross Profit": NaN,
        "Cost Of Revenue": NaN,
        "Total Revenue": NaN,
        "Operating Revenue": NaN
    },
    "2023-09-30": {
        "Tax Effect Of Unusual Items": NaN,
        "Tax Rate For Calcs": NaN,
        "Normalized EBITDA": NaN,
        "Total Unusual Items": NaN,
        "Total Unusual Items Excluding Goodwill": NaN,
        "Net Income From Continuing Operation Net Minority Interest": NaN,
        "Reconciled Depreciation": NaN,
        "Reconciled Cost Of Revenue": NaN,
        "EBITDA": NaN,
        "EBIT": NaN,
        "Net Interest Income": NaN,
        "Interest Income": NaN,
        "Normalized Income": NaN,
        "Net Income From Continuing And Discontinued Operation": NaN,
        "Total Expenses": NaN,
        "Total Operating Income As Reported": NaN,
        "Diluted Average Shares": NaN,
        "Basic Average Shares": NaN,
        "Diluted EPS": NaN,
        "Basic EPS": NaN,
        "Diluted NI Availto Com Stockholders": NaN,
        "Net Income Common Stockholders": NaN,
        "Net Income": NaN,
        "Minority Interests": NaN,
        "Net Income Including Noncontrolling Interests": NaN,
        "Net Income Continuous Operations": NaN,
        "Tax Provision": NaN,
        "Pretax Income": NaN,
        "Other Income Expense": NaN,
        "Other Non Operating Income Expenses": NaN,
        "Special Income Charges": NaN,
        "Other Special Charges": NaN,
        "Gain On Sale Of Security": NaN,
        "Net Non Operating Interest Income Expense": NaN,
        "Interest Income Non Operating": NaN,
        "Operating Income": NaN,
        "Operating Expense": NaN,
        "Other Operating Expenses": -11100.0,
        "Research And Development": NaN,
        "Selling General And Administration": NaN,
        "Gross Profit": NaN,
        "Cost Of Revenue": NaN,
        "Total Revenue": NaN,
        "Operating Revenue": NaN
    },
    "2023-12-31": {
        "Tax Effect Of Unusual Items": NaN,
        "Tax Rate For Calcs": NaN,
        "Normalized EBITDA": NaN,
        "Total Unusual Items": NaN,
        "Total Unusual Items Excluding Goodwill": NaN,
        "Net Income From Continuing Operation Net Minority Interest": NaN,
        "Reconciled Depreciation": NaN,
        "Reconciled Cost Of Revenue": NaN,
        "EBITDA": NaN,
        "EBIT": NaN,
        "Net Interest Income": NaN,
        "Interest Income": NaN,
        "Normalized Income": NaN,
        "Net Income From Continuing And Discontinued Operation": NaN,
        "Total Expenses": NaN,
        "Total Operating Income As Reported": NaN,
        "Diluted Average Shares": 11784280.0,
        "Basic Average Shares": 11784280.0,
        "Diluted EPS": -0.06,
        "Basic EPS": -0.06,
        "Diluted NI Availto Com Stockholders": NaN,
        "Net Income Common Stockholders": NaN,
        "Net Income": NaN,
        "Minority Interests": NaN,
        "Net Income Including Noncontrolling Interests": NaN,
        "Net Income Continuous Operations": NaN,
        "Tax Provision": NaN,
        "Pretax Income": NaN,
        "Other Income Expense": NaN,
        "Other Non Operating Income Expenses": NaN,
        "Special Income Charges": NaN,
        "Other Special Charges": NaN,
        "Gain On Sale Of Security": NaN,
        "Net Non Operating Interest Income Expense": NaN,
        "Interest Income Non Operating": NaN,
        "Operating Income": NaN,
        "Operating Expense": NaN,
        "Other Operating Expenses": -5466.0,
        "Research And Development": NaN,
        "Selling General And Administration": NaN,
        "Gross Profit": NaN,
        "Cost Of Revenue": NaN,
        "Total Revenue": NaN,
        "Operating Revenue": NaN
    },
    "2024-03-31": {
        "Tax Effect Of Unusual Items": NaN,
        "Tax Rate For Calcs": NaN,
        "Normalized EBITDA": NaN,
        "Total Unusual Items": NaN,
        "Total Unusual Items Excluding Goodwill": NaN,
        "Net Income From Continuing Operation Net Minority Interest": NaN,
        "Reconciled Depreciation": NaN,
        "Reconciled Cost Of Revenue": NaN,
        "EBITDA": NaN,
        "EBIT": NaN,
        "Net Interest Income": NaN,
        "Interest Income": NaN,
        "Normalized Income": NaN,
        "Net Income From Continuing And Discontinued Operation": NaN,
        "Total Expenses": NaN,
        "Total Operating Income As Reported": NaN,
        "Diluted Average Shares": 11784280.0,
        "Basic Average Shares": 11784280.0,
        "Diluted EPS": -0.1,
        "Basic EPS": -0.1,
        "Diluted NI Availto Com Stockholders": NaN,
        "Net Income Common Stockholders": NaN,
        "Net Income": NaN,
        "Minority Interests": NaN,
        "Net Income Including Noncontrolling Interests": NaN,
        "Net Income Continuous Operations": NaN,
        "Tax Provision": NaN,
        "Pretax Income": NaN,
        "Other Income Expense": NaN,
        "Other Non Operating Income Expenses": NaN,
        "Special Income Charges": NaN,
        "Other Special Charges": NaN,
        "Gain On Sale Of Security": NaN,
        "Net Non Operating Interest Income Expense": NaN,
        "Interest Income Non Operating": NaN,
        "Operating Income": NaN,
        "Operating Expense": NaN,
        "Other Operating Expenses": 59.0,
        "Research And Development": NaN,
        "Selling General And Administration": NaN,
        "Gross Profit": NaN,
        "Cost Of Revenue": NaN,
        "Total Revenue": NaN,
        "Operating Revenue": NaN
    },
    "2024-06-30": {
        "Tax Effect Of Unusual Items": NaN,
        "Tax Rate For Calcs": NaN,
        "Normalized EBITDA": NaN,
        "Total Unusual Items": NaN,
        "Total Unusual Items Excluding Goodwill": NaN,
        "Net Income From Continuing Operation Net Minority Interest": NaN,
        "Reconciled Depreciation": NaN,
        "Reconciled Cost Of Revenue": NaN,
        "EBITDA": NaN,
        "EBIT": NaN,
        "Net Interest Income": NaN,
        "Interest Income": NaN,
        "Normalized Income": NaN,
        "Net Income From Continuing And Discontinued Operation": NaN,
        "Total Expenses": NaN,
        "Total Operating Income As Reported": NaN,
        "Diluted Average Shares": NaN,
        "Basic Average Shares": NaN,
        "Diluted EPS": NaN,
        "Basic EPS": NaN,
        "Diluted NI Availto Com Stockholders": NaN,
        "Net Income Common Stockholders": NaN,
        "Net Income": NaN,
        "Minority Interests": NaN,
        "Net Income Including Noncontrolling Interests": NaN,
        "Net Income Continuous Operations": NaN,
        "Tax Provision": NaN,
        "Pretax Income": NaN,
        "Other Income Expense": NaN,
        "Other Non Operating Income Expenses": NaN,
        "Special Income Charges": NaN,
        "Other Special Charges": NaN,
        "Gain On Sale Of Security": NaN,
        "Net Non Operating Interest Income Expense": NaN,
        "Interest Income Non Operating": NaN,
        "Operating Income": NaN,
        "Operating Expense": NaN,
        "Other Operating Expenses": 157.0,
        "Research And Development": NaN,
        "Selling General And Administration": NaN,
        "Gross Profit": NaN,
        "Cost Of Revenue": NaN,
        "Total Revenue": NaN,
        "Operating Revenue": NaN
    },
    "2024-09-30": {
        "Tax Effect Of Unusual Items": 48086.426717,
        "Tax Rate For Calcs": 0.06874,
        "Normalized EBITDA": -810468.0,
        "Total Unusual Items": 699539.0,
        "Total Unusual Items Excluding Goodwill": 699539.0,
        "Net Income From Continuing Operation Net Minority Interest": 515187.0,
        "Reconciled Depreciation": 261854.0,
        "Reconciled Cost Of Revenue": 11251410.0,
        "EBITDA": -110929.0,
        "EBIT": -372783.0,
        "Net Interest Income": 181804.0,
        "Interest Income": 181804.0,
        "Normalized Income": -136265.573283,
        "Net Income From Continuing And Discontinued Operation": 515187.0,
        "Total Expenses": 13695695.0,
        "Total Operating Income As Reported": -372783.0,
        "Diluted Average Shares": 11807962.0,
        "Basic Average Shares": 11784280.0,
        "Diluted EPS": 0.04,
        "Basic EPS": 0.04,
        "Diluted NI Availto Com Stockholders": 515187.0,
        "Net Income Common Stockholders": 515187.0,
        "Net Income": 515187.0,
        "Minority Interests": -133469.0,
        "Net Income Including Noncontrolling Interests": 648656.0,
        "Net Income Continuous Operations": 648656.0,
        "Tax Provision": 47880.0,
        "Pretax Income": 696536.0,
        "Other Income Expense": 887515.0,
        "Other Non Operating Income Expenses": 187976.0,
        "Special Income Charges": 247592.0,
        "Other Special Charges": -247592.0,
        "Gain On Sale Of Security": 451947.0,
        "Net Non Operating Interest Income Expense": 181804.0,
        "Interest Income Non Operating": 181804.0,
        "Operating Income": -372783.0,
        "Operating Expense": 2444285.0,
        "Other Operating Expenses": NaN,
        "Research And Development": 1024312.0,
        "Selling General And Administration": 1419973.0,
        "Gross Profit": 2071502.0,
        "Cost Of Revenue": 11251410.0,
        "Total Revenue": 13322912.0,
        "Operating Revenue": 13322912.0
    },
    "2024-12-31": {
        "Tax Effect Of Unusual Items": -211792.98,
        "Tax Rate For Calcs": 0.21,
        "Normalized EBITDA": 1927575.0,
        "Total Unusual Items": -1008538.0,
        "Total Unusual Items Excluding Goodwill": -1008538.0,
        "Net Income From Continuing Operation Net Minority Interest": 228740.0,
        "Reconciled Depreciation": 123806.0,
        "Reconciled Cost Of Revenue": 14585036.0,
        "EBITDA": 919037.0,
        "EBIT": 795231.0,
        "Net Interest Income": 173048.0,
        "Interest Income": 173048.0,
        "Normalized Income": 1025485.02,
        "Net Income From Continuing And Discontinued Operation": 228740.0,
        "Total Expenses": 17031867.0,
        "Total Operating Income As Reported": 795231.0,
        "Diluted Average Shares": 11838850.0,
        "Basic Average Shares": 11784280.0,
        "Diluted EPS": 0.02,
        "Basic EPS": 0.02,
        "Diluted NI Availto Com Stockholders": 228740.0,
        "Net Income Common Stockholders": 228740.0,
        "Net Income": 228740.0,
        "Minority Interests": 312185.0,
        "Net Income Including Noncontrolling Interests": -83445.0,
        "Net Income Continuous Operations": -83445.0,
        "Tax Provision": 167727.0,
        "Pretax Income": 84282.0,
        "Other Income Expense": -883997.0,
        "Other Non Operating Income Expenses": 124541.0,
        "Special Income Charges": 0.0,
        "Other Special Charges": NaN,
        "Gain On Sale Of Security": -1008538.0,
        "Net Non Operating Interest Income Expense": 173048.0,
        "Interest Income Non Operating": 173048.0,
        "Operating Income": 795231.0,
        "Operating Expense": 2446831.0,
        "Other Operating Expenses": NaN,
        "Research And Development": 927238.0,
        "Selling General And Administration": 1519593.0,
        "Gross Profit": 3242062.0,
        "Cost Of Revenue": 14585036.0,
        "Total Revenue": 17827098.0,
        "Operating Revenue": 17827098.0
    },
    "2025-03-31": {
        "Tax Effect Of Unusual Items": 218414.07,
        "Tax Rate For Calcs": 0.21,
        "Normalized EBITDA": -2711911.0,
        "Total Unusual Items": 1040067.0,
        "Total Unusual Items Excluding Goodwill": 1040067.0,
        "Net Income From Continuing Operation Net Minority Interest": -644786.0,
        "Reconciled Depreciation": 294709.0,
        "Reconciled Cost Of Revenue": 6655739.0,
        "EBITDA": -1671844.0,
        "EBIT": -1966553.0,
        "Net Interest Income": 184254.0,
        "Interest Income": 184254.0,
        "Normalized Income": -1466438.93,
        "Net Income From Continuing And Discontinued Operation": -644786.0,
        "Total Expenses": 9976172.0,
        "Total Operating Income As Reported": -1966553.0,
        "Diluted Average Shares": 11784280.0,
        "Basic Average Shares": 11784280.0,
        "Diluted EPS": -0.05,
        "Basic EPS": -0.05,
        "Diluted NI Availto Com Stockholders": -644786.0,
        "Net Income Common Stockholders": -644786.0,
        "Net Income": -644786.0,
        "Minority Interests": -7080.0,
        "Net Income Including Noncontrolling Interests": -637706.0,
        "Net Income Continuous Operations": -637706.0,
        "Tax Provision": 2592.0,
        "Pretax Income": -635114.0,
        "Other Income Expense": 1147185.0,
        "Other Non Operating Income Expenses": 107118.0,
        "Special Income Charges": 1000000.0,
        "Other Special Charges": -1000000.0,
        "Gain On Sale Of Security": 40067.0,
        "Net Non Operating Interest Income Expense": 184254.0,
        "Interest Income Non Operating": 184254.0,
        "Operating Income": -1966553.0,
        "Operating Expense": 3320433.0,
        "Other Operating Expenses": NaN,
        "Research And Development": 794213.0,
        "Selling General And Administration": 2526220.0,
        "Gross Profit": 1353880.0,
        "Cost Of Revenue": 6655739.0,
        "Total Revenue": 8009619.0,
        "Operating Revenue": 8009619.0
    },
    "2025-06-30": {
        "Tax Effect Of Unusual Items": 150511.62,
        "Tax Rate For Calcs": 0.21,
        "Normalized EBITDA": -1856439.0,
        "Total Unusual Items": 716722.0,
        "Total Unusual Items Excluding Goodwill": 716722.0,
        "Net Income From Continuing Operation Net Minority Interest": -342242.0,
        "Reconciled Depreciation": 179847.0,
        "Reconciled Cost Of Revenue": 5679647.0,
        "EBITDA": -1139717.0,
        "EBIT": -1319564.0,
        "Net Interest Income": 156021.0,
        "Interest Income": 156021.0,
        "Normalized Income": -908452.38,
        "Net Income From Continuing And Discontinued Operation": -342242.0,
        "Total Expenses": 8246836.0,
        "Total Operating Income As Reported": -1319564.0,
        "Diluted Average Shares": NaN,
        "Basic Average Shares": NaN,
        "Diluted EPS": NaN,
        "Basic EPS": NaN,
        "Diluted NI Availto Com Stockholders": -342242.0,
        "Net Income Common Stockholders": -342242.0,
        "Net Income": -342242.0,
        "Minority Interests": -274308.0,
        "Net Income Including Noncontrolling Interests": -67934.0,
        "Net Income Continuous Operations": -67934.0,
        "Tax Provision": -263366.0,
        "Pretax Income": -331300.0,
        "Other Income Expense": 832243.0,
        "Other Non Operating Income Expenses": 115521.0,
        "Special Income Charges": 3563.0,
        "Other Special Charges": 0.0,
        "Gain On Sale Of Security": 713159.0,
        "Net Non Operating Interest Income Expense": 156021.0,
        "Interest Income Non Operating": 156021.0,
        "Operating Income": -1319564.0,
        "Operating Expense": 2567189.0,
        "Other Operating Expenses": NaN,
        "Research And Development": 1356897.0,
        "Selling General And Administration": 1210292.0,
        "Gross Profit": 1247625.0,
        "Cost Of Revenue": 5679647.0,
        "Total Revenue": 6927272.0,
        "Operating Revenue": 6927272.0
    },
    "2025-09-30": {
        "Tax Effect Of Unusual Items": -19787.422722,
        "Tax Rate For Calcs": 0.071897,
        "Normalized EBITDA": 1072139.0,
        "Total Unusual Items": -275220.0,
        "Total Unusual Items Excluding Goodwill": -275220.0,
        "Net Income From Continuing Operation Net Minority Interest": 640478.0,
        "Reconciled Depreciation": 206539.0,
        "Reconciled Cost Of Revenue": 9835190.0,
        "EBITDA": 796919.0,
        "EBIT": 590380.0,
        "Net Interest Income": 151626.0,
        "Interest Income": 151626.0,
        "Normalized Income": 895910.577278,
        "Net Income From Continuing And Discontinued Operation": 640478.0,
        "Total Expenses": 12154580.0,
        "Total Operating Income As Reported": 590380.0,
        "Diluted Average Shares": 11803465.0,
        "Basic Average Shares": 11784280.0,
        "Diluted EPS": 0.05,
        "Basic EPS": 0.05,
        "Diluted NI Availto Com Stockholders": 640478.0,
        "Net Income Common Stockholders": 640478.0,
        "Net Income": 640478.0,
        "Minority Interests": 89942.0,
        "Net Income Including Noncontrolling Interests": 550536.0,
        "Net Income Continuous Operations": 550536.0,
        "Tax Provision": 42648.0,
        "Pretax Income": 593184.0,
        "Other Income Expense": -148822.0,
        "Other Non Operating Income Expenses": 126398.0,
        "Special Income Charges": 15650.0,
        "Other Special Charges": -15650.0,
        "Gain On Sale Of Security": -290870.0,
        "Net Non Operating Interest Income Expense": 151626.0,
        "Interest Income Non Operating": 151626.0,
        "Operating Income": 590380.0,
        "Operating Expense": 2319390.0,
        "Other Operating Expenses": NaN,
        "Research And Development": 949752.0,
        "Selling General And Administration": 1369638.0,
        "Gross Profit": 2909770.0,
        "Cost Of Revenue": 9835190.0,
        "Total Revenue": 12744960.0,
        "Operating Revenue": 12744960.0
    }
}