{
    "2024-06-30": {
        "Tax Effect Of Unusual Items": NaN,
        "Tax Rate For Calcs": NaN,
        "Total Unusual Items": NaN,
        "Total Unusual Items Excluding Goodwill": NaN,
        "Net Income From Continuing Operation Net Minority Interest": NaN,
        "Reconciled Depreciation": NaN,
        "Net Interest Income": NaN,
        "Interest Expense": NaN,
        "Interest Income": NaN,
        "Normalized Income": NaN,
        "Net Income From Continuing And Discontinued Operation": NaN,
        "Diluted Average Shares": NaN,
        "Basic Average Shares": NaN,
        "Diluted EPS": NaN,
        "Basic EPS": NaN,
        "Diluted NI Availto Com Stockholders": NaN,
        "Net Income Common Stockholders": NaN,
        "Preferred Stock Dividends": NaN,
        "Net Income": NaN,
        "Net Income Including Noncontrolling Interests": NaN,
        "Net Income Continuous Operations": NaN,
        "Tax Provision": NaN,
        "Pretax Income": NaN,
        "Special Income Charges": NaN,
        "Restructuring And Mergern Acquisition": NaN,
        "Gain On Sale Of Security": 0.0,
        "Depreciation Amortization Depletion Income Statement": NaN,
        "Depreciation And Amortization In Income Statement": NaN,
        "Amortization": NaN,
        "Amortization Of Intangibles Income Statement": NaN,
        "Selling General And Administration": NaN,
        "General And Administrative Expense": NaN,
        "Other Gand A": NaN,
        "Insurance And Claims": NaN,
        "Salaries And Wages": NaN,
        "Total Revenue": NaN,
        "Operating Revenue": NaN,
        "Occupancy And Equipment": NaN
    },
    "2024-03-31": {
        "Tax Effect Of Unusual Items": NaN,
        "Tax Rate For Calcs": NaN,
        "Total Unusual Items": NaN,
        "Total Unusual Items Excluding Goodwill": NaN,
        "Net Income From Continuing Operation Net Minority Interest": NaN,
        "Reconciled Depreciation": NaN,
        "Net Interest Income": NaN,
        "Interest Expense": NaN,
        "Interest Income": NaN,
        "Normalized Income": NaN,
        "Net Income From Continuing And Discontinued Operation": NaN,
        "Diluted Average Shares": NaN,
        "Basic Average Shares": NaN,
        "Diluted EPS": NaN,
        "Basic EPS": NaN,
        "Diluted NI Availto Com Stockholders": NaN,
        "Net Income Common Stockholders": NaN,
        "Preferred Stock Dividends": NaN,
        "Net Income": NaN,
        "Net Income Including Noncontrolling Interests": NaN,
        "Net Income Continuous Operations": NaN,
        "Tax Provision": NaN,
        "Pretax Income": NaN,
        "Special Income Charges": NaN,
        "Impairment Of Capital Assets": 0.0,
        "Restructuring And Mergern Acquisition": NaN,
        "Gain On Sale Of Security": NaN,
        "Depreciation Amortization Depletion Income Statement": NaN,
        "Depreciation And Amortization In Income Statement": NaN,
        "Amortization": NaN,
        "Amortization Of Intangibles Income Statement": NaN,
        "Selling General And Administration": NaN,
        "General And Administrative Expense": NaN,
        "Other Gand A": NaN,
        "Insurance And Claims": NaN,
        "Salaries And Wages": NaN,
        "Total Revenue": NaN,
        "Operating Revenue": NaN,
        "Occupancy And Equipment": NaN
    },
    "2023-12-31": {
        "Tax Effect Of Unusual Items": NaN,
        "Tax Rate For Calcs": NaN,
        "Total Unusual Items": NaN,
        "Total Unusual Items Excluding Goodwill": NaN,
        "Net Income From Continuing Operation Net Minority Interest": NaN,
        "Reconciled Depreciation": NaN,
        "Net Interest Income": NaN,
        "Interest Expense": NaN,
        "Interest Income": NaN,
        "Normalized Income": NaN,
        "Net Income From Continuing And Discontinued Operation": NaN,
        "Diluted Average Shares": NaN,
        "Basic Average Shares": NaN,
        "Diluted EPS": NaN,
        "Basic EPS": NaN,
        "Diluted NI Availto Com Stockholders": NaN,
        "Net Income Common Stockholders": NaN,
        "Otherunder Preferred Stock Dividend": -22000000.0,
        "Preferred Stock Dividends": NaN,
        "Net Income": NaN,
        "Net Income Including Noncontrolling Interests": NaN,
        "Net Income Continuous Operations": NaN,
        "Tax Provision": NaN,
        "Pretax Income": NaN,
        "Special Income Charges": NaN,
        "Impairment Of Capital Assets": NaN,
        "Restructuring And Mergern Acquisition": NaN,
        "Gain On Sale Of Security": 0.0,
        "Depreciation Amortization Depletion Income Statement": NaN,
        "Depreciation And Amortization In Income Statement": NaN,
        "Amortization": NaN,
        "Amortization Of Intangibles Income Statement": NaN,
        "Selling General And Administration": NaN,
        "General And Administrative Expense": NaN,
        "Other Gand A": NaN,
        "Insurance And Claims": NaN,
        "Salaries And Wages": NaN,
        "Total Revenue": NaN,
        "Operating Revenue": NaN,
        "Occupancy And Equipment": NaN
    },
    "2023-09-30": {
        "Tax Effect Of Unusual Items": NaN,
        "Tax Rate For Calcs": NaN,
        "Total Unusual Items": NaN,
        "Total Unusual Items Excluding Goodwill": NaN,
        "Net Income From Continuing Operation Net Minority Interest": NaN,
        "Reconciled Depreciation": NaN,
        "Net Interest Income": NaN,
        "Interest Expense": NaN,
        "Interest Income": NaN,
        "Normalized Income": NaN,
        "Net Income From Continuing And Discontinued Operation": NaN,
        "Diluted Average Shares": NaN,
        "Basic Average Shares": NaN,
        "Diluted EPS": NaN,
        "Basic EPS": NaN,
        "Diluted NI Availto Com Stockholders": NaN,
        "Net Income Common Stockholders": NaN,
        "Otherunder Preferred Stock Dividend": 2000000.0,
        "Preferred Stock Dividends": NaN,
        "Net Income": NaN,
        "Net Income Including Noncontrolling Interests": NaN,
        "Net Income Continuous Operations": NaN,
        "Tax Provision": NaN,
        "Pretax Income": NaN,
        "Special Income Charges": NaN,
        "Impairment Of Capital Assets": NaN,
        "Restructuring And Mergern Acquisition": NaN,
        "Gain On Sale Of Security": 0.0,
        "Depreciation Amortization Depletion Income Statement": NaN,
        "Depreciation And Amortization In Income Statement": NaN,
        "Amortization": NaN,
        "Amortization Of Intangibles Income Statement": NaN,
        "Selling General And Administration": NaN,
        "General And Administrative Expense": NaN,
        "Other Gand A": NaN,
        "Insurance And Claims": NaN,
        "Salaries And Wages": NaN,
        "Total Revenue": NaN,
        "Operating Revenue": NaN,
        "Occupancy And Equipment": NaN
    },
    "2023-06-30": {
        "Tax Effect Of Unusual Items": NaN,
        "Tax Rate For Calcs": NaN,
        "Total Unusual Items": NaN,
        "Total Unusual Items Excluding Goodwill": NaN,
        "Net Income From Continuing Operation Net Minority Interest": NaN,
        "Reconciled Depreciation": NaN,
        "Net Interest Income": NaN,
        "Interest Expense": NaN,
        "Interest Income": NaN,
        "Normalized Income": NaN,
        "Net Income From Continuing And Discontinued Operation": NaN,
        "Diluted Average Shares": NaN,
        "Basic Average Shares": NaN,
        "Diluted EPS": NaN,
        "Basic EPS": NaN,
        "Diluted NI Availto Com Stockholders": NaN,
        "Net Income Common Stockholders": NaN,
        "Otherunder Preferred Stock Dividend": 4000000.0,
        "Preferred Stock Dividends": NaN,
        "Net Income": NaN,
        "Net Income Including Noncontrolling Interests": NaN,
        "Net Income Continuous Operations": NaN,
        "Tax Provision": NaN,
        "Pretax Income": NaN,
        "Special Income Charges": NaN,
        "Impairment Of Capital Assets": NaN,
        "Restructuring And Mergern Acquisition": NaN,
        "Gain On Sale Of Security": -1000000.0,
        "Depreciation Amortization Depletion Income Statement": NaN,
        "Depreciation And Amortization In Income Statement": NaN,
        "Amortization": NaN,
        "Amortization Of Intangibles Income Statement": NaN,
        "Selling General And Administration": NaN,
        "General And Administrative Expense": NaN,
        "Other Gand A": NaN,
        "Insurance And Claims": 15000000.0,
        "Salaries And Wages": NaN,
        "Total Revenue": NaN,
        "Operating Revenue": NaN,
        "Occupancy And Equipment": NaN
    },
    "2023-03-31": {
        "Tax Effect Of Unusual Items": NaN,
        "Tax Rate For Calcs": NaN,
        "Total Unusual Items": NaN,
        "Total Unusual Items Excluding Goodwill": NaN,
        "Net Income From Continuing Operation Net Minority Interest": NaN,
        "Reconciled Depreciation": NaN,
        "Net Interest Income": NaN,
        "Interest Expense": NaN,
        "Interest Income": NaN,
        "Normalized Income": NaN,
        "Net Income From Continuing And Discontinued Operation": NaN,
        "Diluted Average Shares": NaN,
        "Basic Average Shares": NaN,
        "Diluted EPS": NaN,
        "Basic EPS": NaN,
        "Diluted NI Availto Com Stockholders": NaN,
        "Net Income Common Stockholders": NaN,
        "Otherunder Preferred Stock Dividend": 21000000.0,
        "Preferred Stock Dividends": NaN,
        "Net Income": NaN,
        "Net Income Including Noncontrolling Interests": NaN,
        "Net Income Continuous Operations": NaN,
        "Tax Provision": NaN,
        "Pretax Income": NaN,
        "Special Income Charges": NaN,
        "Impairment Of Capital Assets": 0.0,
        "Restructuring And Mergern Acquisition": NaN,
        "Gain On Sale Of Security": NaN,
        "Depreciation Amortization Depletion Income Statement": NaN,
        "Depreciation And Amortization In Income Statement": NaN,
        "Amortization": NaN,
        "Amortization Of Intangibles Income Statement": NaN,
        "Selling General And Administration": NaN,
        "General And Administrative Expense": NaN,
        "Other Gand A": NaN,
        "Insurance And Claims": NaN,
        "Salaries And Wages": NaN,
        "Total Revenue": NaN,
        "Operating Revenue": NaN,
        "Occupancy And Equipment": NaN
    },
    "2024-09-30": {
        "Tax Effect Of Unusual Items": -2955223.880597,
        "Tax Rate For Calcs": 0.164179,
        "Total Unusual Items": -18000000.0,
        "Total Unusual Items Excluding Goodwill": -18000000.0,
        "Net Income From Continuing Operation Net Minority Interest": -280000000.0,
        "Reconciled Depreciation": 49000000.0,
        "Net Interest Income": 510000000.0,
        "Interest Expense": 1024000000.0,
        "Interest Income": 1534000000.0,
        "Normalized Income": -264955223.880597,
        "Net Income From Continuing And Discontinued Operation": -280000000.0,
        "Diluted Average Shares": NaN,
        "Basic Average Shares": NaN,
        "Diluted EPS": NaN,
        "Basic EPS": NaN,
        "Diluted NI Availto Com Stockholders": -289000000.0,
        "Net Income Common Stockholders": -289000000.0,
        "Preferred Stock Dividends": 9000000.0,
        "Net Income": -280000000.0,
        "Net Income Including Noncontrolling Interests": -280000000.0,
        "Net Income Continuous Operations": -280000000.0,
        "Tax Provision": -55000000.0,
        "Pretax Income": -335000000.0,
        "Special Income Charges": -18000000.0,
        "Restructuring And Mergern Acquisition": 18000000.0,
        "Gain On Sale Of Security": 0.0,
        "Depreciation Amortization Depletion Income Statement": 37000000.0,
        "Depreciation And Amortization In Income Statement": 37000000.0,
        "Amortization": 37000000.0,
        "Amortization Of Intangibles Income Statement": 37000000.0,
        "Selling General And Administration": 602000000.0,
        "General And Administrative Expense": 602000000.0,
        "Other Gand A": 188000000.0,
        "Insurance And Claims": 98000000.0,
        "Salaries And Wages": 316000000.0,
        "Total Revenue": 623000000.0,
        "Operating Revenue": 623000000.0,
        "Occupancy And Equipment": 59000000.0
    },
    "2024-12-31": {
        "Tax Effect Of Unusual Items": -6302521.008403,
        "Tax Rate For Calcs": 0.210084,
        "Total Unusual Items": -30000000.0,
        "Total Unusual Items Excluding Goodwill": -30000000.0,
        "Net Income From Continuing Operation Net Minority Interest": -188000000.0,
        "Reconciled Depreciation": 45000000.0,
        "Net Interest Income": 461000000.0,
        "Interest Expense": 897000000.0,
        "Interest Income": 1358000000.0,
        "Normalized Income": -164302521.008403,
        "Net Income From Continuing And Discontinued Operation": -188000000.0,
        "Diluted Average Shares": 415089512.0,
        "Basic Average Shares": 415089512.0,
        "Diluted EPS": -0.41,
        "Basic EPS": -0.41,
        "Diluted NI Availto Com Stockholders": -196000000.0,
        "Net Income Common Stockholders": -196000000.0,
        "Preferred Stock Dividends": 8000000.0,
        "Net Income": -188000000.0,
        "Net Income Including Noncontrolling Interests": -188000000.0,
        "Net Income Continuous Operations": -188000000.0,
        "Tax Provision": -50000000.0,
        "Pretax Income": -238000000.0,
        "Special Income Charges": -30000000.0,
        "Restructuring And Mergern Acquisition": 42000000.0,
        "Gain On Sale Of Security": NaN,
        "Depreciation Amortization Depletion Income Statement": 31000000.0,
        "Depreciation And Amortization In Income Statement": 31000000.0,
        "Amortization": 31000000.0,
        "Amortization Of Intangibles Income Statement": 31000000.0,
        "Selling General And Administration": 628000000.0,
        "General And Administrative Expense": 628000000.0,
        "Other Gand A": 252000000.0,
        "Insurance And Claims": 74000000.0,
        "Salaries And Wages": 302000000.0,
        "Total Revenue": 536000000.0,
        "Operating Revenue": 536000000.0,
        "Occupancy And Equipment": 48000000.0
    },
    "2025-03-31": {
        "Tax Effect Of Unusual Items": -1424000.0,
        "Tax Rate For Calcs": 0.178,
        "Total Unusual Items": -8000000.0,
        "Total Unusual Items Excluding Goodwill": -8000000.0,
        "Net Income From Continuing Operation Net Minority Interest": -100000000.0,
        "Reconciled Depreciation": 39000000.0,
        "Net Interest Income": 410000000.0,
        "Interest Expense": 754000000.0,
        "Interest Income": 1164000000.0,
        "Normalized Income": -93424000.0,
        "Net Income From Continuing And Discontinued Operation": -100000000.0,
        "Diluted Average Shares": 414824158.0,
        "Basic Average Shares": 414824158.0,
        "Diluted EPS": -0.26,
        "Basic EPS": -0.26,
        "Diluted NI Availto Com Stockholders": -108000000.0,
        "Net Income Common Stockholders": -108000000.0,
        "Preferred Stock Dividends": 8000000.0,
        "Net Income": -100000000.0,
        "Net Income Including Noncontrolling Interests": -100000000.0,
        "Net Income Continuous Operations": -100000000.0,
        "Tax Provision": -21000000.0,
        "Pretax Income": -121000000.0,
        "Special Income Charges": -8000000.0,
        "Restructuring And Mergern Acquisition": 8000000.0,
        "Gain On Sale Of Security": NaN,
        "Depreciation Amortization Depletion Income Statement": 28000000.0,
        "Depreciation And Amortization In Income Statement": 28000000.0,
        "Amortization": 28000000.0,
        "Amortization Of Intangibles Income Statement": 28000000.0,
        "Selling General And Administration": 441000000.0,
        "General And Administrative Expense": 441000000.0,
        "Other Gand A": 147000000.0,
        "Insurance And Claims": 50000000.0,
        "Salaries And Wages": 244000000.0,
        "Total Revenue": 490000000.0,
        "Operating Revenue": 490000000.0,
        "Occupancy And Equipment": 55000000.0
    },
    "2025-06-30": {
        "Tax Effect Of Unusual Items": -1901234.567901,
        "Tax Rate For Calcs": 0.135802,
        "Total Unusual Items": -14000000.0,
        "Total Unusual Items Excluding Goodwill": -14000000.0,
        "Net Income From Continuing Operation Net Minority Interest": -70000000.0,
        "Reconciled Depreciation": 37000000.0,
        "Net Interest Income": 419000000.0,
        "Interest Expense": 724000000.0,
        "Interest Income": 1143000000.0,
        "Normalized Income": -57901234.567901,
        "Net Income From Continuing And Discontinued Operation": -70000000.0,
        "Diluted Average Shares": 415125228.0,
        "Basic Average Shares": 415125228.0,
        "Diluted EPS": -0.19,
        "Basic EPS": -0.19,
        "Diluted NI Availto Com Stockholders": -78000000.0,
        "Net Income Common Stockholders": -78000000.0,
        "Preferred Stock Dividends": 8000000.0,
        "Net Income": -70000000.0,
        "Net Income Including Noncontrolling Interests": -70000000.0,
        "Net Income Continuous Operations": -70000000.0,
        "Tax Provision": -11000000.0,
        "Pretax Income": -81000000.0,
        "Special Income Charges": -14000000.0,
        "Restructuring And Mergern Acquisition": 14000000.0,
        "Gain On Sale Of Security": NaN,
        "Depreciation Amortization Depletion Income Statement": 27000000.0,
        "Depreciation And Amortization In Income Statement": 27000000.0,
        "Amortization": 27000000.0,
        "Amortization Of Intangibles Income Statement": 27000000.0,
        "Selling General And Administration": 419000000.0,
        "General And Administrative Expense": 419000000.0,
        "Other Gand A": 133000000.0,
        "Insurance And Claims": 49000000.0,
        "Salaries And Wages": 237000000.0,
        "Total Revenue": 496000000.0,
        "Operating Revenue": 496000000.0,
        "Occupancy And Equipment": 53000000.0
    },
    "2025-09-30": {
        "Tax Effect Of Unusual Items": -2073170.731707,
        "Tax Rate For Calcs": 0.121951,
        "Total Unusual Items": -17000000.0,
        "Total Unusual Items Excluding Goodwill": -17000000.0,
        "Net Income From Continuing Operation Net Minority Interest": -36000000.0,
        "Reconciled Depreciation": 37000000.0,
        "Net Interest Income": 425000000.0,
        "Interest Expense": 676000000.0,
        "Interest Income": 1101000000.0,
        "Normalized Income": -21073170.731707,
        "Net Income From Continuing And Discontinued Operation": -36000000.0,
        "Diluted Average Shares": 415563380.0,
        "Basic Average Shares": 415563380.0,
        "Diluted EPS": -0.11,
        "Basic EPS": -0.11,
        "Diluted NI Availto Com Stockholders": -45000000.0,
        "Net Income Common Stockholders": -45000000.0,
        "Preferred Stock Dividends": 9000000.0,
        "Net Income": -36000000.0,
        "Net Income Including Noncontrolling Interests": -36000000.0,
        "Net Income Continuous Operations": -36000000.0,
        "Tax Provision": -5000000.0,
        "Pretax Income": -41000000.0,
        "Special Income Charges": -17000000.0,
        "Restructuring And Mergern Acquisition": 17000000.0,
        "Gain On Sale Of Security": 22000000.0,
        "Depreciation Amortization Depletion Income Statement": 26000000.0,
        "Depreciation And Amortization In Income Statement": 26000000.0,
        "Amortization": 26000000.0,
        "Amortization Of Intangibles Income Statement": 26000000.0,
        "Selling General And Administration": 432000000.0,
        "General And Administrative Expense": 432000000.0,
        "Other Gand A": 153000000.0,
        "Insurance And Claims": 37000000.0,
        "Salaries And Wages": 242000000.0,
        "Total Revenue": 519000000.0,
        "Operating Revenue": 519000000.0,
        "Occupancy And Equipment": 47000000.0
    },
    "2025-12-31": {
        "Tax Effect Of Unusual Items": NaN,
        "Tax Rate For Calcs": NaN,
        "Total Unusual Items": NaN,
        "Total Unusual Items Excluding Goodwill": NaN,
        "Net Income From Continuing Operation Net Minority Interest": NaN,
        "Reconciled Depreciation": NaN,
        "Net Interest Income": NaN,
        "Interest Expense": NaN,
        "Interest Income": NaN,
        "Normalized Income": NaN,
        "Net Income From Continuing And Discontinued Operation": NaN,
        "Diluted Average Shares": 458727765.0,
        "Basic Average Shares": 415784315.0,
        "Diluted EPS": 0.05,
        "Basic EPS": 0.05,
        "Diluted NI Availto Com Stockholders": NaN,
        "Net Income Common Stockholders": NaN,
        "Preferred Stock Dividends": NaN,
        "Net Income": NaN,
        "Net Income Including Noncontrolling Interests": NaN,
        "Net Income Continuous Operations": NaN,
        "Tax Provision": NaN,
        "Pretax Income": NaN,
        "Special Income Charges": NaN,
        "Restructuring And Mergern Acquisition": NaN,
        "Gain On Sale Of Security": NaN,
        "Depreciation Amortization Depletion Income Statement": NaN,
        "Depreciation And Amortization In Income Statement": NaN,
        "Amortization": NaN,
        "Amortization Of Intangibles Income Statement": NaN,
        "Selling General And Administration": NaN,
        "General And Administrative Expense": NaN,
        "Other Gand A": NaN,
        "Insurance And Claims": NaN,
        "Salaries And Wages": NaN,
        "Total Revenue": NaN,
        "Operating Revenue": NaN,
        "Occupancy And Equipment": NaN
    }
}