{
    "2023-03-31": {
        "Tax Effect Of Unusual Items": NaN,
        "Tax Rate For Calcs": NaN,
        "Normalized EBITDA": NaN,
        "Net Income From Continuing Operation Net Minority Interest": NaN,
        "Reconciled Depreciation": NaN,
        "Reconciled Cost Of Revenue": NaN,
        "EBITDA": NaN,
        "EBIT": NaN,
        "Net Interest Income": NaN,
        "Interest Expense": 1144000.0,
        "Interest Income": NaN,
        "Normalized Income": NaN,
        "Net Income From Continuing And Discontinued Operation": NaN,
        "Total Expenses": NaN,
        "Diluted Average Shares": NaN,
        "Basic Average Shares": NaN,
        "Diluted EPS": NaN,
        "Basic EPS": NaN,
        "Diluted NI Availto Com Stockholders": NaN,
        "Net Income Common Stockholders": NaN,
        "Net Income": NaN,
        "Minority Interests": NaN,
        "Net Income Including Noncontrolling Interests": NaN,
        "Net Income Continuous Operations": NaN,
        "Tax Provision": NaN,
        "Pretax Income": NaN,
        "Other Income Expense": NaN,
        "Other Non Operating Income Expenses": NaN,
        "Net Non Operating Interest Income Expense": NaN,
        "Interest Expense Non Operating": 1144000.0,
        "Interest Income Non Operating": NaN,
        "Operating Income": NaN,
        "Operating Expense": NaN,
        "Depreciation Amortization Depletion Income Statement": NaN,
        "Depreciation And Amortization In Income Statement": NaN,
        "Research And Development": NaN,
        "Selling General And Administration": NaN,
        "Selling And Marketing Expense": NaN,
        "General And Administrative Expense": NaN,
        "Other Gand A": NaN,
        "Gross Profit": NaN,
        "Cost Of Revenue": NaN,
        "Total Revenue": NaN,
        "Operating Revenue": NaN
    },
    "2022-12-31": {
        "Tax Effect Of Unusual Items": NaN,
        "Tax Rate For Calcs": NaN,
        "Normalized EBITDA": NaN,
        "Net Income From Continuing Operation Net Minority Interest": NaN,
        "Reconciled Depreciation": NaN,
        "Reconciled Cost Of Revenue": NaN,
        "EBITDA": NaN,
        "EBIT": NaN,
        "Net Interest Income": NaN,
        "Interest Expense": 816000.0,
        "Interest Income": NaN,
        "Normalized Income": NaN,
        "Net Income From Continuing And Discontinued Operation": NaN,
        "Total Expenses": NaN,
        "Diluted Average Shares": NaN,
        "Basic Average Shares": NaN,
        "Diluted EPS": NaN,
        "Basic EPS": NaN,
        "Diluted NI Availto Com Stockholders": NaN,
        "Net Income Common Stockholders": NaN,
        "Net Income": NaN,
        "Minority Interests": NaN,
        "Net Income Including Noncontrolling Interests": NaN,
        "Net Income Continuous Operations": NaN,
        "Tax Provision": NaN,
        "Pretax Income": NaN,
        "Other Income Expense": NaN,
        "Other Non Operating Income Expenses": NaN,
        "Net Non Operating Interest Income Expense": NaN,
        "Interest Expense Non Operating": 816000.0,
        "Interest Income Non Operating": NaN,
        "Operating Income": NaN,
        "Operating Expense": NaN,
        "Depreciation Amortization Depletion Income Statement": NaN,
        "Depreciation And Amortization In Income Statement": NaN,
        "Research And Development": NaN,
        "Selling General And Administration": NaN,
        "Selling And Marketing Expense": NaN,
        "General And Administrative Expense": NaN,
        "Other Gand A": NaN,
        "Gross Profit": NaN,
        "Cost Of Revenue": NaN,
        "Total Revenue": NaN,
        "Operating Revenue": NaN
    },
    "2022-09-30": {
        "Tax Effect Of Unusual Items": NaN,
        "Tax Rate For Calcs": NaN,
        "Normalized EBITDA": NaN,
        "Net Income From Continuing Operation Net Minority Interest": NaN,
        "Reconciled Depreciation": NaN,
        "Reconciled Cost Of Revenue": NaN,
        "EBITDA": NaN,
        "EBIT": NaN,
        "Net Interest Income": NaN,
        "Interest Expense": 80000.0,
        "Interest Income": NaN,
        "Normalized Income": NaN,
        "Net Income From Continuing And Discontinued Operation": NaN,
        "Total Expenses": NaN,
        "Diluted Average Shares": NaN,
        "Basic Average Shares": NaN,
        "Diluted EPS": NaN,
        "Basic EPS": NaN,
        "Diluted NI Availto Com Stockholders": NaN,
        "Net Income Common Stockholders": NaN,
        "Net Income": NaN,
        "Minority Interests": NaN,
        "Net Income Including Noncontrolling Interests": NaN,
        "Net Income Continuous Operations": NaN,
        "Tax Provision": NaN,
        "Pretax Income": NaN,
        "Other Income Expense": NaN,
        "Other Non Operating Income Expenses": NaN,
        "Net Non Operating Interest Income Expense": NaN,
        "Interest Expense Non Operating": 80000.0,
        "Interest Income Non Operating": NaN,
        "Operating Income": NaN,
        "Operating Expense": NaN,
        "Depreciation Amortization Depletion Income Statement": NaN,
        "Depreciation And Amortization In Income Statement": NaN,
        "Research And Development": NaN,
        "Selling General And Administration": NaN,
        "Selling And Marketing Expense": NaN,
        "General And Administrative Expense": NaN,
        "Other Gand A": NaN,
        "Gross Profit": NaN,
        "Cost Of Revenue": NaN,
        "Total Revenue": NaN,
        "Operating Revenue": NaN
    },
    "2022-06-30": {
        "Tax Effect Of Unusual Items": 0.0,
        "Tax Rate For Calcs": 0.016,
        "Normalized EBITDA": -59263000.0,
        "Net Income From Continuing Operation Net Minority Interest": -19347000.0,
        "Reconciled Depreciation": 1972000.0,
        "Reconciled Cost Of Revenue": 244207000.0,
        "EBITDA": -59263000.0,
        "EBIT": -61235000.0,
        "Net Interest Income": -573000.0,
        "Interest Expense": 573000.0,
        "Normalized Income": -19347000.0,
        "Net Income From Continuing And Discontinued Operation": -19347000.0,
        "Total Expenses": 300040000.0,
        "Diluted Average Shares": 55625566.0,
        "Basic Average Shares": 55625566.0,
        "Diluted EPS": -0.35,
        "Basic EPS": -0.35,
        "Diluted NI Availto Com Stockholders": -19347000.0,
        "Net Income Common Stockholders": -19347000.0,
        "Net Income": -19347000.0,
        "Minority Interests": 41482000.0,
        "Net Income Including Noncontrolling Interests": -60829000.0,
        "Net Income Continuous Operations": -60829000.0,
        "Tax Provision": -979000.0,
        "Pretax Income": -61808000.0,
        "Other Income Expense": -205000.0,
        "Other Non Operating Income Expenses": -205000.0,
        "Net Non Operating Interest Income Expense": -573000.0,
        "Interest Expense Non Operating": 573000.0,
        "Operating Income": -61030000.0,
        "Operating Expense": 55833000.0,
        "Depreciation Amortization Depletion Income Statement": 1972000.0,
        "Depreciation And Amortization In Income Statement": 1972000.0,
        "Research And Development": 18129000.0,
        "Selling General And Administration": 35732000.0,
        "Selling And Marketing Expense": 8398000.0,
        "General And Administrative Expense": 27334000.0,
        "Other Gand A": 27334000.0,
        "Gross Profit": -5197000.0,
        "Cost Of Revenue": 244207000.0,
        "Total Revenue": 239010000.0,
        "Operating Revenue": 239010000.0
    },
    "2022-03-31": {
        "Diluted EPS": -0.35,
        "Total Revenue": 343,
        "Gross Profit": -15,
        "Operating Income": -61,
        "EBIT": -59,
        "Net Income": -19
    },
    "2021-12-31": {
        "Diluted EPS": -0.53,
        "Total Revenue": 175,
        "Gross Profit": -53,
        "Operating Income": -110,
        "EBIT": -108,
        "Net Income": -29
    },
    "2021-09-30": {
        "Diluted EPS": 0.0,
        "Total Revenue": 188,
        "Gross Profit": -60,
        "Operating Income": -88,
        "EBIT": -86,
        "Net Income": NaN
    },
    "2021-06-30": {
        "Diluted EPS": 0.0,
        "Total Revenue": 278,
        "Gross Profit": -15,
        "Operating Income": -37,
        "EBIT": -36,
        "Net Income": 0
    },
    "2021-03-31": {
        "Diluted EPS": 0.0,
        "Total Revenue": 98,
        "Gross Profit": 1,
        "Operating Income": -22,
        "EBIT": -21,
        "Net Income": 0
    },
    "2020-12-31": {
        "Diluted EPS": 0.0,
        "Total Revenue": 116,
        "Gross Profit": 5,
        "Operating Income": -12,
        "EBIT": -11,
        "Net Income": 0
    },
    "2020-09-30": {
        "Diluted EPS": 0.0,
        "Total Revenue": NaN,
        "Gross Profit": NaN,
        "Operating Income": NaN,
        "EBIT": NaN,
        "Net Income": NaN
    },
    "2020-06-30": {
        "Diluted EPS": 0.0,
        "Total Revenue": NaN,
        "Gross Profit": NaN,
        "Operating Income": NaN,
        "EBIT": NaN,
        "Net Income": NaN
    },
    "2019-09-30": {
        "Diluted EPS": 0.0,
        "Total Revenue": NaN,
        "Gross Profit": NaN,
        "Operating Income": NaN,
        "EBIT": NaN,
        "Net Income": NaN
    },
    "2023-06-30": {
        "Tax Effect Of Unusual Items": NaN,
        "Tax Rate For Calcs": NaN,
        "Normalized EBITDA": NaN,
        "Net Income From Continuing Operation Net Minority Interest": NaN,
        "Reconciled Depreciation": NaN,
        "Reconciled Cost Of Revenue": NaN,
        "EBITDA": NaN,
        "EBIT": NaN,
        "Net Interest Income": NaN,
        "Interest Expense": 1513000.0,
        "Interest Income": NaN,
        "Normalized Income": NaN,
        "Net Income From Continuing And Discontinued Operation": NaN,
        "Total Expenses": NaN,
        "Diluted Average Shares": NaN,
        "Basic Average Shares": NaN,
        "Diluted EPS": NaN,
        "Basic EPS": NaN,
        "Diluted NI Availto Com Stockholders": NaN,
        "Net Income Common Stockholders": NaN,
        "Net Income": NaN,
        "Minority Interests": NaN,
        "Net Income Including Noncontrolling Interests": NaN,
        "Net Income Continuous Operations": NaN,
        "Tax Provision": NaN,
        "Pretax Income": NaN,
        "Other Income Expense": NaN,
        "Other Non Operating Income Expenses": NaN,
        "Net Non Operating Interest Income Expense": NaN,
        "Interest Expense Non Operating": 1513000.0,
        "Interest Income Non Operating": NaN,
        "Operating Income": NaN,
        "Operating Expense": NaN,
        "Depreciation Amortization Depletion Income Statement": NaN,
        "Depreciation And Amortization In Income Statement": NaN,
        "Research And Development": NaN,
        "Selling General And Administration": NaN,
        "Selling And Marketing Expense": NaN,
        "General And Administrative Expense": NaN,
        "Other Gand A": NaN,
        "Gross Profit": NaN,
        "Cost Of Revenue": NaN,
        "Total Revenue": NaN,
        "Operating Revenue": NaN
    },
    "2023-09-30": {
        "Tax Effect Of Unusual Items": 0.0,
        "Tax Rate For Calcs": 0.21,
        "Normalized EBITDA": -1462000.0,
        "Net Income From Continuing Operation Net Minority Interest": 3268000.0,
        "Reconciled Depreciation": 2926000.0,
        "Reconciled Cost Of Revenue": 596248000.0,
        "EBITDA": -1462000.0,
        "EBIT": -4388000.0,
        "Net Interest Income": 8861000.0,
        "Interest Expense": NaN,
        "Interest Income": NaN,
        "Normalized Income": 3268000.0,
        "Net Income From Continuing And Discontinued Operation": 3268000.0,
        "Total Expenses": 660783000.0,
        "Diluted Average Shares": 183693827.0,
        "Basic Average Shares": 118599185.0,
        "Diluted EPS": 0.02,
        "Basic EPS": 0.03,
        "Diluted NI Availto Com Stockholders": 3268000.0,
        "Net Income Common Stockholders": 3268000.0,
        "Net Income": 3268000.0,
        "Minority Interests": -1550000.0,
        "Net Income Including Noncontrolling Interests": 4818000.0,
        "Net Income Continuous Operations": 4818000.0,
        "Tax Provision": 6607000.0,
        "Pretax Income": 11425000.0,
        "Other Income Expense": -9634000.0,
        "Other Non Operating Income Expenses": -9634000.0,
        "Net Non Operating Interest Income Expense": 8861000.0,
        "Interest Expense Non Operating": NaN,
        "Interest Income Non Operating": NaN,
        "Operating Income": 12198000.0,
        "Operating Expense": 64084000.0,
        "Depreciation Amortization Depletion Income Statement": 2475000.0,
        "Depreciation And Amortization In Income Statement": 2475000.0,
        "Research And Development": 14676000.0,
        "Selling General And Administration": 46933000.0,
        "Selling And Marketing Expense": 11815000.0,
        "General And Administrative Expense": 35118000.0,
        "Other Gand A": 35118000.0,
        "Gross Profit": 76282000.0,
        "Cost Of Revenue": 596699000.0,
        "Total Revenue": 672981000.0,
        "Operating Revenue": 673798000.0
    },
    "2023-12-31": {
        "Tax Effect Of Unusual Items": NaN,
        "Tax Rate For Calcs": NaN,
        "Normalized EBITDA": NaN,
        "Net Income From Continuing Operation Net Minority Interest": NaN,
        "Reconciled Depreciation": NaN,
        "Reconciled Cost Of Revenue": NaN,
        "EBITDA": NaN,
        "EBIT": NaN,
        "Net Interest Income": NaN,
        "Interest Income": 1993000.0,
        "Normalized Income": NaN,
        "Net Income From Continuing And Discontinued Operation": NaN,
        "Total Expenses": NaN,
        "Diluted Average Shares": NaN,
        "Basic Average Shares": NaN,
        "Diluted EPS": NaN,
        "Basic EPS": NaN,
        "Diluted NI Availto Com Stockholders": NaN,
        "Average Dilution Earnings": NaN,
        "Net Income Common Stockholders": NaN,
        "Net Income": NaN,
        "Minority Interests": NaN,
        "Net Income Including Noncontrolling Interests": NaN,
        "Net Income Continuous Operations": NaN,
        "Tax Provision": NaN,
        "Pretax Income": NaN,
        "Other Income Expense": NaN,
        "Other Non Operating Income Expenses": NaN,
        "Net Non Operating Interest Income Expense": NaN,
        "Total Other Finance Cost": NaN,
        "Interest Income Non Operating": 1993000.0,
        "Operating Income": NaN,
        "Operating Expense": NaN,
        "Depreciation Amortization Depletion Income Statement": NaN,
        "Depreciation And Amortization In Income Statement": NaN,
        "Research And Development": NaN,
        "Selling General And Administration": NaN,
        "Selling And Marketing Expense": NaN,
        "General And Administrative Expense": NaN,
        "Other Gand A": NaN,
        "Gross Profit": NaN,
        "Cost Of Revenue": NaN,
        "Total Revenue": NaN,
        "Operating Revenue": NaN
    },
    "2024-03-31": {
        "Tax Effect Of Unusual Items": NaN,
        "Tax Rate For Calcs": NaN,
        "Normalized EBITDA": NaN,
        "Net Income From Continuing Operation Net Minority Interest": NaN,
        "Reconciled Depreciation": NaN,
        "Reconciled Cost Of Revenue": NaN,
        "EBITDA": NaN,
        "EBIT": NaN,
        "Net Interest Income": NaN,
        "Interest Income": 1261000.0,
        "Normalized Income": NaN,
        "Net Income From Continuing And Discontinued Operation": NaN,
        "Total Expenses": NaN,
        "Diluted Average Shares": NaN,
        "Basic Average Shares": NaN,
        "Diluted EPS": NaN,
        "Basic EPS": NaN,
        "Diluted NI Availto Com Stockholders": NaN,
        "Average Dilution Earnings": NaN,
        "Net Income Common Stockholders": NaN,
        "Net Income": NaN,
        "Minority Interests": NaN,
        "Net Income Including Noncontrolling Interests": NaN,
        "Net Income Continuous Operations": NaN,
        "Tax Provision": NaN,
        "Pretax Income": NaN,
        "Other Income Expense": NaN,
        "Other Non Operating Income Expenses": NaN,
        "Net Non Operating Interest Income Expense": NaN,
        "Total Other Finance Cost": -1261000.0,
        "Interest Income Non Operating": 1261000.0,
        "Operating Income": NaN,
        "Operating Expense": NaN,
        "Depreciation Amortization Depletion Income Statement": NaN,
        "Depreciation And Amortization In Income Statement": NaN,
        "Research And Development": NaN,
        "Selling General And Administration": NaN,
        "Selling And Marketing Expense": NaN,
        "General And Administrative Expense": NaN,
        "Other Gand A": NaN,
        "Gross Profit": NaN,
        "Cost Of Revenue": NaN,
        "Total Revenue": NaN,
        "Operating Revenue": NaN
    },
    "2024-06-30": {
        "Tax Effect Of Unusual Items": 0.0,
        "Tax Rate For Calcs": 0.21,
        "Normalized EBITDA": 8990000.0,
        "Net Income From Continuing Operation Net Minority Interest": 785000.0,
        "Reconciled Depreciation": 4424000.0,
        "Reconciled Cost Of Revenue": 399472000.0,
        "EBITDA": 8990000.0,
        "EBIT": 4566000.0,
        "Net Interest Income": 1300000.0,
        "Interest Income": 1300000.0,
        "Normalized Income": 785000.0,
        "Net Income From Continuing And Discontinued Operation": 785000.0,
        "Total Expenses": 478751000.0,
        "Diluted Average Shares": 184219065.0,
        "Basic Average Shares": 127910081.0,
        "Diluted EPS": 0.0,
        "Basic EPS": 0.01,
        "Diluted NI Availto Com Stockholders": 801000.0,
        "Average Dilution Earnings": 16000.0,
        "Net Income Common Stockholders": 785000.0,
        "Net Income": 785000.0,
        "Minority Interests": -290000.0,
        "Net Income Including Noncontrolling Interests": 1075000.0,
        "Net Income Continuous Operations": 1075000.0,
        "Tax Provision": 4229000.0,
        "Pretax Income": 5304000.0,
        "Other Income Expense": -562000.0,
        "Other Non Operating Income Expenses": -562000.0,
        "Net Non Operating Interest Income Expense": 1300000.0,
        "Total Other Finance Cost": -1300000.0,
        "Interest Income Non Operating": 1300000.0,
        "Operating Income": 4566000.0,
        "Operating Expense": 78479000.0,
        "Depreciation Amortization Depletion Income Statement": 3624000.0,
        "Depreciation And Amortization In Income Statement": 3624000.0,
        "Research And Development": 14976000.0,
        "Selling General And Administration": 59879000.0,
        "Selling And Marketing Expense": 14773000.0,
        "General And Administrative Expense": 45106000.0,
        "Other Gand A": 45106000.0,
        "Gross Profit": 83045000.0,
        "Cost Of Revenue": 400272000.0,
        "Total Revenue": 483317000.0,
        "Operating Revenue": 483317000.0
    },
    "2024-09-30": {
        "Tax Effect Of Unusual Items": 0.0,
        "Tax Rate For Calcs": 0.104204,
        "Normalized EBITDA": 71701000.0,
        "Net Income From Continuing Operation Net Minority Interest": 47843000.0,
        "Reconciled Depreciation": 4087000.0,
        "Reconciled Cost Of Revenue": 1069429000.0,
        "EBITDA": 71701000.0,
        "EBIT": 67614000.0,
        "Net Interest Income": 1122000.0,
        "Interest Income": 1122000.0,
        "Normalized Income": 47843000.0,
        "Net Income From Continuing And Discontinued Operation": 47843000.0,
        "Total Expenses": 1160534000.0,
        "Diluted Average Shares": 184492220.0,
        "Basic Average Shares": 128879394.0,
        "Diluted EPS": 0.34,
        "Basic EPS": 0.37,
        "Diluted NI Availto Com Stockholders": 47843000.0,
        "Average Dilution Earnings": NaN,
        "Net Income Common Stockholders": 47843000.0,
        "Net Income": 47843000.0,
        "Minority Interests": -19881000.0,
        "Net Income Including Noncontrolling Interests": 67724000.0,
        "Net Income Continuous Operations": 67724000.0,
        "Tax Provision": 7878000.0,
        "Pretax Income": 75602000.0,
        "Other Income Expense": 6866000.0,
        "Other Non Operating Income Expenses": 6866000.0,
        "Net Non Operating Interest Income Expense": 1122000.0,
        "Total Other Finance Cost": NaN,
        "Interest Income Non Operating": 1122000.0,
        "Operating Income": 67614000.0,
        "Operating Expense": 89855000.0,
        "Depreciation Amortization Depletion Income Statement": 2837000.0,
        "Depreciation And Amortization In Income Statement": 2837000.0,
        "Research And Development": 18352000.0,
        "Selling General And Administration": 68666000.0,
        "Selling And Marketing Expense": 22571000.0,
        "General And Administrative Expense": 46095000.0,
        "Other Gand A": 46095000.0,
        "Gross Profit": 157469000.0,
        "Cost Of Revenue": 1070679000.0,
        "Total Revenue": 1228148000.0,
        "Operating Revenue": 1228148000.0
    },
    "2024-12-31": {
        "Tax Effect Of Unusual Items": 0.0,
        "Tax Rate For Calcs": 0.029,
        "Normalized EBITDA": -49233000.0,
        "Net Income From Continuing Operation Net Minority Interest": -41466000.0,
        "Reconciled Depreciation": 4485000.0,
        "Reconciled Cost Of Revenue": 163917000.0,
        "EBITDA": -49233000.0,
        "EBIT": -53718000.0,
        "Net Interest Income": 741000.0,
        "Interest Income": 741000.0,
        "Normalized Income": -41466000.0,
        "Net Income From Continuing And Discontinued Operation": -41466000.0,
        "Total Expenses": 240506000.0,
        "Diluted Average Shares": 129482668.0,
        "Basic Average Shares": 129482668.0,
        "Diluted EPS": -0.32,
        "Basic EPS": -0.32,
        "Diluted NI Availto Com Stockholders": -41466000.0,
        "Average Dilution Earnings": NaN,
        "Net Income Common Stockholders": -41466000.0,
        "Net Income": -41466000.0,
        "Minority Interests": 15547000.0,
        "Net Income Including Noncontrolling Interests": -57013000.0,
        "Net Income Continuous Operations": -57013000.0,
        "Tax Provision": -1715000.0,
        "Pretax Income": -58728000.0,
        "Other Income Expense": -5751000.0,
        "Other Non Operating Income Expenses": -5751000.0,
        "Net Non Operating Interest Income Expense": 741000.0,
        "Total Other Finance Cost": NaN,
        "Interest Income Non Operating": 741000.0,
        "Operating Income": -53718000.0,
        "Operating Expense": 74919000.0,
        "Depreciation Amortization Depletion Income Statement": 2815000.0,
        "Depreciation And Amortization In Income Statement": 2815000.0,
        "Research And Development": 17195000.0,
        "Selling General And Administration": 54909000.0,
        "Selling And Marketing Expense": 18202000.0,
        "General And Administrative Expense": 36707000.0,
        "Other Gand A": 36707000.0,
        "Gross Profit": 21201000.0,
        "Cost Of Revenue": 165587000.0,
        "Total Revenue": 186788000.0,
        "Operating Revenue": 186788000.0
    },
    "2025-03-31": {
        "Tax Effect Of Unusual Items": 0.0,
        "Tax Rate For Calcs": 0.045,
        "Normalized EBITDA": -38892000.0,
        "Net Income From Continuing Operation Net Minority Interest": -31046000.0,
        "Reconciled Depreciation": 6189000.0,
        "Reconciled Cost Of Revenue": 385790000.0,
        "EBITDA": -38892000.0,
        "EBIT": -45081000.0,
        "Net Interest Income": -391000.0,
        "Interest Income": NaN,
        "Normalized Income": -31046000.0,
        "Net Income From Continuing And Discontinued Operation": -31046000.0,
        "Total Expenses": 476699000.0,
        "Diluted Average Shares": 129985932.0,
        "Basic Average Shares": 129985932.0,
        "Diluted EPS": -0.24,
        "Basic EPS": -0.24,
        "Diluted NI Availto Com Stockholders": -31046000.0,
        "Average Dilution Earnings": NaN,
        "Net Income Common Stockholders": -31046000.0,
        "Net Income": -31046000.0,
        "Minority Interests": 10886000.0,
        "Net Income Including Noncontrolling Interests": -41932000.0,
        "Net Income Continuous Operations": -41932000.0,
        "Tax Provision": -1993000.0,
        "Pretax Income": -43925000.0,
        "Other Income Expense": 1547000.0,
        "Other Non Operating Income Expenses": 1547000.0,
        "Net Non Operating Interest Income Expense": -391000.0,
        "Total Other Finance Cost": 391000.0,
        "Interest Income Non Operating": NaN,
        "Operating Income": -45081000.0,
        "Operating Expense": 87663000.0,
        "Depreciation Amortization Depletion Income Statement": 2943000.0,
        "Depreciation And Amortization In Income Statement": 2943000.0,
        "Research And Development": 22119000.0,
        "Selling General And Administration": 62601000.0,
        "Selling And Marketing Expense": 21189000.0,
        "General And Administrative Expense": 41412000.0,
        "Other Gand A": 41412000.0,
        "Gross Profit": 42582000.0,
        "Cost Of Revenue": 389036000.0,
        "Total Revenue": 431618000.0,
        "Operating Revenue": 431618000.0
    },
    "2025-06-30": {
        "Tax Effect Of Unusual Items": 0.0,
        "Tax Rate For Calcs": 0.399006,
        "Normalized EBITDA": 12290000.0,
        "Net Income From Continuing Operation Net Minority Interest": 6252000.0,
        "Reconciled Depreciation": 8255000.0,
        "Reconciled Cost Of Revenue": 508807000.0,
        "EBITDA": 12290000.0,
        "EBIT": 4035000.0,
        "Net Interest Income": -1083000.0,
        "Interest Income": NaN,
        "Normalized Income": 6252000.0,
        "Net Income From Continuing And Discontinued Operation": 6252000.0,
        "Total Expenses": 598498000.0,
        "Diluted Average Shares": 183645493.0,
        "Basic Average Shares": 130723258.0,
        "Diluted EPS": 0.01,
        "Basic EPS": 0.05,
        "Diluted NI Availto Com Stockholders": 1986000.0,
        "Average Dilution Earnings": -4266000.0,
        "Net Income Common Stockholders": 6252000.0,
        "Net Income": 6252000.0,
        "Minority Interests": -642000.0,
        "Net Income Including Noncontrolling Interests": 6894000.0,
        "Net Income Continuous Operations": 6894000.0,
        "Tax Provision": 4577000.0,
        "Pretax Income": 11471000.0,
        "Other Income Expense": 8519000.0,
        "Other Non Operating Income Expenses": 8519000.0,
        "Net Non Operating Interest Income Expense": -1083000.0,
        "Total Other Finance Cost": 1083000.0,
        "Interest Income Non Operating": NaN,
        "Operating Income": 4035000.0,
        "Operating Expense": 85064000.0,
        "Depreciation Amortization Depletion Income Statement": 3628000.0,
        "Depreciation And Amortization In Income Statement": 3628000.0,
        "Research And Development": 26011000.0,
        "Selling General And Administration": 55425000.0,
        "Selling And Marketing Expense": 19822000.0,
        "General And Administrative Expense": 35603000.0,
        "Other Gand A": 35603000.0,
        "Gross Profit": 89099000.0,
        "Cost Of Revenue": 513434000.0,
        "Total Revenue": 602533000.0,
        "Operating Revenue": 602533000.0
    }
}