{
    "2023-03-31": {
        "Tax Effect Of Unusual Items": NaN,
        "Tax Rate For Calcs": NaN,
        "Normalized EBITDA": NaN,
        "Total Unusual Items": NaN,
        "Total Unusual Items Excluding Goodwill": NaN,
        "Net Income From Continuing Operation Net Minority Interest": NaN,
        "Reconciled Depreciation": NaN,
        "Reconciled Cost Of Revenue": NaN,
        "EBITDA": NaN,
        "EBIT": NaN,
        "Net Interest Income": NaN,
        "Interest Expense": NaN,
        "Interest Income": NaN,
        "Normalized Income": NaN,
        "Net Income From Continuing And Discontinued Operation": NaN,
        "Total Expenses": NaN,
        "Total Operating Income As Reported": NaN,
        "Diluted Average Shares": NaN,
        "Basic Average Shares": NaN,
        "Diluted EPS": NaN,
        "Basic EPS": NaN,
        "Diluted NI Availto Com Stockholders": NaN,
        "Net Income Common Stockholders": NaN,
        "Net Income": NaN,
        "Net Income Including Noncontrolling Interests": NaN,
        "Net Income Continuous Operations": NaN,
        "Tax Provision": NaN,
        "Pretax Income": NaN,
        "Other Income Expense": NaN,
        "Special Income Charges": NaN,
        "Other Special Charges": 10238000.0,
        "Gain On Sale Of Security": NaN,
        "Net Non Operating Interest Income Expense": NaN,
        "Total Other Finance Cost": NaN,
        "Interest Expense Non Operating": NaN,
        "Interest Income Non Operating": NaN,
        "Operating Income": NaN,
        "Operating Expense": NaN,
        "Selling General And Administration": NaN,
        "General And Administrative Expense": NaN,
        "Other Gand A": NaN,
        "Gross Profit": NaN,
        "Cost Of Revenue": NaN,
        "Total Revenue": NaN,
        "Operating Revenue": NaN
    },
    "2022-12-31": {
        "Tax Effect Of Unusual Items": NaN,
        "Tax Rate For Calcs": NaN,
        "Normalized EBITDA": NaN,
        "Total Unusual Items": NaN,
        "Total Unusual Items Excluding Goodwill": NaN,
        "Net Income From Continuing Operation Net Minority Interest": NaN,
        "Reconciled Depreciation": NaN,
        "Reconciled Cost Of Revenue": NaN,
        "EBITDA": NaN,
        "EBIT": NaN,
        "Net Interest Income": NaN,
        "Interest Expense": NaN,
        "Interest Income": NaN,
        "Normalized Income": NaN,
        "Net Income From Continuing And Discontinued Operation": NaN,
        "Total Expenses": NaN,
        "Total Operating Income As Reported": NaN,
        "Diluted Average Shares": NaN,
        "Basic Average Shares": NaN,
        "Diluted EPS": NaN,
        "Basic EPS": NaN,
        "Diluted NI Availto Com Stockholders": NaN,
        "Net Income Common Stockholders": NaN,
        "Net Income": NaN,
        "Net Income Including Noncontrolling Interests": NaN,
        "Net Income Continuous Operations": NaN,
        "Tax Provision": NaN,
        "Pretax Income": NaN,
        "Other Income Expense": NaN,
        "Special Income Charges": NaN,
        "Other Special Charges": 1747000.0,
        "Gain On Sale Of Security": NaN,
        "Net Non Operating Interest Income Expense": NaN,
        "Total Other Finance Cost": NaN,
        "Interest Expense Non Operating": NaN,
        "Interest Income Non Operating": NaN,
        "Operating Income": NaN,
        "Operating Expense": NaN,
        "Selling General And Administration": NaN,
        "General And Administrative Expense": NaN,
        "Other Gand A": NaN,
        "Gross Profit": NaN,
        "Cost Of Revenue": NaN,
        "Total Revenue": NaN,
        "Operating Revenue": NaN
    },
    "2022-09-30": {
        "Tax Effect Of Unusual Items": NaN,
        "Tax Rate For Calcs": NaN,
        "Normalized EBITDA": NaN,
        "Total Unusual Items": NaN,
        "Total Unusual Items Excluding Goodwill": NaN,
        "Net Income From Continuing Operation Net Minority Interest": NaN,
        "Reconciled Depreciation": NaN,
        "Reconciled Cost Of Revenue": NaN,
        "EBITDA": NaN,
        "EBIT": NaN,
        "Net Interest Income": NaN,
        "Interest Expense": NaN,
        "Interest Income": NaN,
        "Normalized Income": NaN,
        "Net Income From Continuing And Discontinued Operation": NaN,
        "Total Expenses": NaN,
        "Total Operating Income As Reported": NaN,
        "Diluted Average Shares": NaN,
        "Basic Average Shares": NaN,
        "Diluted EPS": NaN,
        "Basic EPS": NaN,
        "Diluted NI Availto Com Stockholders": NaN,
        "Net Income Common Stockholders": NaN,
        "Net Income": NaN,
        "Net Income Including Noncontrolling Interests": NaN,
        "Net Income Continuous Operations": NaN,
        "Tax Provision": NaN,
        "Pretax Income": NaN,
        "Other Income Expense": NaN,
        "Special Income Charges": NaN,
        "Other Special Charges": 12631000.0,
        "Gain On Sale Of Security": NaN,
        "Net Non Operating Interest Income Expense": NaN,
        "Total Other Finance Cost": NaN,
        "Interest Expense Non Operating": NaN,
        "Interest Income Non Operating": NaN,
        "Operating Income": NaN,
        "Operating Expense": NaN,
        "Selling General And Administration": NaN,
        "General And Administrative Expense": NaN,
        "Other Gand A": NaN,
        "Gross Profit": NaN,
        "Cost Of Revenue": NaN,
        "Total Revenue": NaN,
        "Operating Revenue": NaN
    },
    "2022-06-30": {
        "Tax Effect Of Unusual Items": 3154.322243,
        "Tax Rate For Calcs": 0.000248,
        "Normalized EBITDA": 65439000.0,
        "Total Unusual Items": 12695000.0,
        "Total Unusual Items Excluding Goodwill": 12695000.0,
        "Net Income From Continuing Operation Net Minority Interest": 44260000.0,
        "Reconciled Depreciation": 18007000.0,
        "Reconciled Cost Of Revenue": 33886000.0,
        "EBITDA": 78134000.0,
        "EBIT": 60127000.0,
        "Net Interest Income": -16876000.0,
        "Interest Expense": 15856000.0,
        "Interest Income": 267000.0,
        "Normalized Income": 31568154.322243,
        "Net Income From Continuing And Discontinued Operation": 44260000.0,
        "Total Expenses": 35706000.0,
        "Total Operating Income As Reported": 48452000.0,
        "Diluted Average Shares": 53448409.0,
        "Basic Average Shares": 53143075.0,
        "Diluted EPS": 0.83,
        "Basic EPS": 0.83,
        "Diluted NI Availto Com Stockholders": 44260000.0,
        "Net Income Common Stockholders": 44260000.0,
        "Net Income": 44260000.0,
        "Net Income Including Noncontrolling Interests": 44260000.0,
        "Net Income Continuous Operations": 44260000.0,
        "Tax Provision": 11000.0,
        "Pretax Income": 44271000.0,
        "Other Income Expense": 12695000.0,
        "Special Income Charges": -1724000.0,
        "Other Special Charges": 1724000.0,
        "Gain On Sale Of Security": 14419000.0,
        "Net Non Operating Interest Income Expense": -16876000.0,
        "Total Other Finance Cost": 1287000.0,
        "Interest Expense Non Operating": 15856000.0,
        "Interest Income Non Operating": 267000.0,
        "Operating Income": 48452000.0,
        "Operating Expense": 1820000.0,
        "Selling General And Administration": 1820000.0,
        "General And Administrative Expense": 1820000.0,
        "Other Gand A": 1820000.0,
        "Gross Profit": 50272000.0,
        "Cost Of Revenue": 33886000.0,
        "Total Revenue": 84158000.0,
        "Operating Revenue": 84158000.0
    },
    "2022-03-31": {
        "Diluted EPS": 1.05,
        "Total Revenue": 75,
        "Gross Profit": 59,
        "Operating Income": 38,
        "EBIT": 57,
        "Net Income": 56
    },
    "2021-12-31": {
        "Diluted EPS": 1.3,
        "Total Revenue": 115,
        "Gross Profit": 98,
        "Operating Income": 77,
        "EBIT": 97,
        "Net Income": 69
    },
    "2021-09-30": {
        "Diluted EPS": 0.62,
        "Total Revenue": 82,
        "Gross Profit": 66,
        "Operating Income": 46,
        "EBIT": 66,
        "Net Income": 33
    },
    "2021-06-30": {
        "Diluted EPS": 0.24,
        "Total Revenue": 66,
        "Gross Profit": 49,
        "Operating Income": 30,
        "EBIT": 48,
        "Net Income": 13
    },
    "2021-03-31": {
        "Diluted EPS": 0.88,
        "Total Revenue": 81,
        "Gross Profit": 66,
        "Operating Income": 48,
        "EBIT": 65,
        "Net Income": 47
    },
    "2020-12-31": {
        "Diluted EPS": 0.47,
        "Total Revenue": 67,
        "Gross Profit": 52,
        "Operating Income": 36,
        "EBIT": 51,
        "Net Income": 26
    },
    "2020-09-30": {
        "Diluted EPS": 0.07,
        "Total Revenue": 33,
        "Gross Profit": 23,
        "Operating Income": 11,
        "EBIT": 23,
        "Net Income": 4
    },
    "2020-06-30": {
        "Diluted EPS": -0.12,
        "Total Revenue": 26,
        "Gross Profit": 19,
        "Operating Income": 9,
        "EBIT": 18,
        "Net Income": -7
    },
    "2020-03-31": {
        "Diluted EPS": -0.27,
        "Total Revenue": 38,
        "Gross Profit": 29,
        "Operating Income": 19,
        "EBIT": 28,
        "Net Income": -15
    },
    "2019-12-31": {
        "Diluted EPS": 0.43,
        "Total Revenue": 52,
        "Gross Profit": 43,
        "Operating Income": 33,
        "EBIT": 43,
        "Net Income": 24
    },
    "2019-09-30": {
        "Diluted EPS": 0.01,
        "Total Revenue": 30,
        "Gross Profit": 24,
        "Operating Income": 14,
        "EBIT": 22,
        "Net Income": 0
    },
    "2019-06-30": {
        "Diluted EPS": -0.07,
        "Total Revenue": 19,
        "Gross Profit": 13,
        "Operating Income": 5,
        "EBIT": 11,
        "Net Income": -4
    },
    "2019-03-31": {
        "Diluted EPS": -0.06,
        "Total Revenue": 19,
        "Gross Profit": 11,
        "Operating Income": 3,
        "EBIT": 9,
        "Net Income": -3
    },
    "2018-12-31": {
        "Diluted EPS": -0.04,
        "Total Revenue": 15,
        "Gross Profit": 3,
        "Operating Income": 0,
        "EBIT": 7,
        "Net Income": -2
    },
    "2018-09-30": {
        "Diluted EPS": 0.03,
        "Total Revenue": 19,
        "Gross Profit": 14,
        "Operating Income": 7,
        "EBIT": 13,
        "Net Income": 1
    },
    "2018-06-30": {
        "Diluted EPS": -0.08,
        "Total Revenue": 7,
        "Gross Profit": 4,
        "Operating Income": 0,
        "EBIT": 3,
        "Net Income": -3
    },
    "2018-03-31": {
        "Diluted EPS": 0.38,
        "Total Revenue": 36,
        "Gross Profit": 30,
        "Operating Income": 21,
        "EBIT": 24,
        "Net Income": 15
    },
    "2017-12-31": {
        "Diluted EPS": 0.0,
        "Total Revenue": NaN,
        "Gross Profit": NaN,
        "Operating Income": NaN,
        "EBIT": NaN,
        "Net Income": NaN
    },
    "2023-06-30": {
        "Tax Effect Of Unusual Items": 2177.929833,
        "Tax Rate For Calcs": 0.000128,
        "Normalized EBITDA": 67478000.0,
        "Total Unusual Items": 16997000.0,
        "Total Unusual Items Excluding Goodwill": 16997000.0,
        "Net Income From Continuing Operation Net Minority Interest": 39016000.0,
        "Reconciled Depreciation": 18251000.0,
        "Reconciled Cost Of Revenue": 36306000.0,
        "EBITDA": 84475000.0,
        "EBIT": 66224000.0,
        "Net Interest Income": -26199000.0,
        "Interest Expense": 27203000.0,
        "Interest Income": 1284000.0,
        "Normalized Income": 22021177.929833,
        "Net Income From Continuing And Discontinued Operation": 39016000.0,
        "Total Expenses": 38504000.0,
        "Total Operating Income As Reported": 48223000.0,
        "Diluted Average Shares": 53943139.0,
        "Basic Average Shares": 53682140.0,
        "Diluted EPS": 0.72,
        "Basic EPS": 0.73,
        "Diluted NI Availto Com Stockholders": 39016000.0,
        "Net Income Common Stockholders": 39016000.0,
        "Net Income": 39016000.0,
        "Net Income Including Noncontrolling Interests": 39016000.0,
        "Net Income Continuous Operations": 39016000.0,
        "Tax Provision": 5000.0,
        "Pretax Income": 39021000.0,
        "Other Income Expense": 16997000.0,
        "Special Income Charges": 0.0,
        "Other Special Charges": NaN,
        "Gain On Sale Of Security": 16997000.0,
        "Net Non Operating Interest Income Expense": -26199000.0,
        "Total Other Finance Cost": 280000.0,
        "Interest Expense Non Operating": 27203000.0,
        "Interest Income Non Operating": 1284000.0,
        "Operating Income": 48223000.0,
        "Operating Expense": 2198000.0,
        "Selling General And Administration": 2198000.0,
        "General And Administrative Expense": 2198000.0,
        "Other Gand A": 2198000.0,
        "Gross Profit": 50421000.0,
        "Cost Of Revenue": 36306000.0,
        "Total Revenue": 86727000.0,
        "Operating Revenue": 86727000.0
    },
    "2023-09-30": {
        "Tax Effect Of Unusual Items": NaN,
        "Tax Rate For Calcs": NaN,
        "Normalized EBITDA": NaN,
        "Total Unusual Items": NaN,
        "Total Unusual Items Excluding Goodwill": NaN,
        "Net Income From Continuing Operation Net Minority Interest": NaN,
        "Reconciled Depreciation": NaN,
        "Reconciled Cost Of Revenue": NaN,
        "EBITDA": NaN,
        "EBIT": NaN,
        "Net Interest Income": NaN,
        "Interest Expense": NaN,
        "Interest Income": NaN,
        "Normalized Income": NaN,
        "Net Income From Continuing And Discontinued Operation": NaN,
        "Total Expenses": NaN,
        "Total Operating Income As Reported": NaN,
        "Diluted Average Shares": 53958148.0,
        "Basic Average Shares": 53689275.0,
        "Diluted EPS": NaN,
        "Basic EPS": 0.84,
        "Diluted NI Availto Com Stockholders": NaN,
        "Net Income Common Stockholders": NaN,
        "Net Income": NaN,
        "Net Income Including Noncontrolling Interests": NaN,
        "Net Income Continuous Operations": NaN,
        "Tax Provision": NaN,
        "Pretax Income": NaN,
        "Other Income Expense": NaN,
        "Special Income Charges": NaN,
        "Other Special Charges": NaN,
        "Gain On Sale Of Security": NaN,
        "Net Non Operating Interest Income Expense": NaN,
        "Total Other Finance Cost": NaN,
        "Interest Expense Non Operating": NaN,
        "Interest Income Non Operating": NaN,
        "Operating Income": NaN,
        "Operating Expense": NaN,
        "Selling General And Administration": NaN,
        "General And Administrative Expense": NaN,
        "Other Gand A": NaN,
        "Gross Profit": NaN,
        "Cost Of Revenue": NaN,
        "Total Revenue": NaN,
        "Operating Revenue": NaN
    },
    "2023-12-31": {
        "Tax Effect Of Unusual Items": NaN,
        "Tax Rate For Calcs": NaN,
        "Normalized EBITDA": NaN,
        "Total Unusual Items": NaN,
        "Total Unusual Items Excluding Goodwill": NaN,
        "Net Income From Continuing Operation Net Minority Interest": NaN,
        "Reconciled Depreciation": NaN,
        "Reconciled Cost Of Revenue": NaN,
        "EBITDA": NaN,
        "EBIT": NaN,
        "Net Interest Income": NaN,
        "Interest Expense": NaN,
        "Interest Income": NaN,
        "Normalized Income": NaN,
        "Net Income From Continuing And Discontinued Operation": NaN,
        "Total Expenses": NaN,
        "Total Operating Income As Reported": NaN,
        "Diluted Average Shares": NaN,
        "Basic Average Shares": NaN,
        "Diluted EPS": NaN,
        "Basic EPS": NaN,
        "Diluted NI Availto Com Stockholders": NaN,
        "Net Income Common Stockholders": NaN,
        "Net Income": NaN,
        "Net Income Including Noncontrolling Interests": NaN,
        "Net Income Continuous Operations": NaN,
        "Tax Provision": NaN,
        "Pretax Income": NaN,
        "Other Income Expense": NaN,
        "Special Income Charges": NaN,
        "Other Special Charges": 0.0,
        "Gain On Sale Of Security": NaN,
        "Net Non Operating Interest Income Expense": NaN,
        "Total Other Finance Cost": NaN,
        "Interest Expense Non Operating": NaN,
        "Interest Income Non Operating": NaN,
        "Operating Income": NaN,
        "Operating Expense": NaN,
        "Selling General And Administration": NaN,
        "General And Administrative Expense": NaN,
        "Other Gand A": NaN,
        "Gross Profit": NaN,
        "Cost Of Revenue": NaN,
        "Total Revenue": NaN,
        "Operating Revenue": NaN
    },
    "2024-03-31": {
        "Tax Effect Of Unusual Items": NaN,
        "Tax Rate For Calcs": NaN,
        "Normalized EBITDA": NaN,
        "Total Unusual Items": NaN,
        "Total Unusual Items Excluding Goodwill": NaN,
        "Net Income From Continuing Operation Net Minority Interest": NaN,
        "Reconciled Depreciation": NaN,
        "Reconciled Cost Of Revenue": NaN,
        "EBITDA": NaN,
        "EBIT": NaN,
        "Net Interest Income": NaN,
        "Interest Expense": NaN,
        "Interest Income": NaN,
        "Normalized Income": NaN,
        "Net Income From Continuing And Discontinued Operation": NaN,
        "Total Expenses": NaN,
        "Total Operating Income As Reported": NaN,
        "Diluted Average Shares": NaN,
        "Basic Average Shares": NaN,
        "Diluted EPS": NaN,
        "Basic EPS": NaN,
        "Diluted NI Availto Com Stockholders": NaN,
        "Net Income Common Stockholders": NaN,
        "Net Income": NaN,
        "Net Income Including Noncontrolling Interests": NaN,
        "Net Income Continuous Operations": NaN,
        "Tax Provision": NaN,
        "Pretax Income": NaN,
        "Other Income Expense": NaN,
        "Special Income Charges": 0.0,
        "Other Special Charges": NaN,
        "Gain On Sale Of Security": NaN,
        "Net Non Operating Interest Income Expense": NaN,
        "Total Other Finance Cost": NaN,
        "Interest Expense Non Operating": NaN,
        "Interest Income Non Operating": NaN,
        "Operating Income": NaN,
        "Operating Expense": NaN,
        "Selling General And Administration": NaN,
        "General And Administrative Expense": NaN,
        "Other Gand A": NaN,
        "Gross Profit": NaN,
        "Cost Of Revenue": NaN,
        "Total Revenue": NaN,
        "Operating Revenue": NaN
    },
    "2024-06-30": {
        "Tax Effect Of Unusual Items": 11861.41416,
        "Tax Rate For Calcs": 0.003287,
        "Normalized EBITDA": 64331000.0,
        "Total Unusual Items": 3609000.0,
        "Total Unusual Items Excluding Goodwill": 3609000.0,
        "Net Income From Continuing Operation Net Minority Interest": 21835000.0,
        "Reconciled Depreciation": 18915000.0,
        "Reconciled Cost Of Revenue": 37467000.0,
        "EBITDA": 67940000.0,
        "EBIT": 49025000.0,
        "Net Interest Income": -26196000.0,
        "Interest Expense": 27118000.0,
        "Interest Income": 1122000.0,
        "Normalized Income": 18237861.41416,
        "Net Income From Continuing And Discontinued Operation": 21835000.0,
        "Total Expenses": 40203000.0,
        "Total Operating Income As Reported": 44494000.0,
        "Diluted Average Shares": 54031632.0,
        "Basic Average Shares": 53846340.0,
        "Diluted EPS": 0.4,
        "Basic EPS": 0.41,
        "Diluted NI Availto Com Stockholders": 21835000.0,
        "Net Income Common Stockholders": 21835000.0,
        "Net Income": 21835000.0,
        "Net Income Including Noncontrolling Interests": 21835000.0,
        "Net Income Continuous Operations": 21835000.0,
        "Tax Provision": 72000.0,
        "Pretax Income": 21907000.0,
        "Other Income Expense": 3609000.0,
        "Special Income Charges": 0.0,
        "Other Special Charges": NaN,
        "Gain On Sale Of Security": 3609000.0,
        "Net Non Operating Interest Income Expense": -26196000.0,
        "Total Other Finance Cost": 200000.0,
        "Interest Expense Non Operating": 27118000.0,
        "Interest Income Non Operating": 1122000.0,
        "Operating Income": 44494000.0,
        "Operating Expense": 2736000.0,
        "Selling General And Administration": 2736000.0,
        "General And Administrative Expense": 2736000.0,
        "Other Gand A": 2736000.0,
        "Gross Profit": 47230000.0,
        "Cost Of Revenue": 37467000.0,
        "Total Revenue": 84697000.0,
        "Operating Revenue": 84697000.0
    },
    "2024-09-30": {
        "Tax Effect Of Unusual Items": -8867.783771,
        "Tax Rate For Calcs": 0.001033,
        "Normalized EBITDA": 71339000.0,
        "Total Unusual Items": -8585000.0,
        "Total Unusual Items Excluding Goodwill": -8585000.0,
        "Net Income From Continuing Operation Net Minority Interest": 17408000.0,
        "Reconciled Depreciation": 19012000.0,
        "Reconciled Cost Of Revenue": 37121000.0,
        "EBITDA": 62754000.0,
        "EBIT": 43742000.0,
        "Net Interest Income": -25476000.0,
        "Interest Expense": 26316000.0,
        "Interest Income": 937000.0,
        "Normalized Income": 25984132.216229,
        "Net Income From Continuing And Discontinued Operation": 17408000.0,
        "Total Expenses": 38997000.0,
        "Total Operating Income As Reported": 51486000.0,
        "Diluted Average Shares": 54036136.0,
        "Basic Average Shares": 53881486.0,
        "Diluted EPS": 0.32,
        "Basic EPS": 0.32,
        "Diluted NI Availto Com Stockholders": 17408000.0,
        "Net Income Common Stockholders": 17408000.0,
        "Net Income": 17408000.0,
        "Net Income Including Noncontrolling Interests": 17408000.0,
        "Net Income Continuous Operations": 17408000.0,
        "Tax Provision": 18000.0,
        "Pretax Income": 17426000.0,
        "Other Income Expense": -8585000.0,
        "Special Income Charges": -637000.0,
        "Other Special Charges": 637000.0,
        "Gain On Sale Of Security": -7948000.0,
        "Net Non Operating Interest Income Expense": -25476000.0,
        "Total Other Finance Cost": 97000.0,
        "Interest Expense Non Operating": 26316000.0,
        "Interest Income Non Operating": 937000.0,
        "Operating Income": 51486000.0,
        "Operating Expense": 1876000.0,
        "Selling General And Administration": 1876000.0,
        "General And Administrative Expense": 1876000.0,
        "Other Gand A": 1876000.0,
        "Gross Profit": 53362000.0,
        "Cost Of Revenue": 37121000.0,
        "Total Revenue": 90483000.0,
        "Operating Revenue": 90483000.0
    },
    "2024-12-31": {
        "Tax Effect Of Unusual Items": 27752.733055,
        "Tax Rate For Calcs": 0.001369,
        "Normalized EBITDA": 69492000.0,
        "Total Unusual Items": 20268000.0,
        "Total Unusual Items Excluding Goodwill": 20268000.0,
        "Net Income From Continuing Operation Net Minority Interest": 45217000.0,
        "Reconciled Depreciation": 19015000.0,
        "Reconciled Cost Of Revenue": 38405000.0,
        "EBITDA": 89760000.0,
        "EBIT": 70745000.0,
        "Net Interest Income": -24866000.0,
        "Interest Expense": 25466000.0,
        "Interest Income": 1471000.0,
        "Normalized Income": 24976752.733055,
        "Net Income From Continuing And Discontinued Operation": 45217000.0,
        "Total Expenses": 41056000.0,
        "Total Operating Income As Reported": 49878000.0,
        "Diluted Average Shares": 53956023.0,
        "Basic Average Shares": 53939768.0,
        "Diluted EPS": 0.84,
        "Basic EPS": 0.84,
        "Diluted NI Availto Com Stockholders": 45217000.0,
        "Net Income Common Stockholders": 45217000.0,
        "Net Income": 45217000.0,
        "Net Income Including Noncontrolling Interests": 45217000.0,
        "Net Income Continuous Operations": 45217000.0,
        "Tax Provision": 62000.0,
        "Pretax Income": 45279000.0,
        "Other Income Expense": 20268000.0,
        "Special Income Charges": 0.0,
        "Other Special Charges": 0.0,
        "Gain On Sale Of Security": 20268000.0,
        "Net Non Operating Interest Income Expense": -24866000.0,
        "Total Other Finance Cost": 871000.0,
        "Interest Expense Non Operating": 25466000.0,
        "Interest Income Non Operating": 1471000.0,
        "Operating Income": 49878000.0,
        "Operating Expense": 2651000.0,
        "Selling General And Administration": 2651000.0,
        "General And Administrative Expense": 2651000.0,
        "Other Gand A": 2651000.0,
        "Gross Profit": 52529000.0,
        "Cost Of Revenue": 38405000.0,
        "Total Revenue": 90934000.0,
        "Operating Revenue": 90934000.0
    },
    "2025-03-31": {
        "Tax Effect Of Unusual Items": -12270.561271,
        "Tax Rate For Calcs": 0.001759,
        "Normalized EBITDA": 66421000.0,
        "Total Unusual Items": -6976000.0,
        "Total Unusual Items Excluding Goodwill": -6976000.0,
        "Net Income From Continuing Operation Net Minority Interest": 18728000.0,
        "Reconciled Depreciation": 18557000.0,
        "Reconciled Cost Of Revenue": 38655000.0,
        "EBITDA": 59445000.0,
        "EBIT": 40888000.0,
        "Net Interest Income": -21515000.0,
        "Interest Expense": 22127000.0,
        "Interest Income": 869000.0,
        "Normalized Income": 25691729.438729,
        "Net Income From Continuing And Discontinued Operation": 18728000.0,
        "Total Expenses": 41185000.0,
        "Total Operating Income As Reported": 47252000.0,
        "Diluted Average Shares": 54094146.0,
        "Basic Average Shares": 54087768.0,
        "Diluted EPS": 0.35,
        "Basic EPS": 0.35,
        "Diluted NI Availto Com Stockholders": 18728000.0,
        "Net Income Common Stockholders": 18728000.0,
        "Net Income": 18728000.0,
        "Net Income Including Noncontrolling Interests": 18728000.0,
        "Net Income Continuous Operations": 18728000.0,
        "Tax Provision": 33000.0,
        "Pretax Income": 18761000.0,
        "Other Income Expense": -6976000.0,
        "Special Income Charges": NaN,
        "Other Special Charges": NaN,
        "Gain On Sale Of Security": -6976000.0,
        "Net Non Operating Interest Income Expense": -21515000.0,
        "Total Other Finance Cost": 257000.0,
        "Interest Expense Non Operating": 22127000.0,
        "Interest Income Non Operating": 869000.0,
        "Operating Income": 47252000.0,
        "Operating Expense": 2530000.0,
        "Selling General And Administration": 2530000.0,
        "General And Administrative Expense": 2530000.0,
        "Other Gand A": 2530000.0,
        "Gross Profit": 49782000.0,
        "Cost Of Revenue": 38655000.0,
        "Total Revenue": 88437000.0,
        "Operating Revenue": 88437000.0
    },
    "2025-06-30": {
        "Tax Effect Of Unusual Items": -2517.958838,
        "Tax Rate For Calcs": 0.000902,
        "Normalized EBITDA": 63816000.0,
        "Total Unusual Items": -2791000.0,
        "Total Unusual Items Excluding Goodwill": -2791000.0,
        "Net Income From Continuing Operation Net Minority Interest": 17719000.0,
        "Reconciled Depreciation": 18984000.0,
        "Reconciled Cost Of Revenue": 40130000.0,
        "EBITDA": 61025000.0,
        "EBIT": 42041000.0,
        "Net Interest Income": -23403000.0,
        "Interest Expense": 24306000.0,
        "Interest Income": 1263000.0,
        "Normalized Income": 20507482.041162,
        "Net Income From Continuing And Discontinued Operation": 17719000.0,
        "Total Expenses": 42054000.0,
        "Total Operating Income As Reported": 43929000.0,
        "Diluted Average Shares": 54095508.0,
        "Basic Average Shares": 54087768.0,
        "Diluted EPS": 0.33,
        "Basic EPS": 0.33,
        "Diluted NI Availto Com Stockholders": 17719000.0,
        "Net Income Common Stockholders": 17719000.0,
        "Net Income": 17719000.0,
        "Net Income Including Noncontrolling Interests": 17719000.0,
        "Net Income Continuous Operations": 17719000.0,
        "Tax Provision": 16000.0,
        "Pretax Income": 17735000.0,
        "Other Income Expense": -2791000.0,
        "Special Income Charges": -1630000.0,
        "Other Special Charges": 1630000.0,
        "Gain On Sale Of Security": -1161000.0,
        "Net Non Operating Interest Income Expense": -23403000.0,
        "Total Other Finance Cost": 360000.0,
        "Interest Expense Non Operating": 24306000.0,
        "Interest Income Non Operating": 1263000.0,
        "Operating Income": 43929000.0,
        "Operating Expense": 1924000.0,
        "Selling General And Administration": 1924000.0,
        "General And Administrative Expense": 1924000.0,
        "Other Gand A": 1924000.0,
        "Gross Profit": 45853000.0,
        "Cost Of Revenue": 40130000.0,
        "Total Revenue": 85983000.0,
        "Operating Revenue": 85983000.0
    }
}