{
    "2023-03-31": {
        "Tax Effect Of Unusual Items": NaN,
        "Tax Rate For Calcs": NaN,
        "Normalized EBITDA": NaN,
        "Total Unusual Items": NaN,
        "Total Unusual Items Excluding Goodwill": NaN,
        "Net Income From Continuing Operation Net Minority Interest": NaN,
        "Reconciled Depreciation": NaN,
        "Reconciled Cost Of Revenue": NaN,
        "EBITDA": NaN,
        "EBIT": NaN,
        "Net Interest Income": NaN,
        "Interest Expense": NaN,
        "Normalized Income": NaN,
        "Net Income From Continuing And Discontinued Operation": NaN,
        "Total Expenses": NaN,
        "Total Operating Income As Reported": NaN,
        "Diluted Average Shares": NaN,
        "Basic Average Shares": NaN,
        "Diluted EPS": NaN,
        "Basic EPS": NaN,
        "Diluted NI Availto Com Stockholders": NaN,
        "Net Income Common Stockholders": NaN,
        "Net Income": NaN,
        "Net Income Including Noncontrolling Interests": NaN,
        "Net Income Continuous Operations": NaN,
        "Tax Provision": NaN,
        "Pretax Income": NaN,
        "Other Income Expense": -25700000.0,
        "Special Income Charges": NaN,
        "Gain On Sale Of Ppe": NaN,
        "Other Special Charges": NaN,
        "Impairment Of Capital Assets": NaN,
        "Gain On Sale Of Security": NaN,
        "Net Non Operating Interest Income Expense": NaN,
        "Interest Expense Non Operating": NaN,
        "Operating Income": NaN,
        "Operating Expense": NaN,
        "Depreciation Amortization Depletion Income Statement": NaN,
        "Depreciation And Amortization In Income Statement": NaN,
        "Research And Development": NaN,
        "Selling General And Administration": NaN,
        "Selling And Marketing Expense": NaN,
        "General And Administrative Expense": NaN,
        "Other Gand A": NaN,
        "Salaries And Wages": NaN,
        "Gross Profit": NaN,
        "Cost Of Revenue": NaN,
        "Total Revenue": NaN,
        "Operating Revenue": NaN
    },
    "2022-12-31": {
        "Tax Effect Of Unusual Items": NaN,
        "Tax Rate For Calcs": NaN,
        "Normalized EBITDA": NaN,
        "Total Unusual Items": NaN,
        "Total Unusual Items Excluding Goodwill": NaN,
        "Net Income From Continuing Operation Net Minority Interest": NaN,
        "Reconciled Depreciation": NaN,
        "Reconciled Cost Of Revenue": NaN,
        "EBITDA": NaN,
        "EBIT": NaN,
        "Net Interest Income": NaN,
        "Interest Expense": NaN,
        "Normalized Income": NaN,
        "Net Income From Continuing And Discontinued Operation": NaN,
        "Total Expenses": NaN,
        "Total Operating Income As Reported": NaN,
        "Diluted Average Shares": NaN,
        "Basic Average Shares": NaN,
        "Diluted EPS": NaN,
        "Basic EPS": NaN,
        "Diluted NI Availto Com Stockholders": NaN,
        "Net Income Common Stockholders": NaN,
        "Net Income": NaN,
        "Net Income Including Noncontrolling Interests": NaN,
        "Net Income Continuous Operations": NaN,
        "Tax Provision": NaN,
        "Pretax Income": NaN,
        "Other Income Expense": -55727000.0,
        "Special Income Charges": NaN,
        "Gain On Sale Of Ppe": 0.0,
        "Other Special Charges": NaN,
        "Impairment Of Capital Assets": NaN,
        "Net Non Operating Interest Income Expense": NaN,
        "Interest Expense Non Operating": NaN,
        "Operating Income": NaN,
        "Operating Expense": NaN,
        "Depreciation Amortization Depletion Income Statement": NaN,
        "Depreciation And Amortization In Income Statement": NaN,
        "Research And Development": NaN,
        "Selling General And Administration": NaN,
        "Selling And Marketing Expense": NaN,
        "General And Administrative Expense": NaN,
        "Other Gand A": NaN,
        "Salaries And Wages": NaN,
        "Gross Profit": NaN,
        "Cost Of Revenue": NaN,
        "Total Revenue": NaN,
        "Operating Revenue": NaN
    },
    "2022-09-30": {
        "Tax Effect Of Unusual Items": NaN,
        "Tax Rate For Calcs": NaN,
        "Normalized EBITDA": NaN,
        "Total Unusual Items": NaN,
        "Total Unusual Items Excluding Goodwill": NaN,
        "Net Income From Continuing Operation Net Minority Interest": NaN,
        "Reconciled Depreciation": NaN,
        "Reconciled Cost Of Revenue": NaN,
        "EBITDA": NaN,
        "EBIT": NaN,
        "Net Interest Income": NaN,
        "Interest Expense": NaN,
        "Normalized Income": NaN,
        "Net Income From Continuing And Discontinued Operation": NaN,
        "Total Expenses": NaN,
        "Total Operating Income As Reported": NaN,
        "Diluted Average Shares": NaN,
        "Basic Average Shares": NaN,
        "Diluted EPS": NaN,
        "Basic EPS": NaN,
        "Diluted NI Availto Com Stockholders": NaN,
        "Net Income Common Stockholders": NaN,
        "Net Income": NaN,
        "Net Income Including Noncontrolling Interests": NaN,
        "Net Income Continuous Operations": NaN,
        "Tax Provision": NaN,
        "Pretax Income": NaN,
        "Other Income Expense": 2000.0,
        "Special Income Charges": NaN,
        "Gain On Sale Of Ppe": 2000.0,
        "Impairment Of Capital Assets": NaN,
        "Net Non Operating Interest Income Expense": NaN,
        "Interest Expense Non Operating": NaN,
        "Operating Income": NaN,
        "Operating Expense": NaN,
        "Depreciation Amortization Depletion Income Statement": NaN,
        "Depreciation And Amortization In Income Statement": NaN,
        "Research And Development": NaN,
        "Selling General And Administration": NaN,
        "Selling And Marketing Expense": NaN,
        "General And Administrative Expense": NaN,
        "Other Gand A": NaN,
        "Salaries And Wages": NaN,
        "Gross Profit": NaN,
        "Cost Of Revenue": NaN,
        "Total Revenue": NaN,
        "Operating Revenue": NaN
    },
    "2022-06-30": {
        "Tax Effect Of Unusual Items": -22168400.0,
        "Tax Rate For Calcs": 0.4,
        "Normalized EBITDA": 7361000.0,
        "Total Unusual Items": -55421000.0,
        "Total Unusual Items Excluding Goodwill": -55421000.0,
        "Net Income From Continuing Operation Net Minority Interest": -56944000.0,
        "Reconciled Depreciation": 3332000.0,
        "Reconciled Cost Of Revenue": 70026000.0,
        "EBITDA": -48060000.0,
        "EBIT": -51392000.0,
        "Net Interest Income": -430000.0,
        "Interest Expense": 430000.0,
        "Normalized Income": -23691400.0,
        "Net Income From Continuing And Discontinued Operation": -56944000.0,
        "Total Expenses": 94332000.0,
        "Total Operating Income As Reported": -51392000.0,
        "Diluted Average Shares": 81493821.0,
        "Basic Average Shares": 81493821.0,
        "Diluted EPS": -0.7,
        "Basic EPS": -0.7,
        "Diluted NI Availto Com Stockholders": -56944000.0,
        "Net Income Common Stockholders": -56944000.0,
        "Net Income": -56944000.0,
        "Net Income Including Noncontrolling Interests": -56944000.0,
        "Net Income Continuous Operations": -56944000.0,
        "Tax Provision": 5122000.0,
        "Pretax Income": -51822000.0,
        "Other Income Expense": -55421000.0,
        "Special Income Charges": -55421000.0,
        "Gain On Sale Of Ppe": -21000.0,
        "Impairment Of Capital Assets": 55400000.0,
        "Net Non Operating Interest Income Expense": -430000.0,
        "Interest Expense Non Operating": 430000.0,
        "Operating Income": 4029000.0,
        "Operating Expense": 24306000.0,
        "Depreciation Amortization Depletion Income Statement": 3332000.0,
        "Depreciation And Amortization In Income Statement": 3332000.0,
        "Research And Development": 4802000.0,
        "Selling General And Administration": 16172000.0,
        "Selling And Marketing Expense": 4484000.0,
        "General And Administrative Expense": 11688000.0,
        "Other Gand A": 11688000.0,
        "Salaries And Wages": NaN,
        "Gross Profit": 28335000.0,
        "Cost Of Revenue": 70026000.0,
        "Total Revenue": 98361000.0,
        "Operating Revenue": 98361000.0
    },
    "2022-03-31": {
        "Diluted EPS": -0.02,
        "Total Revenue": 89,
        "Gross Profit": 22,
        "Operating Income": -2,
        "EBIT": 2,
        "Net Income": -2
    },
    "2021-12-31": {
        "Diluted EPS": 0.04,
        "Total Revenue": 100,
        "Gross Profit": 28,
        "Operating Income": 4,
        "EBIT": 8,
        "Net Income": 4
    },
    "2021-09-30": {
        "Diluted EPS": -0.03,
        "Total Revenue": 86,
        "Gross Profit": 22,
        "Operating Income": -2,
        "EBIT": 2,
        "Net Income": -2
    },
    "2021-06-30": {
        "Diluted EPS": -0.06,
        "Total Revenue": 73,
        "Gross Profit": 17,
        "Operating Income": -5,
        "EBIT": -1,
        "Net Income": -5
    },
    "2021-03-31": {
        "Diluted EPS": -0.08,
        "Total Revenue": 70,
        "Gross Profit": 19,
        "Operating Income": -2,
        "EBIT": 1,
        "Net Income": -6
    },
    "2020-12-31": {
        "Diluted EPS": 0.0,
        "Total Revenue": 82,
        "Gross Profit": 25,
        "Operating Income": 2,
        "EBIT": 6,
        "Net Income": 0
    },
    "2020-09-30": {
        "Diluted EPS": 0.01,
        "Total Revenue": 78,
        "Gross Profit": 26,
        "Operating Income": 3,
        "EBIT": 6,
        "Net Income": 1
    },
    "2020-06-30": {
        "Diluted EPS": 0.01,
        "Total Revenue": 72,
        "Gross Profit": 23,
        "Operating Income": 2,
        "EBIT": 6,
        "Net Income": 0
    },
    "2020-03-31": {
        "Diluted EPS": 0.01,
        "Total Revenue": 79,
        "Gross Profit": 22,
        "Operating Income": 2,
        "EBIT": 6,
        "Net Income": 0
    },
    "2019-12-31": {
        "Diluted EPS": 0.02,
        "Total Revenue": 80,
        "Gross Profit": 24,
        "Operating Income": 3,
        "EBIT": 6,
        "Net Income": 1
    },
    "2019-09-30": {
        "Diluted EPS": -0.06,
        "Total Revenue": 65,
        "Gross Profit": 20,
        "Operating Income": -3,
        "EBIT": 1,
        "Net Income": -4
    },
    "2019-06-30": {
        "Diluted EPS": 0.01,
        "Total Revenue": 71,
        "Gross Profit": 21,
        "Operating Income": 2,
        "EBIT": 6,
        "Net Income": 1
    },
    "2019-03-31": {
        "Diluted EPS": 0.01,
        "Total Revenue": 67,
        "Gross Profit": 22,
        "Operating Income": 3,
        "EBIT": 6,
        "Net Income": 1
    },
    "2018-12-31": {
        "Diluted EPS": 0.05,
        "Total Revenue": 71,
        "Gross Profit": 24,
        "Operating Income": 4,
        "EBIT": 7,
        "Net Income": 2
    },
    "2018-09-30": {
        "Diluted EPS": 0.06,
        "Total Revenue": 67,
        "Gross Profit": 25,
        "Operating Income": 6,
        "EBIT": 10,
        "Net Income": 4
    },
    "2018-06-30": {
        "Diluted EPS": 0.03,
        "Total Revenue": 57,
        "Gross Profit": 21,
        "Operating Income": 5,
        "EBIT": 8,
        "Net Income": 3
    },
    "2018-03-31": {
        "Diluted EPS": -0.37,
        "Total Revenue": 56,
        "Gross Profit": 18,
        "Operating Income": -3,
        "EBIT": 0,
        "Net Income": -27
    },
    "2017-12-31": {
        "Diluted EPS": -0.01,
        "Total Revenue": 57,
        "Gross Profit": 14,
        "Operating Income": 1,
        "EBIT": 4,
        "Net Income": -6
    },
    "2017-09-30": {
        "Diluted EPS": -0.25,
        "Total Revenue": 55,
        "Gross Profit": 19,
        "Operating Income": -8,
        "EBIT": -5,
        "Net Income": -14
    },
    "2017-06-30": {
        "Diluted EPS": -0.37,
        "Total Revenue": 51,
        "Gross Profit": 16,
        "Operating Income": -6,
        "EBIT": -3,
        "Net Income": -20
    },
    "2017-03-31": {
        "Diluted EPS": -0.24,
        "Total Revenue": 49,
        "Gross Profit": 15,
        "Operating Income": -8,
        "EBIT": -4,
        "Net Income": -13
    },
    "2016-12-31": {
        "Diluted EPS": -0.06,
        "Total Revenue": 54,
        "Gross Profit": 18,
        "Operating Income": -6,
        "EBIT": -2,
        "Net Income": -5
    },
    "2016-09-30": {
        "Diluted EPS": -0.19,
        "Total Revenue": 52,
        "Gross Profit": 13,
        "Operating Income": -12,
        "EBIT": -9,
        "Net Income": -10
    },
    "2016-06-30": {
        "Diluted EPS": -0.15,
        "Total Revenue": 41,
        "Gross Profit": 11,
        "Operating Income": -8,
        "EBIT": -5,
        "Net Income": -7
    },
    "2016-03-31": {
        "Diluted EPS": -0.25,
        "Total Revenue": 39,
        "Gross Profit": 11,
        "Operating Income": -8,
        "EBIT": -6,
        "Net Income": -7
    },
    "2015-12-31": {
        "Diluted EPS": -2.67,
        "Total Revenue": 11,
        "Gross Profit": 2,
        "Operating Income": -35,
        "EBIT": -34,
        "Net Income": -33
    },
    "2015-09-30": {
        "Diluted EPS": -0.32,
        "Total Revenue": 1,
        "Gross Profit": 0,
        "Operating Income": -5,
        "EBIT": -4,
        "Net Income": -5
    },
    "2015-06-30": {
        "Diluted EPS": -3.27,
        "Total Revenue": 1,
        "Gross Profit": 1,
        "Operating Income": -4,
        "EBIT": -4,
        "Net Income": -45
    },
    "2015-03-31": {
        "Diluted EPS": -0.22,
        "Total Revenue": 1,
        "Gross Profit": 1,
        "Operating Income": -2,
        "EBIT": -2,
        "Net Income": -2
    },
    "2014-12-31": {
        "Diluted EPS": 0.12,
        "Total Revenue": 0,
        "Gross Profit": 1,
        "Operating Income": 1,
        "EBIT": 1,
        "Net Income": 1
    },
    "2014-09-30": {
        "Diluted EPS": -0.01,
        "Total Revenue": NaN,
        "Gross Profit": NaN,
        "Operating Income": 0,
        "EBIT": 0,
        "Net Income": 0
    },
    "2014-06-30": {
        "Diluted EPS": -0.1,
        "Total Revenue": 1,
        "Gross Profit": 0,
        "Operating Income": -1,
        "EBIT": -1,
        "Net Income": -1
    },
    "2014-03-31": {
        "Diluted EPS": -0.15,
        "Total Revenue": 1,
        "Gross Profit": 0,
        "Operating Income": -1,
        "EBIT": -1,
        "Net Income": -1
    },
    "2013-12-31": {
        "Diluted EPS": 0.0,
        "Total Revenue": NaN,
        "Gross Profit": NaN,
        "Operating Income": NaN,
        "EBIT": NaN,
        "Net Income": NaN
    },
    "2013-09-30": {
        "Diluted EPS": 0.0,
        "Total Revenue": 1,
        "Gross Profit": 0,
        "Operating Income": -1,
        "EBIT": -1,
        "Net Income": -1
    },
    "2013-06-30": {
        "Diluted EPS": 0.0,
        "Total Revenue": NaN,
        "Gross Profit": NaN,
        "Operating Income": NaN,
        "EBIT": NaN,
        "Net Income": NaN
    },
    "2012-12-31": {
        "Diluted EPS": 0.0,
        "Total Revenue": NaN,
        "Gross Profit": NaN,
        "Operating Income": NaN,
        "EBIT": NaN,
        "Net Income": NaN
    },
    "2012-06-30": {
        "Diluted EPS": 0.0,
        "Total Revenue": NaN,
        "Gross Profit": NaN,
        "Operating Income": NaN,
        "EBIT": NaN,
        "Net Income": NaN
    },
    "2011-12-31": {
        "Diluted EPS": 0.0,
        "Total Revenue": NaN,
        "Gross Profit": NaN,
        "Operating Income": NaN,
        "EBIT": NaN,
        "Net Income": NaN
    },
    "2011-06-30": {
        "Diluted EPS": 0.0,
        "Total Revenue": NaN,
        "Gross Profit": NaN,
        "Operating Income": NaN,
        "EBIT": NaN,
        "Net Income": NaN
    },
    "2010-12-31": {
        "Diluted EPS": 0.0,
        "Total Revenue": NaN,
        "Gross Profit": NaN,
        "Operating Income": NaN,
        "EBIT": NaN,
        "Net Income": NaN
    },
    "2009-12-31": {
        "Diluted EPS": -23.2,
        "Total Revenue": 38,
        "Gross Profit": 10,
        "Operating Income": -24,
        "EBIT": -6,
        "Net Income": -21
    },
    "2009-09-30": {
        "Diluted EPS": 1.7,
        "Total Revenue": 23,
        "Gross Profit": 23,
        "Operating Income": 23,
        "EBIT": 23,
        "Net Income": 3
    },
    "2009-06-30": {
        "Diluted EPS": -0.2,
        "Total Revenue": NaN,
        "Gross Profit": NaN,
        "Operating Income": NaN,
        "EBIT": NaN,
        "Net Income": 0
    },
    "2009-03-31": {
        "Diluted EPS": -0.5,
        "Total Revenue": NaN,
        "Gross Profit": NaN,
        "Operating Income": NaN,
        "EBIT": NaN,
        "Net Income": -1
    },
    "2023-06-30": {
        "Tax Effect Of Unusual Items": NaN,
        "Tax Rate For Calcs": NaN,
        "Normalized EBITDA": NaN,
        "Total Unusual Items": NaN,
        "Total Unusual Items Excluding Goodwill": NaN,
        "Net Income From Continuing Operation Net Minority Interest": NaN,
        "Reconciled Depreciation": NaN,
        "Reconciled Cost Of Revenue": NaN,
        "EBITDA": NaN,
        "EBIT": NaN,
        "Net Interest Income": NaN,
        "Interest Expense": NaN,
        "Normalized Income": NaN,
        "Net Income From Continuing And Discontinued Operation": NaN,
        "Total Expenses": NaN,
        "Total Operating Income As Reported": NaN,
        "Diluted Average Shares": NaN,
        "Basic Average Shares": NaN,
        "Diluted EPS": NaN,
        "Basic EPS": NaN,
        "Diluted NI Availto Com Stockholders": NaN,
        "Net Income Common Stockholders": NaN,
        "Net Income": NaN,
        "Net Income Including Noncontrolling Interests": NaN,
        "Net Income Continuous Operations": NaN,
        "Tax Provision": NaN,
        "Pretax Income": NaN,
        "Other Income Expense": NaN,
        "Special Income Charges": NaN,
        "Gain On Sale Of Ppe": 0.0,
        "Other Special Charges": NaN,
        "Impairment Of Capital Assets": NaN,
        "Gain On Sale Of Security": NaN,
        "Net Non Operating Interest Income Expense": NaN,
        "Interest Expense Non Operating": NaN,
        "Operating Income": NaN,
        "Operating Expense": NaN,
        "Depreciation Amortization Depletion Income Statement": NaN,
        "Depreciation And Amortization In Income Statement": NaN,
        "Research And Development": NaN,
        "Selling General And Administration": NaN,
        "Selling And Marketing Expense": NaN,
        "General And Administrative Expense": NaN,
        "Other Gand A": NaN,
        "Salaries And Wages": 800000.0,
        "Gross Profit": NaN,
        "Cost Of Revenue": NaN,
        "Total Revenue": NaN,
        "Operating Revenue": NaN
    },
    "2023-09-30": {
        "Tax Effect Of Unusual Items": NaN,
        "Tax Rate For Calcs": NaN,
        "Normalized EBITDA": NaN,
        "Total Unusual Items": NaN,
        "Total Unusual Items Excluding Goodwill": NaN,
        "Net Income From Continuing Operation Net Minority Interest": NaN,
        "Reconciled Depreciation": NaN,
        "Reconciled Cost Of Revenue": NaN,
        "EBITDA": NaN,
        "EBIT": NaN,
        "Net Interest Income": NaN,
        "Interest Expense": NaN,
        "Normalized Income": NaN,
        "Net Income From Continuing And Discontinued Operation": NaN,
        "Total Expenses": NaN,
        "Total Operating Income As Reported": NaN,
        "Diluted Average Shares": NaN,
        "Basic Average Shares": NaN,
        "Diluted EPS": NaN,
        "Basic EPS": NaN,
        "Diluted NI Availto Com Stockholders": NaN,
        "Net Income Common Stockholders": NaN,
        "Net Income": NaN,
        "Net Income Including Noncontrolling Interests": NaN,
        "Net Income Continuous Operations": NaN,
        "Tax Provision": NaN,
        "Pretax Income": NaN,
        "Other Income Expense": NaN,
        "Special Income Charges": NaN,
        "Gain On Sale Of Ppe": 0.0,
        "Other Special Charges": NaN,
        "Impairment Of Capital Assets": NaN,
        "Gain On Sale Of Security": NaN,
        "Net Non Operating Interest Income Expense": NaN,
        "Interest Expense Non Operating": NaN,
        "Operating Income": NaN,
        "Operating Expense": NaN,
        "Depreciation Amortization Depletion Income Statement": NaN,
        "Depreciation And Amortization In Income Statement": NaN,
        "Research And Development": NaN,
        "Selling General And Administration": NaN,
        "Selling And Marketing Expense": NaN,
        "General And Administrative Expense": NaN,
        "Other Gand A": NaN,
        "Gross Profit": NaN,
        "Cost Of Revenue": NaN,
        "Total Revenue": NaN,
        "Operating Revenue": NaN
    },
    "2023-12-31": {
        "Tax Effect Of Unusual Items": NaN,
        "Tax Rate For Calcs": NaN,
        "Normalized EBITDA": NaN,
        "Total Unusual Items": NaN,
        "Total Unusual Items Excluding Goodwill": NaN,
        "Net Income From Continuing Operation Net Minority Interest": NaN,
        "Reconciled Depreciation": NaN,
        "Reconciled Cost Of Revenue": NaN,
        "EBITDA": NaN,
        "EBIT": NaN,
        "Net Interest Income": NaN,
        "Interest Expense": NaN,
        "Normalized Income": NaN,
        "Net Income From Continuing And Discontinued Operation": NaN,
        "Total Expenses": NaN,
        "Total Operating Income As Reported": NaN,
        "Diluted Average Shares": NaN,
        "Basic Average Shares": NaN,
        "Diluted EPS": NaN,
        "Basic EPS": NaN,
        "Diluted NI Availto Com Stockholders": NaN,
        "Net Income Common Stockholders": NaN,
        "Net Income": NaN,
        "Net Income Including Noncontrolling Interests": NaN,
        "Net Income Continuous Operations": NaN,
        "Tax Provision": NaN,
        "Pretax Income": NaN,
        "Other Income Expense": NaN,
        "Special Income Charges": NaN,
        "Gain On Sale Of Ppe": 0.0,
        "Other Special Charges": NaN,
        "Impairment Of Capital Assets": NaN,
        "Gain On Sale Of Security": NaN,
        "Net Non Operating Interest Income Expense": NaN,
        "Interest Expense Non Operating": NaN,
        "Operating Income": NaN,
        "Operating Expense": NaN,
        "Depreciation Amortization Depletion Income Statement": NaN,
        "Depreciation And Amortization In Income Statement": NaN,
        "Research And Development": NaN,
        "Selling General And Administration": NaN,
        "Selling And Marketing Expense": NaN,
        "General And Administrative Expense": NaN,
        "Other Gand A": NaN,
        "Gross Profit": NaN,
        "Cost Of Revenue": NaN,
        "Total Revenue": NaN,
        "Operating Revenue": NaN
    },
    "2024-03-31": {
        "Tax Effect Of Unusual Items": NaN,
        "Tax Rate For Calcs": NaN,
        "Normalized EBITDA": NaN,
        "Total Unusual Items": NaN,
        "Total Unusual Items Excluding Goodwill": NaN,
        "Net Income From Continuing Operation Net Minority Interest": NaN,
        "Reconciled Depreciation": NaN,
        "Reconciled Cost Of Revenue": NaN,
        "EBITDA": NaN,
        "EBIT": NaN,
        "Net Interest Income": NaN,
        "Interest Expense": NaN,
        "Normalized Income": NaN,
        "Net Income From Continuing And Discontinued Operation": NaN,
        "Total Expenses": NaN,
        "Total Operating Income As Reported": NaN,
        "Diluted Average Shares": NaN,
        "Basic Average Shares": NaN,
        "Diluted EPS": NaN,
        "Basic EPS": NaN,
        "Diluted NI Availto Com Stockholders": NaN,
        "Net Income Common Stockholders": NaN,
        "Net Income": NaN,
        "Net Income Including Noncontrolling Interests": NaN,
        "Net Income Continuous Operations": NaN,
        "Tax Provision": NaN,
        "Pretax Income": NaN,
        "Other Income Expense": NaN,
        "Special Income Charges": 0.0,
        "Gain On Sale Of Ppe": NaN,
        "Other Special Charges": NaN,
        "Impairment Of Capital Assets": 0.0,
        "Gain On Sale Of Security": NaN,
        "Net Non Operating Interest Income Expense": NaN,
        "Interest Expense Non Operating": NaN,
        "Operating Income": NaN,
        "Operating Expense": NaN,
        "Depreciation Amortization Depletion Income Statement": NaN,
        "Depreciation And Amortization In Income Statement": NaN,
        "Research And Development": NaN,
        "Selling General And Administration": NaN,
        "Selling And Marketing Expense": NaN,
        "General And Administrative Expense": NaN,
        "Other Gand A": NaN,
        "Gross Profit": NaN,
        "Cost Of Revenue": NaN,
        "Total Revenue": NaN,
        "Operating Revenue": NaN
    },
    "2024-06-30": {
        "Tax Effect Of Unusual Items": -203092.243187,
        "Tax Rate For Calcs": 0.06249,
        "Normalized EBITDA": -5570000.0,
        "Total Unusual Items": -3250000.0,
        "Total Unusual Items Excluding Goodwill": -3250000.0,
        "Net Income From Continuing Operation Net Minority Interest": -11627000.0,
        "Reconciled Depreciation": 2567000.0,
        "Reconciled Cost Of Revenue": 46109000.0,
        "EBITDA": -8820000.0,
        "EBIT": -11387000.0,
        "Net Interest Income": -1015000.0,
        "Interest Expense": 1015000.0,
        "Normalized Income": -8580092.243187,
        "Net Income From Continuing And Discontinued Operation": -11627000.0,
        "Total Expenses": 66854000.0,
        "Total Operating Income As Reported": -10378000.0,
        "Diluted Average Shares": 15534989.0,
        "Basic Average Shares": 15534989.0,
        "Diluted EPS": -0.75,
        "Basic EPS": -0.75,
        "Diluted NI Availto Com Stockholders": -11627000.0,
        "Net Income Common Stockholders": -11627000.0,
        "Net Income": -11627000.0,
        "Net Income Including Noncontrolling Interests": -11627000.0,
        "Net Income Continuous Operations": -11627000.0,
        "Tax Provision": -775000.0,
        "Pretax Income": -12402000.0,
        "Other Income Expense": -3250000.0,
        "Special Income Charges": -3250000.0,
        "Gain On Sale Of Ppe": NaN,
        "Other Special Charges": 1009000.0,
        "Impairment Of Capital Assets": 2241000.0,
        "Gain On Sale Of Security": NaN,
        "Net Non Operating Interest Income Expense": -1015000.0,
        "Interest Expense Non Operating": 1015000.0,
        "Operating Income": -8137000.0,
        "Operating Expense": 20745000.0,
        "Depreciation Amortization Depletion Income Statement": 2567000.0,
        "Depreciation And Amortization In Income Statement": 2567000.0,
        "Research And Development": 4717000.0,
        "Selling General And Administration": 13461000.0,
        "Selling And Marketing Expense": 4605000.0,
        "General And Administrative Expense": 8856000.0,
        "Other Gand A": 8856000.0,
        "Gross Profit": 12608000.0,
        "Cost Of Revenue": 46109000.0,
        "Total Revenue": 58717000.0,
        "Operating Revenue": 58717000.0
    },
    "2024-09-30": {
        "Tax Effect Of Unusual Items": -11240.0,
        "Tax Rate For Calcs": 0.004,
        "Normalized EBITDA": -1519000.0,
        "Total Unusual Items": -2810000.0,
        "Total Unusual Items Excluding Goodwill": -2810000.0,
        "Net Income From Continuing Operation Net Minority Interest": -7944000.0,
        "Reconciled Depreciation": 2369000.0,
        "Reconciled Cost Of Revenue": 48861000.0,
        "EBITDA": -4329000.0,
        "EBIT": -6698000.0,
        "Net Interest Income": -1281000.0,
        "Interest Expense": 1281000.0,
        "Normalized Income": -5145240.0,
        "Net Income From Continuing And Discontinued Operation": -7944000.0,
        "Total Expenses": 68404000.0,
        "Total Operating Income As Reported": -3888000.0,
        "Diluted Average Shares": 16452273.0,
        "Basic Average Shares": 16452273.0,
        "Diluted EPS": -0.48,
        "Basic EPS": -0.48,
        "Diluted NI Availto Com Stockholders": -7944000.0,
        "Net Income Common Stockholders": -7944000.0,
        "Net Income": -7944000.0,
        "Net Income Including Noncontrolling Interests": -7944000.0,
        "Net Income Continuous Operations": -7944000.0,
        "Tax Provision": -35000.0,
        "Pretax Income": -7979000.0,
        "Other Income Expense": -2810000.0,
        "Special Income Charges": 0.0,
        "Gain On Sale Of Ppe": NaN,
        "Other Special Charges": NaN,
        "Impairment Of Capital Assets": 0.0,
        "Gain On Sale Of Security": -2810000.0,
        "Net Non Operating Interest Income Expense": -1281000.0,
        "Interest Expense Non Operating": 1281000.0,
        "Operating Income": -3888000.0,
        "Operating Expense": 19543000.0,
        "Depreciation Amortization Depletion Income Statement": 2369000.0,
        "Depreciation And Amortization In Income Statement": 2369000.0,
        "Research And Development": 4124000.0,
        "Selling General And Administration": 13050000.0,
        "Selling And Marketing Expense": 3983000.0,
        "General And Administrative Expense": 9067000.0,
        "Other Gand A": 9067000.0,
        "Gross Profit": 15655000.0,
        "Cost Of Revenue": 48861000.0,
        "Total Revenue": 64516000.0,
        "Operating Revenue": 64516000.0
    },
    "2024-12-31": {
        "Tax Effect Of Unusual Items": -772324.405319,
        "Tax Rate For Calcs": 0.357558,
        "Normalized EBITDA": 278000.0,
        "Total Unusual Items": -2160000.0,
        "Total Unusual Items Excluding Goodwill": -2160000.0,
        "Net Income From Continuing Operation Net Minority Interest": -3430000.0,
        "Reconciled Depreciation": 2419000.0,
        "Reconciled Cost Of Revenue": 51503000.0,
        "EBITDA": -1882000.0,
        "EBIT": -4301000.0,
        "Net Interest Income": -1038000.0,
        "Interest Expense": 1038000.0,
        "Normalized Income": -2042324.405319,
        "Net Income From Continuing And Discontinued Operation": -3430000.0,
        "Total Expenses": 67548000.0,
        "Total Operating Income As Reported": -5441000.0,
        "Diluted Average Shares": 18352940.0,
        "Basic Average Shares": 18352940.0,
        "Diluted EPS": -0.19,
        "Basic EPS": -0.19,
        "Diluted NI Availto Com Stockholders": -3430000.0,
        "Net Income Common Stockholders": -3430000.0,
        "Net Income": -3430000.0,
        "Net Income Including Noncontrolling Interests": -3430000.0,
        "Net Income Continuous Operations": -3430000.0,
        "Tax Provision": -1909000.0,
        "Pretax Income": -5339000.0,
        "Other Income Expense": -2160000.0,
        "Special Income Charges": -3300000.0,
        "Gain On Sale Of Ppe": NaN,
        "Other Special Charges": 0.0,
        "Impairment Of Capital Assets": 0.0,
        "Gain On Sale Of Security": 1140000.0,
        "Net Non Operating Interest Income Expense": -1038000.0,
        "Interest Expense Non Operating": 1038000.0,
        "Operating Income": -2141000.0,
        "Operating Expense": 16045000.0,
        "Depreciation Amortization Depletion Income Statement": 2419000.0,
        "Depreciation And Amortization In Income Statement": 2419000.0,
        "Research And Development": 3600000.0,
        "Selling General And Administration": 6926000.0,
        "Selling And Marketing Expense": -12183000.0,
        "General And Administrative Expense": 19109000.0,
        "Other Gand A": -14491000.0,
        "Gross Profit": 13904000.0,
        "Cost Of Revenue": 51503000.0,
        "Total Revenue": 65407000.0,
        "Operating Revenue": 65407000.0
    },
    "2025-03-31": {
        "Tax Effect Of Unusual Items": -16800.0,
        "Tax Rate For Calcs": 0.21,
        "Normalized EBITDA": -4615000.0,
        "Total Unusual Items": -80000.0,
        "Total Unusual Items Excluding Goodwill": -80000.0,
        "Net Income From Continuing Operation Net Minority Interest": -8269000.0,
        "Reconciled Depreciation": 2461000.0,
        "Reconciled Cost Of Revenue": 43775000.0,
        "EBITDA": -4695000.0,
        "EBIT": -7156000.0,
        "Net Interest Income": -880000.0,
        "Interest Expense": 880000.0,
        "Normalized Income": -8205800.0,
        "Net Income From Continuing And Discontinued Operation": -8269000.0,
        "Total Expenses": 62286000.0,
        "Total Operating Income As Reported": -7076000.0,
        "Diluted Average Shares": 21211439.0,
        "Basic Average Shares": 21211439.0,
        "Diluted EPS": -0.39,
        "Basic EPS": -0.39,
        "Diluted NI Availto Com Stockholders": -8269000.0,
        "Net Income Common Stockholders": -8269000.0,
        "Net Income": -8269000.0,
        "Net Income Including Noncontrolling Interests": -8269000.0,
        "Net Income Continuous Operations": -8269000.0,
        "Tax Provision": 233000.0,
        "Pretax Income": -8036000.0,
        "Other Income Expense": -80000.0,
        "Special Income Charges": NaN,
        "Gain On Sale Of Ppe": NaN,
        "Other Special Charges": NaN,
        "Impairment Of Capital Assets": NaN,
        "Gain On Sale Of Security": -80000.0,
        "Net Non Operating Interest Income Expense": -880000.0,
        "Interest Expense Non Operating": 880000.0,
        "Operating Income": -7076000.0,
        "Operating Expense": 18511000.0,
        "Depreciation Amortization Depletion Income Statement": 2461000.0,
        "Depreciation And Amortization In Income Statement": 2461000.0,
        "Research And Development": 3398000.0,
        "Selling General And Administration": 12652000.0,
        "Selling And Marketing Expense": 4070000.0,
        "General And Administrative Expense": 8582000.0,
        "Other Gand A": 8582000.0,
        "Gross Profit": 11435000.0,
        "Cost Of Revenue": 43775000.0,
        "Total Revenue": 55210000.0,
        "Operating Revenue": 55210000.0
    },
    "2025-06-30": {
        "Tax Effect Of Unusual Items": 6977.626194,
        "Tax Rate For Calcs": 0.014598,
        "Normalized EBITDA": -4627000.0,
        "Total Unusual Items": 478000.0,
        "Total Unusual Items Excluding Goodwill": 478000.0,
        "Net Income From Continuing Operation Net Minority Interest": -7223000.0,
        "Reconciled Depreciation": 2479000.0,
        "Reconciled Cost Of Revenue": 34426000.0,
        "EBITDA": -4149000.0,
        "EBIT": -6628000.0,
        "Net Interest Income": -702000.0,
        "Interest Expense": 702000.0,
        "Normalized Income": -7694022.373806,
        "Net Income From Continuing And Discontinued Operation": -7223000.0,
        "Total Expenses": 51812000.0,
        "Total Operating Income As Reported": -7106000.0,
        "Diluted Average Shares": 24061803.0,
        "Basic Average Shares": 24061803.0,
        "Diluted EPS": -0.3,
        "Basic EPS": -0.3,
        "Diluted NI Availto Com Stockholders": -7223000.0,
        "Net Income Common Stockholders": -7223000.0,
        "Net Income": -7223000.0,
        "Net Income Including Noncontrolling Interests": -7223000.0,
        "Net Income Continuous Operations": -7223000.0,
        "Tax Provision": -107000.0,
        "Pretax Income": -7330000.0,
        "Other Income Expense": 478000.0,
        "Special Income Charges": 0.0,
        "Gain On Sale Of Ppe": NaN,
        "Other Special Charges": NaN,
        "Impairment Of Capital Assets": 0.0,
        "Gain On Sale Of Security": 478000.0,
        "Net Non Operating Interest Income Expense": -702000.0,
        "Interest Expense Non Operating": 702000.0,
        "Operating Income": -7106000.0,
        "Operating Expense": 17386000.0,
        "Depreciation Amortization Depletion Income Statement": 2479000.0,
        "Depreciation And Amortization In Income Statement": 2479000.0,
        "Research And Development": 2941000.0,
        "Selling General And Administration": 11966000.0,
        "Selling And Marketing Expense": 3218000.0,
        "General And Administrative Expense": 8748000.0,
        "Other Gand A": 8748000.0,
        "Gross Profit": 10280000.0,
        "Cost Of Revenue": 34426000.0,
        "Total Revenue": 44706000.0,
        "Operating Revenue": 44706000.0
    }
}