{
    "2023-04-30": {
        "Tax Effect Of Unusual Items": NaN,
        "Tax Rate For Calcs": NaN,
        "Normalized EBITDA": NaN,
        "Total Unusual Items": NaN,
        "Total Unusual Items Excluding Goodwill": NaN,
        "Net Income From Continuing Operation Net Minority Interest": NaN,
        "Reconciled Depreciation": NaN,
        "Reconciled Cost Of Revenue": NaN,
        "EBITDA": NaN,
        "EBIT": NaN,
        "Net Interest Income": NaN,
        "Interest Expense": NaN,
        "Interest Income": NaN,
        "Normalized Income": NaN,
        "Net Income From Continuing And Discontinued Operation": NaN,
        "Total Expenses": NaN,
        "Total Operating Income As Reported": NaN,
        "Diluted Average Shares": NaN,
        "Basic Average Shares": NaN,
        "Diluted EPS": NaN,
        "Basic EPS": NaN,
        "Diluted NI Availto Com Stockholders": NaN,
        "Net Income Common Stockholders": NaN,
        "Net Income": NaN,
        "Net Income Including Noncontrolling Interests": NaN,
        "Net Income Continuous Operations": NaN,
        "Tax Provision": NaN,
        "Pretax Income": NaN,
        "Other Income Expense": NaN,
        "Other Non Operating Income Expenses": NaN,
        "Special Income Charges": NaN,
        "Gain On Sale Of Ppe": NaN,
        "Gain On Sale Of Business": NaN,
        "Other Special Charges": -83000.0,
        "Write Off": 0.0,
        "Restructuring And Mergern Acquisition": NaN,
        "Net Non Operating Interest Income Expense": NaN,
        "Interest Expense Non Operating": NaN,
        "Interest Income Non Operating": NaN,
        "Operating Income": NaN,
        "Operating Expense": NaN,
        "Depreciation Amortization Depletion Income Statement": NaN,
        "Depreciation And Amortization In Income Statement": NaN,
        "Selling General And Administration": NaN,
        "General And Administrative Expense": NaN,
        "Other Gand A": NaN,
        "Salaries And Wages": NaN,
        "Gross Profit": NaN,
        "Cost Of Revenue": NaN,
        "Total Revenue": NaN,
        "Operating Revenue": NaN
    },
    "2022-12-31": {
        "Tax Effect Of Unusual Items": NaN,
        "Tax Rate For Calcs": NaN,
        "Normalized EBITDA": NaN,
        "Total Unusual Items": NaN,
        "Total Unusual Items Excluding Goodwill": NaN,
        "Net Income From Continuing Operation Net Minority Interest": NaN,
        "Reconciled Depreciation": NaN,
        "Reconciled Cost Of Revenue": NaN,
        "EBITDA": NaN,
        "EBIT": NaN,
        "Net Interest Income": NaN,
        "Interest Expense": NaN,
        "Interest Income": NaN,
        "Normalized Income": NaN,
        "Net Income From Continuing And Discontinued Operation": NaN,
        "Total Expenses": NaN,
        "Total Operating Income As Reported": NaN,
        "Diluted Average Shares": NaN,
        "Basic Average Shares": NaN,
        "Diluted EPS": NaN,
        "Basic EPS": NaN,
        "Diluted NI Availto Com Stockholders": NaN,
        "Net Income Common Stockholders": NaN,
        "Net Income": NaN,
        "Net Income Including Noncontrolling Interests": NaN,
        "Net Income Continuous Operations": NaN,
        "Tax Provision": NaN,
        "Pretax Income": NaN,
        "Other Income Expense": NaN,
        "Special Income Charges": NaN,
        "Gain On Sale Of Ppe": 0.0,
        "Other Special Charges": -179000.0,
        "Write Off": NaN,
        "Restructuring And Mergern Acquisition": NaN,
        "Net Non Operating Interest Income Expense": NaN,
        "Interest Expense Non Operating": NaN,
        "Interest Income Non Operating": NaN,
        "Operating Income": NaN,
        "Operating Expense": NaN,
        "Depreciation Amortization Depletion Income Statement": NaN,
        "Depreciation And Amortization In Income Statement": NaN,
        "Selling General And Administration": NaN,
        "General And Administrative Expense": NaN,
        "Other Gand A": NaN,
        "Salaries And Wages": NaN,
        "Gross Profit": NaN,
        "Cost Of Revenue": NaN,
        "Total Revenue": NaN,
        "Operating Revenue": NaN
    },
    "2022-09-30": {
        "Tax Effect Of Unusual Items": NaN,
        "Tax Rate For Calcs": NaN,
        "Normalized EBITDA": NaN,
        "Total Unusual Items": NaN,
        "Total Unusual Items Excluding Goodwill": NaN,
        "Net Income From Continuing Operation Net Minority Interest": NaN,
        "Reconciled Depreciation": NaN,
        "Reconciled Cost Of Revenue": NaN,
        "EBITDA": NaN,
        "EBIT": NaN,
        "Net Interest Income": NaN,
        "Interest Expense": NaN,
        "Interest Income": NaN,
        "Normalized Income": NaN,
        "Net Income From Continuing And Discontinued Operation": NaN,
        "Total Expenses": NaN,
        "Total Operating Income As Reported": NaN,
        "Diluted Average Shares": NaN,
        "Basic Average Shares": NaN,
        "Diluted EPS": NaN,
        "Basic EPS": NaN,
        "Diluted NI Availto Com Stockholders": NaN,
        "Net Income Common Stockholders": NaN,
        "Net Income": NaN,
        "Net Income Including Noncontrolling Interests": NaN,
        "Net Income Continuous Operations": NaN,
        "Tax Provision": NaN,
        "Pretax Income": NaN,
        "Other Income Expense": NaN,
        "Special Income Charges": NaN,
        "Gain On Sale Of Ppe": NaN,
        "Other Special Charges": -178000.0,
        "Write Off": NaN,
        "Restructuring And Mergern Acquisition": NaN,
        "Net Non Operating Interest Income Expense": NaN,
        "Interest Expense Non Operating": NaN,
        "Interest Income Non Operating": NaN,
        "Operating Income": NaN,
        "Operating Expense": NaN,
        "Depreciation Amortization Depletion Income Statement": NaN,
        "Depreciation And Amortization In Income Statement": NaN,
        "Selling General And Administration": NaN,
        "General And Administrative Expense": NaN,
        "Other Gand A": NaN,
        "Salaries And Wages": NaN,
        "Gross Profit": NaN,
        "Cost Of Revenue": NaN,
        "Total Revenue": NaN,
        "Operating Revenue": NaN
    },
    "2022-06-30": {
        "Tax Effect Of Unusual Items": 42215.208401,
        "Tax Rate For Calcs": 0.237164,
        "Normalized EBITDA": 104617000.0,
        "Total Unusual Items": 178000.0,
        "Total Unusual Items Excluding Goodwill": 178000.0,
        "Net Income From Continuing Operation Net Minority Interest": 53680000.0,
        "Reconciled Depreciation": 32922000.0,
        "Reconciled Cost Of Revenue": 586084000.0,
        "EBITDA": 104795000.0,
        "EBIT": 71873000.0,
        "Net Interest Income": -1504000.0,
        "Interest Expense": 1504000.0,
        "Interest Income": 5075000.0,
        "Normalized Income": 53544215.208401,
        "Net Income From Continuing And Discontinued Operation": 53680000.0,
        "Total Expenses": 1057356000.0,
        "Total Operating Income As Reported": 71695000.0,
        "Diluted Average Shares": 213307000.0,
        "Basic Average Shares": 212186000.0,
        "Diluted EPS": 0.25,
        "Basic EPS": 0.25,
        "Diluted NI Availto Com Stockholders": 53680000.0,
        "Net Income Common Stockholders": 53680000.0,
        "Net Income": 53680000.0,
        "Net Income Including Noncontrolling Interests": 53680000.0,
        "Net Income Continuous Operations": 53680000.0,
        "Tax Provision": 16689000.0,
        "Pretax Income": 70369000.0,
        "Other Income Expense": 178000.0,
        "Other Non Operating Income Expenses": NaN,
        "Special Income Charges": 178000.0,
        "Other Special Charges": -178000.0,
        "Write Off": 0.0,
        "Restructuring And Mergern Acquisition": NaN,
        "Net Non Operating Interest Income Expense": -1504000.0,
        "Interest Expense Non Operating": 1504000.0,
        "Interest Income Non Operating": 5075000.0,
        "Operating Income": 71695000.0,
        "Operating Expense": 471272000.0,
        "Depreciation Amortization Depletion Income Statement": 32922000.0,
        "Depreciation And Amortization In Income Statement": 32922000.0,
        "Selling General And Administration": 438350000.0,
        "General And Administrative Expense": NaN,
        "Other Gand A": NaN,
        "Salaries And Wages": NaN,
        "Gross Profit": 542967000.0,
        "Cost Of Revenue": 586084000.0,
        "Total Revenue": 1129051000.0,
        "Operating Revenue": 1129051000.0
    },
    "2023-03-31": {
        "Tax Effect Of Unusual Items": NaN,
        "Tax Rate For Calcs": NaN,
        "Normalized EBITDA": NaN,
        "Total Unusual Items": NaN,
        "Total Unusual Items Excluding Goodwill": NaN,
        "Net Income From Continuing Operation Net Minority Interest": NaN,
        "Reconciled Depreciation": NaN,
        "Reconciled Cost Of Revenue": NaN,
        "EBITDA": NaN,
        "EBIT": NaN,
        "Net Interest Income": NaN,
        "Interest Expense": NaN,
        "Interest Income": NaN,
        "Normalized Income": NaN,
        "Net Income From Continuing And Discontinued Operation": NaN,
        "Total Expenses": NaN,
        "Total Operating Income As Reported": NaN,
        "Diluted Average Shares": NaN,
        "Basic Average Shares": NaN,
        "Diluted EPS": NaN,
        "Basic EPS": NaN,
        "Diluted NI Availto Com Stockholders": NaN,
        "Net Income Common Stockholders": NaN,
        "Net Income": NaN,
        "Net Income Including Noncontrolling Interests": NaN,
        "Net Income Continuous Operations": NaN,
        "Tax Provision": NaN,
        "Pretax Income": NaN,
        "Other Income Expense": NaN,
        "Other Non Operating Income Expenses": 83000.0,
        "Special Income Charges": NaN,
        "Gain On Sale Of Ppe": 0.0,
        "Gain On Sale Of Business": 0.0,
        "Other Special Charges": -83000.0,
        "Write Off": 0.0,
        "Restructuring And Mergern Acquisition": NaN,
        "Net Non Operating Interest Income Expense": NaN,
        "Interest Expense Non Operating": NaN,
        "Interest Income Non Operating": NaN,
        "Operating Income": NaN,
        "Operating Expense": NaN,
        "Depreciation Amortization Depletion Income Statement": NaN,
        "Depreciation And Amortization In Income Statement": NaN,
        "Selling General And Administration": NaN,
        "General And Administrative Expense": NaN,
        "Other Gand A": NaN,
        "Salaries And Wages": NaN,
        "Gross Profit": NaN,
        "Cost Of Revenue": NaN,
        "Total Revenue": NaN,
        "Operating Revenue": NaN
    },
    "2022-03-31": {
        "Diluted EPS": 0.4,
        "Total Revenue": NaN,
        "Gross Profit": 711,
        "Operating Income": 112,
        "EBIT": 156,
        "Net Income": 86
    },
    "2021-12-31": {
        "Diluted EPS": 0.18,
        "Total Revenue": 983,
        "Gross Profit": 471,
        "Operating Income": 54,
        "EBIT": 86,
        "Net Income": 39
    },
    "2021-09-30": {
        "Diluted EPS": 0.18,
        "Total Revenue": NaN,
        "Gross Profit": 513,
        "Operating Income": 52,
        "EBIT": 84,
        "Net Income": 39
    },
    "2021-06-30": {
        "Diluted EPS": 0.27,
        "Total Revenue": NaN,
        "Gross Profit": 513,
        "Operating Income": 74,
        "EBIT": 106,
        "Net Income": 56
    },
    "2021-03-31": {
        "Diluted EPS": 0.34,
        "Total Revenue": NaN,
        "Gross Profit": 659,
        "Operating Income": 115,
        "EBIT": 156,
        "Net Income": 72
    },
    "2020-12-31": {
        "Diluted EPS": 0.27,
        "Total Revenue": NaN,
        "Gross Profit": 501,
        "Operating Income": 77,
        "EBIT": 109,
        "Net Income": 56
    },
    "2020-09-30": {
        "Diluted EPS": 0.21,
        "Total Revenue": 990,
        "Gross Profit": 492,
        "Operating Income": 53,
        "EBIT": 85,
        "Net Income": 44
    },
    "2020-06-30": {
        "Diluted EPS": 0.27,
        "Total Revenue": NaN,
        "Gross Profit": 520,
        "Operating Income": 79,
        "EBIT": 112,
        "Net Income": 58
    },
    "2020-03-31": {
        "Diluted EPS": -0.03,
        "Total Revenue": NaN,
        "Gross Profit": 679,
        "Operating Income": 112,
        "EBIT": 157,
        "Net Income": -6
    },
    "2019-12-31": {
        "Diluted EPS": 0.02,
        "Total Revenue": 918,
        "Gross Profit": 432,
        "Operating Income": 4,
        "EBIT": 37,
        "Net Income": 2
    },
    "2019-09-30": {
        "Diluted EPS": 0.2,
        "Total Revenue": 967,
        "Gross Profit": 458,
        "Operating Income": 59,
        "EBIT": 92,
        "Net Income": 43
    },
    "2019-06-30": {
        "Diluted EPS": 0.25,
        "Total Revenue": 976,
        "Gross Profit": 467,
        "Operating Income": 72,
        "EBIT": 106,
        "Net Income": 53
    },
    "2019-03-31": {
        "Diluted EPS": 0.31,
        "Total Revenue": NaN,
        "Gross Profit": 612,
        "Operating Income": 91,
        "EBIT": 135,
        "Net Income": 66
    },
    "2018-12-31": {
        "Diluted EPS": 0.1,
        "Total Revenue": 881,
        "Gross Profit": 414,
        "Operating Income": 30,
        "EBIT": 62,
        "Net Income": 21
    },
    "2018-09-30": {
        "Diluted EPS": 0.19,
        "Total Revenue": 923,
        "Gross Profit": 438,
        "Operating Income": 53,
        "EBIT": 86,
        "Net Income": 40
    },
    "2018-06-30": {
        "Diluted EPS": 0.21,
        "Total Revenue": 941,
        "Gross Profit": 452,
        "Operating Income": 52,
        "EBIT": 87,
        "Net Income": 45
    },
    "2018-03-31": {
        "Diluted EPS": 0.24,
        "Total Revenue": NaN,
        "Gross Profit": 581,
        "Operating Income": 77,
        "EBIT": 121,
        "Net Income": 51
    },
    "2017-12-31": {
        "Diluted EPS": 0.37,
        "Total Revenue": 874,
        "Gross Profit": 417,
        "Operating Income": 46,
        "EBIT": 79,
        "Net Income": 79
    },
    "2017-09-30": {
        "Diluted EPS": -0.16,
        "Total Revenue": 933,
        "Gross Profit": 457,
        "Operating Income": -52,
        "EBIT": -19,
        "Net Income": -34
    },
    "2017-06-30": {
        "Diluted EPS": 0.21,
        "Total Revenue": 927,
        "Gross Profit": 458,
        "Operating Income": 69,
        "EBIT": 103,
        "Net Income": 45
    },
    "2017-03-31": {
        "Diluted EPS": 0.29,
        "Total Revenue": NaN,
        "Gross Profit": 580,
        "Operating Income": 98,
        "EBIT": 145,
        "Net Income": 60
    },
    "2016-12-31": {
        "Diluted EPS": 0.07,
        "Total Revenue": 869,
        "Gross Profit": 418,
        "Operating Income": 22,
        "EBIT": 54,
        "Net Income": 13
    },
    "2016-09-30": {
        "Diluted EPS": 0.19,
        "Total Revenue": 919,
        "Gross Profit": 442,
        "Operating Income": 66,
        "EBIT": 99,
        "Net Income": 40
    },
    "2016-06-30": {
        "Diluted EPS": 0.24,
        "Total Revenue": 935,
        "Gross Profit": 457,
        "Operating Income": 81,
        "EBIT": 114,
        "Net Income": 51
    },
    "2016-03-31": {
        "Diluted EPS": 0.28,
        "Total Revenue": NaN,
        "Gross Profit": 583,
        "Operating Income": 95,
        "EBIT": 139,
        "Net Income": 59
    },
    "2015-12-31": {
        "Diluted EPS": 0.15,
        "Total Revenue": 858,
        "Gross Profit": 402,
        "Operating Income": 52,
        "EBIT": 84,
        "Net Income": 32
    },
    "2015-09-30": {
        "Diluted EPS": 0.21,
        "Total Revenue": 885,
        "Gross Profit": 421,
        "Operating Income": 70,
        "EBIT": 99,
        "Net Income": 44
    },
    "2015-06-30": {
        "Diluted EPS": 0.24,
        "Total Revenue": 889,
        "Gross Profit": 432,
        "Operating Income": 80,
        "EBIT": 111,
        "Net Income": 52
    },
    "2015-03-31": {
        "Diluted EPS": 0.29,
        "Total Revenue": NaN,
        "Gross Profit": 560,
        "Operating Income": 97,
        "EBIT": 136,
        "Net Income": 61
    },
    "2014-12-31": {
        "Diluted EPS": 0.12,
        "Total Revenue": 877,
        "Gross Profit": 424,
        "Operating Income": 41,
        "EBIT": 72,
        "Net Income": 28
    },
    "2014-09-30": {
        "Diluted EPS": 0.21,
        "Total Revenue": 845,
        "Gross Profit": 402,
        "Operating Income": 70,
        "EBIT": 100,
        "Net Income": 45
    },
    "2014-06-30": {
        "Diluted EPS": 0.2,
        "Total Revenue": 873,
        "Gross Profit": 415,
        "Operating Income": 65,
        "EBIT": 95,
        "Net Income": 42
    },
    "2014-03-31": {
        "Diluted EPS": 0.29,
        "Total Revenue": NaN,
        "Gross Profit": 558,
        "Operating Income": 98,
        "EBIT": 137,
        "Net Income": 61
    },
    "2013-12-31": {
        "Diluted EPS": 0.18,
        "Total Revenue": 825,
        "Gross Profit": 378,
        "Operating Income": 57,
        "EBIT": 86,
        "Net Income": 39
    },
    "2013-09-30": {
        "Diluted EPS": 0.16,
        "Total Revenue": 878,
        "Gross Profit": 411,
        "Operating Income": 53,
        "EBIT": 83,
        "Net Income": 34
    },
    "2013-06-30": {
        "Diluted EPS": 0.22,
        "Total Revenue": 898,
        "Gross Profit": 427,
        "Operating Income": 75,
        "EBIT": 101,
        "Net Income": 46
    },
    "2013-03-31": {
        "Diluted EPS": 0.53,
        "Total Revenue": NaN,
        "Gross Profit": 546,
        "Operating Income": 150,
        "EBIT": 184,
        "Net Income": 112
    },
    "2012-12-31": {
        "Diluted EPS": 0.18,
        "Total Revenue": 734,
        "Gross Profit": 343,
        "Operating Income": 59,
        "EBIT": 85,
        "Net Income": 39
    },
    "2012-09-30": {
        "Diluted EPS": 0.15,
        "Total Revenue": 717,
        "Gross Profit": 335,
        "Operating Income": 53,
        "EBIT": 77,
        "Net Income": 31
    },
    "2012-06-30": {
        "Diluted EPS": 0.14,
        "Total Revenue": 682,
        "Gross Profit": 316,
        "Operating Income": 47,
        "EBIT": 70,
        "Net Income": 28
    },
    "2012-03-31": {
        "Diluted EPS": 0.19,
        "Total Revenue": 898,
        "Gross Profit": 419,
        "Operating Income": 59,
        "EBIT": 89,
        "Net Income": 38
    },
    "2011-12-31": {
        "Diluted EPS": 0.11,
        "Total Revenue": 654,
        "Gross Profit": 300,
        "Operating Income": 37,
        "EBIT": 60,
        "Net Income": 23
    },
    "2011-09-30": {
        "Diluted EPS": 0.15,
        "Total Revenue": 675,
        "Gross Profit": 310,
        "Operating Income": 48,
        "EBIT": 71,
        "Net Income": 31
    },
    "2011-06-30": {
        "Diluted EPS": 0.14,
        "Total Revenue": 643,
        "Gross Profit": 301,
        "Operating Income": 43,
        "EBIT": 64,
        "Net Income": 28
    },
    "2011-03-31": {
        "Diluted EPS": 0.2,
        "Total Revenue": 802,
        "Gross Profit": 390,
        "Operating Income": 62,
        "EBIT": 90,
        "Net Income": 41
    },
    "2010-12-31": {
        "Diluted EPS": 0.15,
        "Total Revenue": 573,
        "Gross Profit": 276,
        "Operating Income": 46,
        "EBIT": 66,
        "Net Income": 31
    },
    "2010-09-30": {
        "Diluted EPS": 0.15,
        "Total Revenue": 598,
        "Gross Profit": 282,
        "Operating Income": 47,
        "EBIT": 67,
        "Net Income": 31
    },
    "2010-06-30": {
        "Diluted EPS": 0.16,
        "Total Revenue": 608,
        "Gross Profit": 289,
        "Operating Income": 51,
        "EBIT": 71,
        "Net Income": 34
    },
    "2010-03-31": {
        "Diluted EPS": 0.2,
        "Total Revenue": 795,
        "Gross Profit": 380,
        "Operating Income": 62,
        "EBIT": 88,
        "Net Income": 41
    },
    "2009-12-31": {
        "Diluted EPS": 0.15,
        "Total Revenue": 577,
        "Gross Profit": 272,
        "Operating Income": 47,
        "EBIT": 66,
        "Net Income": 31
    },
    "2009-09-30": {
        "Diluted EPS": 0.15,
        "Total Revenue": 603,
        "Gross Profit": 280,
        "Operating Income": 51,
        "EBIT": 70,
        "Net Income": 32
    },
    "2009-06-30": {
        "Diluted EPS": 0.15,
        "Total Revenue": 614,
        "Gross Profit": 281,
        "Operating Income": 49,
        "EBIT": 68,
        "Net Income": 30
    },
    "2009-03-31": {
        "Diluted EPS": 0.18,
        "Total Revenue": 807,
        "Gross Profit": 378,
        "Operating Income": 59,
        "EBIT": 84,
        "Net Income": 37
    },
    "2023-06-30": {
        "Tax Effect Of Unusual Items": NaN,
        "Tax Rate For Calcs": NaN,
        "Normalized EBITDA": NaN,
        "Total Unusual Items": NaN,
        "Total Unusual Items Excluding Goodwill": NaN,
        "Net Income From Continuing Operation Net Minority Interest": NaN,
        "Reconciled Depreciation": NaN,
        "Reconciled Cost Of Revenue": NaN,
        "EBITDA": NaN,
        "EBIT": NaN,
        "Net Interest Income": NaN,
        "Interest Expense": NaN,
        "Interest Income": NaN,
        "Normalized Income": NaN,
        "Net Income From Continuing And Discontinued Operation": NaN,
        "Total Expenses": NaN,
        "Total Operating Income As Reported": NaN,
        "Diluted Average Shares": NaN,
        "Basic Average Shares": NaN,
        "Diluted EPS": NaN,
        "Basic EPS": NaN,
        "Diluted NI Availto Com Stockholders": NaN,
        "Net Income Common Stockholders": NaN,
        "Net Income": NaN,
        "Net Income Including Noncontrolling Interests": NaN,
        "Net Income Continuous Operations": NaN,
        "Tax Provision": NaN,
        "Pretax Income": NaN,
        "Other Income Expense": NaN,
        "Other Non Operating Income Expenses": 62000.0,
        "Special Income Charges": NaN,
        "Gain On Sale Of Ppe": 0.0,
        "Gain On Sale Of Business": 0.0,
        "Write Off": 0.0,
        "Restructuring And Mergern Acquisition": NaN,
        "Net Non Operating Interest Income Expense": NaN,
        "Interest Expense Non Operating": NaN,
        "Interest Income Non Operating": NaN,
        "Operating Income": NaN,
        "Operating Expense": NaN,
        "Depreciation Amortization Depletion Income Statement": NaN,
        "Depreciation And Amortization In Income Statement": NaN,
        "Selling General And Administration": NaN,
        "General And Administrative Expense": NaN,
        "Other Gand A": NaN,
        "Salaries And Wages": -62000.0,
        "Gross Profit": NaN,
        "Cost Of Revenue": NaN,
        "Total Revenue": NaN,
        "Operating Revenue": NaN
    },
    "2023-09-30": {
        "Tax Effect Of Unusual Items": NaN,
        "Tax Rate For Calcs": NaN,
        "Normalized EBITDA": NaN,
        "Total Unusual Items": NaN,
        "Total Unusual Items Excluding Goodwill": NaN,
        "Net Income From Continuing Operation Net Minority Interest": NaN,
        "Reconciled Depreciation": NaN,
        "Reconciled Cost Of Revenue": NaN,
        "EBITDA": NaN,
        "EBIT": NaN,
        "Net Interest Income": NaN,
        "Interest Expense": NaN,
        "Interest Income": NaN,
        "Normalized Income": NaN,
        "Net Income From Continuing And Discontinued Operation": NaN,
        "Total Expenses": NaN,
        "Total Operating Income As Reported": NaN,
        "Diluted Average Shares": NaN,
        "Basic Average Shares": NaN,
        "Diluted EPS": NaN,
        "Basic EPS": NaN,
        "Diluted NI Availto Com Stockholders": NaN,
        "Net Income Common Stockholders": NaN,
        "Net Income": NaN,
        "Net Income Including Noncontrolling Interests": NaN,
        "Net Income Continuous Operations": NaN,
        "Tax Provision": NaN,
        "Pretax Income": NaN,
        "Other Income Expense": NaN,
        "Other Non Operating Income Expenses": 62000.0,
        "Special Income Charges": NaN,
        "Gain On Sale Of Ppe": -1034000.0,
        "Gain On Sale Of Business": -1034000.0,
        "Write Off": NaN,
        "Restructuring And Mergern Acquisition": NaN,
        "Net Non Operating Interest Income Expense": NaN,
        "Interest Expense Non Operating": NaN,
        "Interest Income Non Operating": NaN,
        "Operating Income": NaN,
        "Operating Expense": NaN,
        "Depreciation Amortization Depletion Income Statement": NaN,
        "Depreciation And Amortization In Income Statement": NaN,
        "Selling General And Administration": NaN,
        "General And Administrative Expense": NaN,
        "Other Gand A": NaN,
        "Salaries And Wages": -62000.0,
        "Gross Profit": NaN,
        "Cost Of Revenue": NaN,
        "Total Revenue": NaN,
        "Operating Revenue": NaN
    },
    "2023-12-31": {
        "Tax Effect Of Unusual Items": NaN,
        "Tax Rate For Calcs": NaN,
        "Normalized EBITDA": NaN,
        "Total Unusual Items": NaN,
        "Total Unusual Items Excluding Goodwill": NaN,
        "Net Income From Continuing Operation Net Minority Interest": NaN,
        "Reconciled Depreciation": NaN,
        "Reconciled Cost Of Revenue": NaN,
        "EBITDA": NaN,
        "EBIT": NaN,
        "Net Interest Income": NaN,
        "Interest Expense": NaN,
        "Interest Income": NaN,
        "Normalized Income": NaN,
        "Net Income From Continuing And Discontinued Operation": NaN,
        "Total Expenses": NaN,
        "Total Operating Income As Reported": NaN,
        "Diluted Average Shares": NaN,
        "Basic Average Shares": NaN,
        "Diluted EPS": NaN,
        "Basic EPS": NaN,
        "Diluted NI Availto Com Stockholders": NaN,
        "Net Income Common Stockholders": NaN,
        "Net Income": NaN,
        "Net Income Including Noncontrolling Interests": NaN,
        "Net Income Continuous Operations": NaN,
        "Tax Provision": NaN,
        "Pretax Income": NaN,
        "Other Income Expense": NaN,
        "Other Non Operating Income Expenses": NaN,
        "Special Income Charges": NaN,
        "Gain On Sale Of Ppe": -6264000.0,
        "Gain On Sale Of Business": -6264000.0,
        "Write Off": NaN,
        "Restructuring And Mergern Acquisition": NaN,
        "Net Non Operating Interest Income Expense": NaN,
        "Interest Expense Non Operating": NaN,
        "Interest Income Non Operating": NaN,
        "Operating Income": NaN,
        "Operating Expense": NaN,
        "Depreciation Amortization Depletion Income Statement": NaN,
        "Depreciation And Amortization In Income Statement": NaN,
        "Selling General And Administration": NaN,
        "General And Administrative Expense": NaN,
        "Other Gand A": NaN,
        "Salaries And Wages": -62000.0,
        "Gross Profit": NaN,
        "Cost Of Revenue": NaN,
        "Total Revenue": NaN,
        "Operating Revenue": NaN
    },
    "2024-03-31": {
        "Tax Effect Of Unusual Items": NaN,
        "Tax Rate For Calcs": NaN,
        "Normalized EBITDA": NaN,
        "Total Unusual Items": NaN,
        "Total Unusual Items Excluding Goodwill": NaN,
        "Net Income From Continuing Operation Net Minority Interest": NaN,
        "Reconciled Depreciation": NaN,
        "Reconciled Cost Of Revenue": NaN,
        "EBITDA": NaN,
        "EBIT": NaN,
        "Net Interest Income": NaN,
        "Interest Expense": NaN,
        "Interest Income": NaN,
        "Normalized Income": NaN,
        "Net Income From Continuing And Discontinued Operation": NaN,
        "Total Expenses": NaN,
        "Total Operating Income As Reported": NaN,
        "Diluted Average Shares": NaN,
        "Basic Average Shares": NaN,
        "Diluted EPS": NaN,
        "Basic EPS": NaN,
        "Diluted NI Availto Com Stockholders": NaN,
        "Net Income Common Stockholders": NaN,
        "Net Income": NaN,
        "Net Income Including Noncontrolling Interests": NaN,
        "Net Income Continuous Operations": NaN,
        "Tax Provision": NaN,
        "Pretax Income": NaN,
        "Other Income Expense": NaN,
        "Other Non Operating Income Expenses": NaN,
        "Special Income Charges": NaN,
        "Gain On Sale Of Ppe": NaN,
        "Gain On Sale Of Business": NaN,
        "Write Off": 4000000.0,
        "Restructuring And Mergern Acquisition": NaN,
        "Net Non Operating Interest Income Expense": NaN,
        "Interest Expense Non Operating": NaN,
        "Interest Income Non Operating": NaN,
        "Operating Income": NaN,
        "Operating Expense": NaN,
        "Depreciation Amortization Depletion Income Statement": NaN,
        "Depreciation And Amortization In Income Statement": NaN,
        "Selling General And Administration": NaN,
        "General And Administrative Expense": NaN,
        "Other Gand A": NaN,
        "Salaries And Wages": -158000.0,
        "Gross Profit": NaN,
        "Cost Of Revenue": NaN,
        "Total Revenue": NaN,
        "Operating Revenue": NaN
    },
    "2024-06-30": {
        "Tax Effect Of Unusual Items": -2122368.560748,
        "Tax Rate For Calcs": 0.259395,
        "Normalized EBITDA": 144409000.0,
        "Total Unusual Items": -8182000.0,
        "Total Unusual Items Excluding Goodwill": -8182000.0,
        "Net Income From Continuing Operation Net Minority Interest": 66967000.0,
        "Reconciled Depreciation": 36827000.0,
        "Reconciled Cost Of Revenue": 613362000.0,
        "EBITDA": 136227000.0,
        "EBIT": 99400000.0,
        "Net Interest Income": -4908000.0,
        "Interest Expense": 8978000.0,
        "Interest Income": 4070000.0,
        "Normalized Income": 73026631.439252,
        "Net Income From Continuing And Discontinued Operation": 66967000.0,
        "Total Expenses": 1121589000.0,
        "Total Operating Income As Reported": 95212000.0,
        "Diluted Average Shares": 212315000.0,
        "Basic Average Shares": 211356000.0,
        "Diluted EPS": 0.32,
        "Basic EPS": 0.32,
        "Diluted NI Availto Com Stockholders": 66967000.0,
        "Net Income Common Stockholders": 66967000.0,
        "Net Income": 66967000.0,
        "Net Income Including Noncontrolling Interests": 66967000.0,
        "Net Income Continuous Operations": 66967000.0,
        "Tax Provision": 23455000.0,
        "Pretax Income": 90422000.0,
        "Other Income Expense": -8064000.0,
        "Other Non Operating Income Expenses": 118000.0,
        "Special Income Charges": -8182000.0,
        "Gain On Sale Of Ppe": NaN,
        "Gain On Sale Of Business": NaN,
        "Write Off": 1377000.0,
        "Restructuring And Mergern Acquisition": 8182000.0,
        "Net Non Operating Interest Income Expense": -4908000.0,
        "Interest Expense Non Operating": 8978000.0,
        "Interest Income Non Operating": 4070000.0,
        "Operating Income": 103394000.0,
        "Operating Expense": 508227000.0,
        "Depreciation Amortization Depletion Income Statement": 36827000.0,
        "Depreciation And Amortization In Income Statement": 36827000.0,
        "Selling General And Administration": 471400000.0,
        "General And Administrative Expense": 471400000.0,
        "Other Gand A": 471400000.0,
        "Salaries And Wages": -118000.0,
        "Gross Profit": 611621000.0,
        "Cost Of Revenue": 613362000.0,
        "Total Revenue": 1224983000.0,
        "Operating Revenue": 1224983000.0
    },
    "2024-09-30": {
        "Tax Effect Of Unusual Items": -1075920.0,
        "Tax Rate For Calcs": 0.24,
        "Normalized EBITDA": 136022000.0,
        "Total Unusual Items": -4483000.0,
        "Total Unusual Items Excluding Goodwill": -4483000.0,
        "Net Income From Continuing Operation Net Minority Interest": 64984000.0,
        "Reconciled Depreciation": 37331000.0,
        "Reconciled Cost Of Revenue": 598209000.0,
        "EBITDA": 131539000.0,
        "EBIT": 94208000.0,
        "Net Interest Income": -4778000.0,
        "Interest Expense": 8688000.0,
        "Interest Income": 3910000.0,
        "Normalized Income": 68391080.0,
        "Net Income From Continuing And Discontinued Operation": 64984000.0,
        "Total Expenses": 1095899000.0,
        "Total Operating Income As Reported": 90179000.0,
        "Diluted Average Shares": 211975000.0,
        "Basic Average Shares": 210820000.0,
        "Diluted EPS": 0.31,
        "Basic EPS": 0.31,
        "Diluted NI Availto Com Stockholders": 64984000.0,
        "Net Income Common Stockholders": 64984000.0,
        "Net Income": 64984000.0,
        "Net Income Including Noncontrolling Interests": 64984000.0,
        "Net Income Continuous Operations": 64984000.0,
        "Tax Provision": 20536000.0,
        "Pretax Income": 85520000.0,
        "Other Income Expense": -4364000.0,
        "Other Non Operating Income Expenses": 119000.0,
        "Special Income Charges": -4483000.0,
        "Gain On Sale Of Ppe": NaN,
        "Gain On Sale Of Business": -4483000.0,
        "Write Off": NaN,
        "Restructuring And Mergern Acquisition": 4483000.0,
        "Net Non Operating Interest Income Expense": -4778000.0,
        "Interest Expense Non Operating": 8688000.0,
        "Interest Income Non Operating": 3910000.0,
        "Operating Income": 94662000.0,
        "Operating Expense": 497690000.0,
        "Depreciation Amortization Depletion Income Statement": 37331000.0,
        "Depreciation And Amortization In Income Statement": 37331000.0,
        "Selling General And Administration": 460359000.0,
        "General And Administrative Expense": 460359000.0,
        "Other Gand A": 460359000.0,
        "Salaries And Wages": NaN,
        "Gross Profit": 592352000.0,
        "Cost Of Revenue": 598209000.0,
        "Total Revenue": 1190561000.0,
        "Operating Revenue": 1190561000.0
    },
    "2024-12-31": {
        "Tax Effect Of Unusual Items": -108994.815921,
        "Tax Rate For Calcs": 0.242211,
        "Normalized EBITDA": 102334000.0,
        "Total Unusual Items": -450000.0,
        "Total Unusual Items Excluding Goodwill": -450000.0,
        "Net Income From Continuing Operation Net Minority Interest": 43122000.0,
        "Reconciled Depreciation": 36817000.0,
        "Reconciled Cost Of Revenue": 568463000.0,
        "EBITDA": 101884000.0,
        "EBIT": 65067000.0,
        "Net Interest Income": -4326000.0,
        "Interest Expense": 8162000.0,
        "Interest Income": 3836000.0,
        "Normalized Income": 43463005.184079,
        "Net Income From Continuing And Discontinued Operation": 43122000.0,
        "Total Expenses": 1049322000.0,
        "Total Operating Income As Reported": 61353000.0,
        "Diluted Average Shares": 212192000.0,
        "Basic Average Shares": 210597558.0,
        "Diluted EPS": 0.2,
        "Basic EPS": 0.20476,
        "Diluted NI Availto Com Stockholders": 43122000.0,
        "Net Income Common Stockholders": 43122000.0,
        "Net Income": 43122000.0,
        "Net Income Including Noncontrolling Interests": 43122000.0,
        "Net Income Continuous Operations": 43122000.0,
        "Tax Provision": 13783000.0,
        "Pretax Income": 56905000.0,
        "Other Income Expense": -572000.0,
        "Other Non Operating Income Expenses": -122000.0,
        "Special Income Charges": -450000.0,
        "Gain On Sale Of Ppe": NaN,
        "Gain On Sale Of Business": -450000.0,
        "Write Off": NaN,
        "Restructuring And Mergern Acquisition": 450000.0,
        "Net Non Operating Interest Income Expense": -4326000.0,
        "Interest Expense Non Operating": 8162000.0,
        "Interest Income Non Operating": 3836000.0,
        "Operating Income": 61803000.0,
        "Operating Expense": 480859000.0,
        "Depreciation Amortization Depletion Income Statement": 36817000.0,
        "Depreciation And Amortization In Income Statement": 36817000.0,
        "Selling General And Administration": 444042000.0,
        "General And Administrative Expense": 444042000.0,
        "Other Gand A": 444042000.0,
        "Salaries And Wages": NaN,
        "Gross Profit": 542662000.0,
        "Cost Of Revenue": 568463000.0,
        "Total Revenue": 1111125000.0,
        "Operating Revenue": 1111125000.0
    },
    "2025-03-31": {
        "Tax Effect Of Unusual Items": -2040320.0,
        "Tax Rate For Calcs": 0.256,
        "Normalized EBITDA": 148114000.0,
        "Total Unusual Items": -7970000.0,
        "Total Unusual Items Excluding Goodwill": -7970000.0,
        "Net Income From Continuing Operation Net Minority Interest": 52998000.0,
        "Reconciled Depreciation": 49268000.0,
        "Reconciled Cost Of Revenue": 778346000.0,
        "EBITDA": 140144000.0,
        "EBIT": 90876000.0,
        "Net Interest Income": -14048000.0,
        "Interest Expense": 19674000.0,
        "Interest Income": 5626000.0,
        "Normalized Income": 58927680.0,
        "Net Income From Continuing And Discontinued Operation": 52998000.0,
        "Total Expenses": 1461010000.0,
        "Total Operating Income As Reported": 85133000.0,
        "Diluted Average Shares": 212138000.0,
        "Basic Average Shares": 211194000.0,
        "Diluted EPS": 0.25,
        "Basic EPS": 0.25,
        "Diluted NI Availto Com Stockholders": 52998000.0,
        "Net Income Common Stockholders": 52998000.0,
        "Net Income": 52998000.0,
        "Net Income Including Noncontrolling Interests": 52998000.0,
        "Net Income Continuous Operations": 52998000.0,
        "Tax Provision": 18204000.0,
        "Pretax Income": 71202000.0,
        "Other Income Expense": -7970000.0,
        "Other Non Operating Income Expenses": NaN,
        "Special Income Charges": -7970000.0,
        "Gain On Sale Of Ppe": NaN,
        "Gain On Sale Of Business": NaN,
        "Write Off": NaN,
        "Restructuring And Mergern Acquisition": 7970000.0,
        "Net Non Operating Interest Income Expense": -14048000.0,
        "Interest Expense Non Operating": 19674000.0,
        "Interest Income Non Operating": 5626000.0,
        "Operating Income": 93220000.0,
        "Operating Expense": 682664000.0,
        "Depreciation Amortization Depletion Income Statement": 49268000.0,
        "Depreciation And Amortization In Income Statement": 49268000.0,
        "Selling General And Administration": 633396000.0,
        "General And Administrative Expense": 633396000.0,
        "Other Gand A": 633513000.0,
        "Salaries And Wages": -117000.0,
        "Gross Profit": 775884000.0,
        "Cost Of Revenue": 778346000.0,
        "Total Revenue": 1554230000.0,
        "Operating Revenue": 1554230000.0
    },
    "2025-06-30": {
        "Tax Effect Of Unusual Items": 0.0,
        "Tax Rate For Calcs": 0.256156,
        "Normalized EBITDA": 137166000.0,
        "Total Unusual Items": 0.0,
        "Total Unusual Items Excluding Goodwill": 0.0,
        "Net Income From Continuing Operation Net Minority Interest": 58365000.0,
        "Reconciled Depreciation": 39826000.0,
        "Reconciled Cost Of Revenue": 636060000.0,
        "EBITDA": 137166000.0,
        "EBIT": 97340000.0,
        "Net Interest Income": -15036000.0,
        "Interest Expense": 18876000.0,
        "Interest Income": 3840000.0,
        "Normalized Income": 58365000.0,
        "Net Income From Continuing And Discontinued Operation": 58365000.0,
        "Total Expenses": 1149423000.0,
        "Total Operating Income As Reported": 93412000.0,
        "Diluted Average Shares": 211991000.0,
        "Basic Average Shares": 211386000.0,
        "Diluted EPS": 0.28,
        "Basic EPS": 0.28,
        "Diluted NI Availto Com Stockholders": 58365000.0,
        "Net Income Common Stockholders": 58365000.0,
        "Net Income": 58365000.0,
        "Net Income Including Noncontrolling Interests": 58365000.0,
        "Net Income Continuous Operations": 58365000.0,
        "Tax Provision": 20099000.0,
        "Pretax Income": 78464000.0,
        "Other Income Expense": 88000.0,
        "Other Non Operating Income Expenses": 88000.0,
        "Special Income Charges": 0.0,
        "Gain On Sale Of Ppe": NaN,
        "Gain On Sale Of Business": NaN,
        "Write Off": NaN,
        "Restructuring And Mergern Acquisition": 0.0,
        "Net Non Operating Interest Income Expense": -15036000.0,
        "Interest Expense Non Operating": 18876000.0,
        "Interest Income Non Operating": 3840000.0,
        "Operating Income": 93412000.0,
        "Operating Expense": 513363000.0,
        "Depreciation Amortization Depletion Income Statement": 39826000.0,
        "Depreciation And Amortization In Income Statement": 39826000.0,
        "Selling General And Administration": 473537000.0,
        "General And Administrative Expense": 473537000.0,
        "Other Gand A": 473537000.0,
        "Salaries And Wages": NaN,
        "Gross Profit": 606775000.0,
        "Cost Of Revenue": 636060000.0,
        "Total Revenue": 1242835000.0,
        "Operating Revenue": 1242835000.0
    }
}