{
    "2023-03-31": {
        "Tax Effect Of Unusual Items": NaN,
        "Tax Rate For Calcs": NaN,
        "Normalized EBITDA": NaN,
        "Total Unusual Items": NaN,
        "Total Unusual Items Excluding Goodwill": NaN,
        "Net Income From Continuing Operation Net Minority Interest": NaN,
        "Reconciled Depreciation": NaN,
        "Reconciled Cost Of Revenue": NaN,
        "EBITDA": NaN,
        "EBIT": NaN,
        "Net Interest Income": NaN,
        "Interest Expense": NaN,
        "Interest Income": NaN,
        "Normalized Income": NaN,
        "Net Income From Continuing And Discontinued Operation": NaN,
        "Total Expenses": NaN,
        "Total Operating Income As Reported": NaN,
        "Diluted Average Shares": 131754000.0,
        "Basic Average Shares": 130930000.0,
        "Diluted EPS": 0.2,
        "Basic EPS": 0.2,
        "Diluted NI Availto Com Stockholders": NaN,
        "Net Income Common Stockholders": NaN,
        "Otherunder Preferred Stock Dividend": NaN,
        "Net Income": NaN,
        "Minority Interests": NaN,
        "Net Income Including Noncontrolling Interests": NaN,
        "Net Income Continuous Operations": NaN,
        "Tax Provision": NaN,
        "Pretax Income": NaN,
        "Other Income Expense": NaN,
        "Other Non Operating Income Expenses": NaN,
        "Special Income Charges": NaN,
        "Gain On Sale Of Business": NaN,
        "Earnings From Equity Interest": NaN,
        "Net Non Operating Interest Income Expense": NaN,
        "Interest Expense Non Operating": NaN,
        "Interest Income Non Operating": NaN,
        "Operating Income": NaN,
        "Operating Expense": NaN,
        "Selling General And Administration": NaN,
        "Gross Profit": NaN,
        "Cost Of Revenue": NaN,
        "Total Revenue": NaN,
        "Operating Revenue": NaN
    },
    "2022-12-31": {
        "Tax Effect Of Unusual Items": NaN,
        "Tax Rate For Calcs": NaN,
        "Normalized EBITDA": NaN,
        "Total Unusual Items": 0.0,
        "Total Unusual Items Excluding Goodwill": 0.0,
        "Net Income From Continuing Operation Net Minority Interest": NaN,
        "Reconciled Depreciation": NaN,
        "Reconciled Cost Of Revenue": NaN,
        "EBITDA": NaN,
        "EBIT": NaN,
        "Net Interest Income": NaN,
        "Interest Expense": NaN,
        "Interest Income": NaN,
        "Normalized Income": NaN,
        "Net Income From Continuing And Discontinued Operation": NaN,
        "Total Expenses": NaN,
        "Total Operating Income As Reported": NaN,
        "Diluted Average Shares": NaN,
        "Basic Average Shares": NaN,
        "Diluted EPS": NaN,
        "Basic EPS": NaN,
        "Diluted NI Availto Com Stockholders": NaN,
        "Net Income Common Stockholders": NaN,
        "Otherunder Preferred Stock Dividend": NaN,
        "Net Income": NaN,
        "Minority Interests": NaN,
        "Net Income Including Noncontrolling Interests": NaN,
        "Net Income Continuous Operations": NaN,
        "Tax Provision": NaN,
        "Pretax Income": NaN,
        "Other Income Expense": NaN,
        "Other Non Operating Income Expenses": NaN,
        "Special Income Charges": 0.0,
        "Gain On Sale Of Business": 0.0,
        "Earnings From Equity Interest": NaN,
        "Net Non Operating Interest Income Expense": NaN,
        "Interest Expense Non Operating": NaN,
        "Interest Income Non Operating": NaN,
        "Operating Income": NaN,
        "Operating Expense": NaN,
        "Selling General And Administration": NaN,
        "Gross Profit": NaN,
        "Cost Of Revenue": NaN,
        "Total Revenue": NaN,
        "Operating Revenue": NaN
    },
    "2022-09-30": {
        "Tax Effect Of Unusual Items": NaN,
        "Tax Rate For Calcs": NaN,
        "Normalized EBITDA": NaN,
        "Total Unusual Items": 0.0,
        "Total Unusual Items Excluding Goodwill": 0.0,
        "Net Income From Continuing Operation Net Minority Interest": NaN,
        "Reconciled Depreciation": NaN,
        "Reconciled Cost Of Revenue": NaN,
        "EBITDA": NaN,
        "EBIT": NaN,
        "Net Interest Income": NaN,
        "Interest Expense": NaN,
        "Interest Income": NaN,
        "Normalized Income": NaN,
        "Net Income From Continuing And Discontinued Operation": NaN,
        "Total Expenses": NaN,
        "Total Operating Income As Reported": NaN,
        "Diluted Average Shares": NaN,
        "Basic Average Shares": NaN,
        "Diluted EPS": NaN,
        "Basic EPS": NaN,
        "Diluted NI Availto Com Stockholders": NaN,
        "Net Income Common Stockholders": NaN,
        "Otherunder Preferred Stock Dividend": 0.0,
        "Net Income": NaN,
        "Minority Interests": NaN,
        "Net Income Including Noncontrolling Interests": NaN,
        "Net Income Continuous Operations": NaN,
        "Tax Provision": NaN,
        "Pretax Income": NaN,
        "Other Income Expense": NaN,
        "Other Non Operating Income Expenses": NaN,
        "Special Income Charges": 0.0,
        "Gain On Sale Of Business": NaN,
        "Earnings From Equity Interest": NaN,
        "Net Non Operating Interest Income Expense": NaN,
        "Interest Expense Non Operating": NaN,
        "Interest Income Non Operating": NaN,
        "Operating Income": NaN,
        "Operating Expense": NaN,
        "Selling General And Administration": NaN,
        "Gross Profit": NaN,
        "Cost Of Revenue": NaN,
        "Total Revenue": NaN,
        "Operating Revenue": NaN
    },
    "2022-06-30": {
        "Tax Effect Of Unusual Items": 0.0,
        "Tax Rate For Calcs": 0.201,
        "Normalized EBITDA": 92013000.0,
        "Total Unusual Items": 0.0,
        "Total Unusual Items Excluding Goodwill": 0.0,
        "Net Income From Continuing Operation Net Minority Interest": 44777000.0,
        "Reconciled Depreciation": 23238000.0,
        "Reconciled Cost Of Revenue": 632393000.0,
        "EBITDA": 92013000.0,
        "EBIT": 68775000.0,
        "Net Interest Income": -10208000.0,
        "Interest Expense": 11062000.0,
        "Interest Income": 854000.0,
        "Normalized Income": 44777000.0,
        "Net Income From Continuing And Discontinued Operation": 44777000.0,
        "Total Expenses": 826999000.0,
        "Total Operating Income As Reported": 60332000.0,
        "Diluted Average Shares": 131245000.0,
        "Basic Average Shares": 130666000.0,
        "Diluted EPS": 0.34,
        "Basic EPS": 0.34,
        "Diluted NI Availto Com Stockholders": 44777000.0,
        "Net Income Common Stockholders": 44777000.0,
        "Otherunder Preferred Stock Dividend": 0.0,
        "Net Income": 44777000.0,
        "Minority Interests": -1318000.0,
        "Net Income Including Noncontrolling Interests": 46095000.0,
        "Net Income Continuous Operations": 46095000.0,
        "Tax Provision": 11618000.0,
        "Pretax Income": 57713000.0,
        "Other Income Expense": 12698000.0,
        "Other Non Operating Income Expenses": 7589000.0,
        "Special Income Charges": 0.0,
        "Gain On Sale Of Business": 0.0,
        "Earnings From Equity Interest": 5109000.0,
        "Net Non Operating Interest Income Expense": -10208000.0,
        "Interest Expense Non Operating": 11062000.0,
        "Interest Income Non Operating": 854000.0,
        "Operating Income": 55223000.0,
        "Operating Expense": 194606000.0,
        "Selling General And Administration": 194606000.0,
        "Gross Profit": 249829000.0,
        "Cost Of Revenue": 632393000.0,
        "Total Revenue": 882222000.0,
        "Operating Revenue": 882222000.0
    },
    "2023-06-30": {
        "Tax Effect Of Unusual Items": NaN,
        "Tax Rate For Calcs": NaN,
        "Normalized EBITDA": NaN,
        "Total Unusual Items": 0.0,
        "Total Unusual Items Excluding Goodwill": 0.0,
        "Net Income From Continuing Operation Net Minority Interest": NaN,
        "Reconciled Depreciation": NaN,
        "Reconciled Cost Of Revenue": NaN,
        "EBITDA": NaN,
        "EBIT": NaN,
        "Net Interest Income": NaN,
        "Interest Expense": NaN,
        "Interest Income": NaN,
        "Normalized Income": NaN,
        "Net Income From Continuing And Discontinued Operation": NaN,
        "Total Expenses": NaN,
        "Total Operating Income As Reported": NaN,
        "Diluted Average Shares": 131810000.0,
        "Basic Average Shares": 131171000.0,
        "Diluted EPS": 0.39,
        "Basic EPS": 0.39,
        "Diluted NI Availto Com Stockholders": NaN,
        "Net Income Common Stockholders": NaN,
        "Otherunder Preferred Stock Dividend": 0.0,
        "Net Income": NaN,
        "Minority Interests": NaN,
        "Net Income Including Noncontrolling Interests": NaN,
        "Net Income Continuous Operations": NaN,
        "Tax Provision": NaN,
        "Pretax Income": NaN,
        "Other Income Expense": NaN,
        "Other Non Operating Income Expenses": NaN,
        "Special Income Charges": 0.0,
        "Gain On Sale Of Business": 0.0,
        "Earnings From Equity Interest": NaN,
        "Net Non Operating Interest Income Expense": NaN,
        "Interest Expense Non Operating": NaN,
        "Interest Income Non Operating": NaN,
        "Operating Income": NaN,
        "Operating Expense": NaN,
        "Selling General And Administration": NaN,
        "Gross Profit": NaN,
        "Cost Of Revenue": NaN,
        "Total Revenue": NaN,
        "Operating Revenue": NaN
    },
    "2022-03-31": {
        "Diluted EPS": -0.12,
        "Total Revenue": 821,
        "Gross Profit": 210,
        "Operating Income": 7,
        "EBIT": 35,
        "Net Income": -16
    },
    "2021-12-31": {
        "Diluted EPS": 0.12,
        "Total Revenue": 919,
        "Gross Profit": 267,
        "Operating Income": 85,
        "EBIT": 113,
        "Net Income": 17
    },
    "2021-09-30": {
        "Diluted EPS": 0.38,
        "Total Revenue": 866,
        "Gross Profit": 253,
        "Operating Income": 57,
        "EBIT": 87,
        "Net Income": 50
    },
    "2021-06-30": {
        "Diluted EPS": 0.35,
        "Total Revenue": 898,
        "Gross Profit": 278,
        "Operating Income": 72,
        "EBIT": 102,
        "Net Income": 45
    },
    "2021-03-31": {
        "Diluted EPS": 0.11,
        "Total Revenue": 857,
        "Gross Profit": 251,
        "Operating Income": 56,
        "EBIT": 85,
        "Net Income": 14
    },
    "2020-12-31": {
        "Diluted EPS": 0.43,
        "Total Revenue": 985,
        "Gross Profit": 295,
        "Operating Income": 95,
        "EBIT": 126,
        "Net Income": 56
    },
    "2020-09-30": {
        "Diluted EPS": 0.43,
        "Total Revenue": 924,
        "Gross Profit": 285,
        "Operating Income": 87,
        "EBIT": 115,
        "Net Income": 56
    },
    "2020-06-30": {
        "Diluted EPS": 0.05,
        "Total Revenue": 925,
        "Gross Profit": 270,
        "Operating Income": 43,
        "EBIT": 71,
        "Net Income": 6
    },
    "2020-03-31": {
        "Diluted EPS": 0.09,
        "Total Revenue": 894,
        "Gross Profit": 266,
        "Operating Income": 24,
        "EBIT": 51,
        "Net Income": 12
    },
    "2019-12-31": {
        "Diluted EPS": 0.48,
        "Total Revenue": NaN,
        "Gross Profit": 344,
        "Operating Income": 93,
        "EBIT": 122,
        "Net Income": 64
    },
    "2019-09-30": {
        "Diluted EPS": 0.45,
        "Total Revenue": 996,
        "Gross Profit": 333,
        "Operating Income": 105,
        "EBIT": 131,
        "Net Income": 60
    },
    "2019-06-30": {
        "Diluted EPS": 0.44,
        "Total Revenue": 990,
        "Gross Profit": 318,
        "Operating Income": 98,
        "EBIT": 129,
        "Net Income": 58
    },
    "2019-03-31": {
        "Diluted EPS": 0.44,
        "Total Revenue": 890,
        "Gross Profit": 294,
        "Operating Income": 91,
        "EBIT": 121,
        "Net Income": 57
    },
    "2018-12-31": {
        "Diluted EPS": 0.37,
        "Total Revenue": 990,
        "Gross Profit": 325,
        "Operating Income": 73,
        "EBIT": 104,
        "Net Income": 48
    },
    "2018-09-30": {
        "Diluted EPS": 0.21,
        "Total Revenue": 953,
        "Gross Profit": 309,
        "Operating Income": 62,
        "EBIT": 93,
        "Net Income": 28
    },
    "2018-06-30": {
        "Diluted EPS": 0.1,
        "Total Revenue": 973,
        "Gross Profit": 286,
        "Operating Income": 47,
        "EBIT": 77,
        "Net Income": 13
    },
    "2018-03-31": {
        "Diluted EPS": 0.12,
        "Total Revenue": 920,
        "Gross Profit": 271,
        "Operating Income": 45,
        "EBIT": 78,
        "Net Income": 15
    },
    "2017-12-31": {
        "Diluted EPS": -0.81,
        "Total Revenue": NaN,
        "Gross Profit": 306,
        "Operating Income": 89,
        "EBIT": 123,
        "Net Income": -106
    },
    "2017-09-30": {
        "Diluted EPS": 0.36,
        "Total Revenue": 883,
        "Gross Profit": 268,
        "Operating Income": 75,
        "EBIT": 108,
        "Net Income": 48
    },
    "2017-06-30": {
        "Diluted EPS": 0.32,
        "Total Revenue": 877,
        "Gross Profit": 245,
        "Operating Income": 127,
        "EBIT": 158,
        "Net Income": 42
    },
    "2017-03-31": {
        "Diluted EPS": 0.15,
        "Total Revenue": 866,
        "Gross Profit": 269,
        "Operating Income": 51,
        "EBIT": 83,
        "Net Income": 19
    },
    "2016-12-31": {
        "Diluted EPS": 0.45,
        "Total Revenue": NaN,
        "Gross Profit": 333,
        "Operating Income": 112,
        "EBIT": 146,
        "Net Income": 60
    },
    "2016-09-30": {
        "Diluted EPS": -0.12,
        "Total Revenue": 946,
        "Gross Profit": 278,
        "Operating Income": 0,
        "EBIT": 32,
        "Net Income": -16
    },
    "2016-06-30": {
        "Diluted EPS": 0.42,
        "Total Revenue": NaN,
        "Gross Profit": 321,
        "Operating Income": 94,
        "EBIT": 125,
        "Net Income": 54
    },
    "2016-03-31": {
        "Diluted EPS": 0.26,
        "Total Revenue": 946,
        "Gross Profit": 305,
        "Operating Income": 71,
        "EBIT": 103,
        "Net Income": 34
    },
    "2015-12-31": {
        "Diluted EPS": 0.47,
        "Total Revenue": NaN,
        "Gross Profit": 388,
        "Operating Income": 126,
        "EBIT": 157,
        "Net Income": 62
    },
    "2015-09-30": {
        "Diluted EPS": 0.7,
        "Total Revenue": NaN,
        "Gross Profit": 389,
        "Operating Income": 168,
        "EBIT": 203,
        "Net Income": 94
    },
    "2015-06-30": {
        "Diluted EPS": 0.56,
        "Total Revenue": NaN,
        "Gross Profit": 369,
        "Operating Income": 128,
        "EBIT": 163,
        "Net Income": 75
    },
    "2015-03-31": {
        "Diluted EPS": 0.2,
        "Total Revenue": NaN,
        "Gross Profit": 332,
        "Operating Income": 93,
        "EBIT": 129,
        "Net Income": 28
    },
    "2014-12-31": {
        "Diluted EPS": 1.11,
        "Total Revenue": NaN,
        "Gross Profit": 481,
        "Operating Income": 234,
        "EBIT": 266,
        "Net Income": 154
    },
    "2014-09-30": {
        "Diluted EPS": 0.93,
        "Total Revenue": NaN,
        "Gross Profit": 421,
        "Operating Income": 192,
        "EBIT": 222,
        "Net Income": 129
    },
    "2014-06-30": {
        "Diluted EPS": 0.9,
        "Total Revenue": NaN,
        "Gross Profit": 430,
        "Operating Income": 194,
        "EBIT": 225,
        "Net Income": 124
    },
    "2014-03-31": {
        "Diluted EPS": 0.78,
        "Total Revenue": NaN,
        "Gross Profit": 377,
        "Operating Income": 164,
        "EBIT": 195,
        "Net Income": 108
    },
    "2013-12-31": {
        "Diluted EPS": 1.0,
        "Total Revenue": NaN,
        "Gross Profit": 470,
        "Operating Income": 213,
        "EBIT": 244,
        "Net Income": 141
    },
    "2013-09-30": {
        "Diluted EPS": 0.9,
        "Total Revenue": NaN,
        "Gross Profit": 423,
        "Operating Income": 193,
        "EBIT": 223,
        "Net Income": 126
    },
    "2013-06-30": {
        "Diluted EPS": 0.84,
        "Total Revenue": NaN,
        "Gross Profit": 422,
        "Operating Income": 184,
        "EBIT": 212,
        "Net Income": 120
    },
    "2013-03-31": {
        "Diluted EPS": 0.67,
        "Total Revenue": NaN,
        "Gross Profit": 373,
        "Operating Income": 170,
        "EBIT": 227,
        "Net Income": 98
    },
    "2012-12-31": {
        "Diluted EPS": 0.93,
        "Total Revenue": NaN,
        "Gross Profit": 448,
        "Operating Income": 203,
        "EBIT": 233,
        "Net Income": 142
    },
    "2012-09-30": {
        "Diluted EPS": 0.69,
        "Total Revenue": NaN,
        "Gross Profit": 390,
        "Operating Income": 166,
        "EBIT": 196,
        "Net Income": 106
    },
    "2012-06-30": {
        "Diluted EPS": 0.66,
        "Total Revenue": NaN,
        "Gross Profit": 385,
        "Operating Income": 165,
        "EBIT": 196,
        "Net Income": 107
    },
    "2012-03-31": {
        "Diluted EPS": 0.56,
        "Total Revenue": NaN,
        "Gross Profit": 359,
        "Operating Income": 143,
        "EBIT": 175,
        "Net Income": 93
    },
    "2011-12-31": {
        "Diluted EPS": 0.75,
        "Total Revenue": NaN,
        "Gross Profit": 420,
        "Operating Income": 193,
        "EBIT": 227,
        "Net Income": 125
    },
    "2011-09-30": {
        "Diluted EPS": 0.64,
        "Total Revenue": NaN,
        "Gross Profit": 377,
        "Operating Income": 155,
        "EBIT": 186,
        "Net Income": 108
    },
    "2011-06-30": {
        "Diluted EPS": 0.59,
        "Total Revenue": NaN,
        "Gross Profit": 369,
        "Operating Income": 140,
        "EBIT": 171,
        "Net Income": 99
    },
    "2011-03-31": {
        "Diluted EPS": 0.57,
        "Total Revenue": 997,
        "Gross Profit": 348,
        "Operating Income": 130,
        "EBIT": 161,
        "Net Income": 97
    },
    "2010-12-31": {
        "Diluted EPS": 0.67,
        "Total Revenue": NaN,
        "Gross Profit": 385,
        "Operating Income": 164,
        "EBIT": 198,
        "Net Income": 113
    },
    "2010-09-30": {
        "Diluted EPS": 0.61,
        "Total Revenue": 972,
        "Gross Profit": 333,
        "Operating Income": 129,
        "EBIT": 158,
        "Net Income": 104
    },
    "2010-06-30": {
        "Diluted EPS": 0.54,
        "Total Revenue": 961,
        "Gross Profit": 343,
        "Operating Income": 146,
        "EBIT": 175,
        "Net Income": 92
    },
    "2010-03-31": {
        "Diluted EPS": 0.47,
        "Total Revenue": 959,
        "Gross Profit": 348,
        "Operating Income": 142,
        "EBIT": 172,
        "Net Income": 80
    },
    "2009-12-31": {
        "Diluted EPS": 0.65,
        "Total Revenue": NaN,
        "Gross Profit": 409,
        "Operating Income": 162,
        "EBIT": 192,
        "Net Income": 110
    },
    "2009-09-30": {
        "Diluted EPS": 0.69,
        "Total Revenue": NaN,
        "Gross Profit": 385,
        "Operating Income": 161,
        "EBIT": 189,
        "Net Income": 117
    },
    "2009-06-30": {
        "Diluted EPS": 0.64,
        "Total Revenue": NaN,
        "Gross Profit": 386,
        "Operating Income": 159,
        "EBIT": 190,
        "Net Income": 108
    },
    "2009-03-31": {
        "Diluted EPS": 0.55,
        "Total Revenue": NaN,
        "Gross Profit": 368,
        "Operating Income": 147,
        "EBIT": 173,
        "Net Income": 92
    },
    "2023-09-30": {
        "Tax Effect Of Unusual Items": NaN,
        "Tax Rate For Calcs": NaN,
        "Normalized EBITDA": NaN,
        "Total Unusual Items": NaN,
        "Total Unusual Items Excluding Goodwill": NaN,
        "Net Income From Continuing Operation Net Minority Interest": NaN,
        "Reconciled Depreciation": NaN,
        "Reconciled Cost Of Revenue": NaN,
        "EBITDA": NaN,
        "EBIT": NaN,
        "Net Interest Income": NaN,
        "Interest Expense": NaN,
        "Interest Income": NaN,
        "Normalized Income": NaN,
        "Net Income From Continuing And Discontinued Operation": NaN,
        "Total Expenses": NaN,
        "Total Operating Income As Reported": NaN,
        "Diluted Average Shares": 132026000.0,
        "Basic Average Shares": 131183000.0,
        "Diluted EPS": 0.35,
        "Basic EPS": 0.35,
        "Diluted NI Availto Com Stockholders": NaN,
        "Net Income Common Stockholders": NaN,
        "Net Income": NaN,
        "Minority Interests": NaN,
        "Net Income Including Noncontrolling Interests": NaN,
        "Net Income Continuous Operations": NaN,
        "Tax Provision": NaN,
        "Pretax Income": NaN,
        "Other Income Expense": NaN,
        "Other Non Operating Income Expenses": NaN,
        "Special Income Charges": NaN,
        "Gain On Sale Of Business": NaN,
        "Earnings From Equity Interest": NaN,
        "Net Non Operating Interest Income Expense": NaN,
        "Interest Expense Non Operating": NaN,
        "Interest Income Non Operating": NaN,
        "Operating Income": NaN,
        "Operating Expense": NaN,
        "Selling General And Administration": NaN,
        "Gross Profit": NaN,
        "Cost Of Revenue": NaN,
        "Total Revenue": NaN,
        "Operating Revenue": NaN
    },
    "2023-12-31": {
        "Tax Effect Of Unusual Items": 0.0,
        "Tax Rate For Calcs": 0.055869,
        "Normalized EBITDA": 108993000.0,
        "Total Unusual Items": NaN,
        "Total Unusual Items Excluding Goodwill": NaN,
        "Net Income From Continuing Operation Net Minority Interest": 62617000.0,
        "Reconciled Depreciation": 20673000.0,
        "Reconciled Cost Of Revenue": 825635000.0,
        "EBITDA": 108993000.0,
        "EBIT": 88320000.0,
        "Net Interest Income": -15429000.0,
        "Interest Expense": 16885000.0,
        "Interest Income": 1456000.0,
        "Normalized Income": 62617000.0,
        "Net Income From Continuing And Discontinued Operation": 62617000.0,
        "Total Expenses": 1060380000.0,
        "Total Operating Income As Reported": 109463000.0,
        "Diluted Average Shares": NaN,
        "Basic Average Shares": NaN,
        "Diluted EPS": NaN,
        "Basic EPS": NaN,
        "Diluted NI Availto Com Stockholders": 62617000.0,
        "Net Income Common Stockholders": 62617000.0,
        "Net Income": 62617000.0,
        "Minority Interests": -4827000.0,
        "Net Income Including Noncontrolling Interests": 67444000.0,
        "Net Income Continuous Operations": 67444000.0,
        "Tax Provision": 3991000.0,
        "Pretax Income": 71435000.0,
        "Other Income Expense": -17934000.0,
        "Other Non Operating Income Expenses": -22599000.0,
        "Special Income Charges": NaN,
        "Gain On Sale Of Business": NaN,
        "Earnings From Equity Interest": 4665000.0,
        "Net Non Operating Interest Income Expense": -15429000.0,
        "Interest Expense Non Operating": 16885000.0,
        "Interest Income Non Operating": 1456000.0,
        "Operating Income": 104798000.0,
        "Operating Expense": 234745000.0,
        "Selling General And Administration": 234745000.0,
        "Gross Profit": 339543000.0,
        "Cost Of Revenue": 825635000.0,
        "Total Revenue": 1165178000.0,
        "Operating Revenue": 1165178000.0
    },
    "2024-03-31": {
        "Tax Effect Of Unusual Items": NaN,
        "Tax Rate For Calcs": NaN,
        "Normalized EBITDA": NaN,
        "Total Unusual Items": NaN,
        "Total Unusual Items Excluding Goodwill": NaN,
        "Net Income From Continuing Operation Net Minority Interest": NaN,
        "Reconciled Depreciation": NaN,
        "Reconciled Cost Of Revenue": NaN,
        "EBITDA": NaN,
        "EBIT": NaN,
        "Net Interest Income": NaN,
        "Interest Expense": NaN,
        "Interest Income": NaN,
        "Normalized Income": NaN,
        "Net Income From Continuing And Discontinued Operation": NaN,
        "Total Expenses": NaN,
        "Total Operating Income As Reported": NaN,
        "Diluted Average Shares": NaN,
        "Basic Average Shares": NaN,
        "Diluted EPS": NaN,
        "Basic EPS": NaN,
        "Diluted NI Availto Com Stockholders": NaN,
        "Net Income Common Stockholders": NaN,
        "Otherunder Preferred Stock Dividend": 0.0,
        "Net Income": NaN,
        "Minority Interests": NaN,
        "Net Income Including Noncontrolling Interests": NaN,
        "Net Income Continuous Operations": NaN,
        "Tax Provision": NaN,
        "Pretax Income": NaN,
        "Other Income Expense": NaN,
        "Other Non Operating Income Expenses": NaN,
        "Special Income Charges": NaN,
        "Gain On Sale Of Business": NaN,
        "Earnings From Equity Interest": NaN,
        "Net Non Operating Interest Income Expense": NaN,
        "Interest Expense Non Operating": NaN,
        "Interest Income Non Operating": NaN,
        "Operating Income": NaN,
        "Operating Expense": NaN,
        "Selling General And Administration": NaN,
        "Gross Profit": NaN,
        "Cost Of Revenue": NaN,
        "Total Revenue": NaN,
        "Operating Revenue": NaN
    },
    "2024-06-30": {
        "Tax Effect Of Unusual Items": NaN,
        "Tax Rate For Calcs": NaN,
        "Normalized EBITDA": NaN,
        "Total Unusual Items": -12981000.0,
        "Total Unusual Items Excluding Goodwill": -12981000.0,
        "Net Income From Continuing Operation Net Minority Interest": NaN,
        "Reconciled Depreciation": NaN,
        "Reconciled Cost Of Revenue": NaN,
        "EBITDA": NaN,
        "EBIT": NaN,
        "Net Interest Income": NaN,
        "Interest Expense": NaN,
        "Interest Income": NaN,
        "Normalized Income": NaN,
        "Net Income From Continuing And Discontinued Operation": NaN,
        "Total Expenses": NaN,
        "Total Operating Income As Reported": NaN,
        "Diluted Average Shares": NaN,
        "Basic Average Shares": NaN,
        "Diluted EPS": NaN,
        "Basic EPS": NaN,
        "Diluted NI Availto Com Stockholders": NaN,
        "Net Income Common Stockholders": NaN,
        "Otherunder Preferred Stock Dividend": NaN,
        "Net Income": NaN,
        "Minority Interests": NaN,
        "Net Income Including Noncontrolling Interests": NaN,
        "Net Income Continuous Operations": NaN,
        "Tax Provision": NaN,
        "Pretax Income": NaN,
        "Other Income Expense": NaN,
        "Other Non Operating Income Expenses": NaN,
        "Special Income Charges": -12981000.0,
        "Gain On Sale Of Business": -12981000.0,
        "Earnings From Equity Interest": NaN,
        "Net Non Operating Interest Income Expense": NaN,
        "Interest Expense Non Operating": NaN,
        "Interest Income Non Operating": NaN,
        "Operating Income": NaN,
        "Operating Expense": NaN,
        "Selling General And Administration": NaN,
        "Gross Profit": NaN,
        "Cost Of Revenue": NaN,
        "Total Revenue": NaN,
        "Operating Revenue": NaN
    },
    "2024-09-30": {
        "Tax Effect Of Unusual Items": 0.0,
        "Tax Rate For Calcs": 0.228279,
        "Normalized EBITDA": 119648000.0,
        "Total Unusual Items": NaN,
        "Total Unusual Items Excluding Goodwill": NaN,
        "Net Income From Continuing Operation Net Minority Interest": 58382000.0,
        "Reconciled Depreciation": 20973000.0,
        "Reconciled Cost Of Revenue": 776020000.0,
        "EBITDA": 119648000.0,
        "EBIT": 98675000.0,
        "Net Interest Income": -15184000.0,
        "Interest Expense": 16587000.0,
        "Interest Income": 1403000.0,
        "Normalized Income": 58382000.0,
        "Net Income From Continuing And Discontinued Operation": 58382000.0,
        "Total Expenses": 1035045000.0,
        "Total Operating Income As Reported": 103192000.0,
        "Diluted Average Shares": 132247000.0,
        "Basic Average Shares": 131395000.0,
        "Diluted EPS": 0.44,
        "Basic EPS": 0.44,
        "Diluted NI Availto Com Stockholders": 58382000.0,
        "Net Income Common Stockholders": 58382000.0,
        "Otherunder Preferred Stock Dividend": NaN,
        "Net Income": 58382000.0,
        "Minority Interests": -4967000.0,
        "Net Income Including Noncontrolling Interests": 63349000.0,
        "Net Income Continuous Operations": 63349000.0,
        "Tax Provision": 18739000.0,
        "Pretax Income": 82088000.0,
        "Other Income Expense": -770000.0,
        "Other Non Operating Income Expenses": -5920000.0,
        "Special Income Charges": NaN,
        "Gain On Sale Of Business": NaN,
        "Earnings From Equity Interest": 5150000.0,
        "Net Non Operating Interest Income Expense": -15184000.0,
        "Interest Expense Non Operating": 16587000.0,
        "Interest Income Non Operating": 1403000.0,
        "Operating Income": 98042000.0,
        "Operating Expense": 259025000.0,
        "Selling General And Administration": 259025000.0,
        "Gross Profit": 357067000.0,
        "Cost Of Revenue": 776020000.0,
        "Total Revenue": 1133087000.0,
        "Operating Revenue": 1133087000.0
    },
    "2024-12-31": {
        "Tax Effect Of Unusual Items": 0.0,
        "Tax Rate For Calcs": 0.210016,
        "Normalized EBITDA": 148543000.0,
        "Total Unusual Items": 0.0,
        "Total Unusual Items Excluding Goodwill": 0.0,
        "Net Income From Continuing Operation Net Minority Interest": 77541000.0,
        "Reconciled Depreciation": 22351000.0,
        "Reconciled Cost Of Revenue": 808234000.0,
        "EBITDA": 148543000.0,
        "EBIT": 126192000.0,
        "Net Interest Income": -18856000.0,
        "Interest Expense": 20481000.0,
        "Interest Income": 1625000.0,
        "Normalized Income": 77541000.0,
        "Net Income From Continuing And Discontinued Operation": 77541000.0,
        "Total Expenses": 1060201000.0,
        "Total Operating Income As Reported": 124704000.0,
        "Diluted Average Shares": 132395000.0,
        "Basic Average Shares": 131393000.0,
        "Diluted EPS": 0.59,
        "Basic EPS": 0.59,
        "Diluted NI Availto Com Stockholders": 77541000.0,
        "Net Income Common Stockholders": 77541000.0,
        "Otherunder Preferred Stock Dividend": NaN,
        "Net Income": 77541000.0,
        "Minority Interests": -5969000.0,
        "Net Income Including Noncontrolling Interests": 83510000.0,
        "Net Income Continuous Operations": 83510000.0,
        "Tax Provision": 22201000.0,
        "Pretax Income": 105711000.0,
        "Other Income Expense": 4420000.0,
        "Other Non Operating Income Expenses": -137000.0,
        "Special Income Charges": 0.0,
        "Gain On Sale Of Business": 0.0,
        "Earnings From Equity Interest": 4557000.0,
        "Net Non Operating Interest Income Expense": -18856000.0,
        "Interest Expense Non Operating": 20481000.0,
        "Interest Income Non Operating": 1625000.0,
        "Operating Income": 120147000.0,
        "Operating Expense": 251967000.0,
        "Selling General And Administration": 251967000.0,
        "Gross Profit": 372114000.0,
        "Cost Of Revenue": 808234000.0,
        "Total Revenue": 1180348000.0,
        "Operating Revenue": 1180348000.0
    },
    "2025-03-31": {
        "Tax Effect Of Unusual Items": 0.0,
        "Tax Rate For Calcs": 0.183,
        "Normalized EBITDA": 140777000.0,
        "Total Unusual Items": NaN,
        "Total Unusual Items Excluding Goodwill": NaN,
        "Net Income From Continuing Operation Net Minority Interest": 73905000.0,
        "Reconciled Depreciation": 24402000.0,
        "Reconciled Cost Of Revenue": 775209000.0,
        "EBITDA": 140777000.0,
        "EBIT": 116375000.0,
        "Net Interest Income": -17430000.0,
        "Interest Expense": 19175000.0,
        "Interest Income": 1745000.0,
        "Normalized Income": 73905000.0,
        "Net Income From Continuing And Discontinued Operation": 73905000.0,
        "Total Expenses": 1018386000.0,
        "Total Operating Income As Reported": 131889000.0,
        "Diluted Average Shares": 132670000.0,
        "Basic Average Shares": 131566000.0,
        "Diluted EPS": 0.56,
        "Basic EPS": 0.56,
        "Diluted NI Availto Com Stockholders": 73905000.0,
        "Net Income Common Stockholders": 73905000.0,
        "Otherunder Preferred Stock Dividend": 0.0,
        "Net Income": 73905000.0,
        "Minority Interests": -5552000.0,
        "Net Income Including Noncontrolling Interests": 79457000.0,
        "Net Income Continuous Operations": 79457000.0,
        "Tax Provision": 17743000.0,
        "Pretax Income": 97200000.0,
        "Other Income Expense": -11527000.0,
        "Other Non Operating Income Expenses": -17259000.0,
        "Special Income Charges": NaN,
        "Gain On Sale Of Business": NaN,
        "Earnings From Equity Interest": 5732000.0,
        "Net Non Operating Interest Income Expense": -17430000.0,
        "Interest Expense Non Operating": 19175000.0,
        "Interest Income Non Operating": 1745000.0,
        "Operating Income": 126157000.0,
        "Operating Expense": 243177000.0,
        "Selling General And Administration": 243177000.0,
        "Gross Profit": 369334000.0,
        "Cost Of Revenue": 775209000.0,
        "Total Revenue": 1144543000.0,
        "Operating Revenue": 1144543000.0
    },
    "2025-06-30": {
        "Tax Effect Of Unusual Items": 0.0,
        "Tax Rate For Calcs": 0.151,
        "Normalized EBITDA": 147995000.0,
        "Total Unusual Items": 0.0,
        "Total Unusual Items Excluding Goodwill": 0.0,
        "Net Income From Continuing Operation Net Minority Interest": 81754000.0,
        "Reconciled Depreciation": 23882000.0,
        "Reconciled Cost Of Revenue": 781510000.0,
        "EBITDA": 147995000.0,
        "EBIT": 124113000.0,
        "Net Interest Income": -17727000.0,
        "Interest Expense": 20253000.0,
        "Interest Income": 2526000.0,
        "Normalized Income": 81754000.0,
        "Net Income From Continuing And Discontinued Operation": 81754000.0,
        "Total Expenses": 1047418000.0,
        "Total Operating Income As Reported": 146590000.0,
        "Diluted Average Shares": 131599000.0,
        "Basic Average Shares": 130846000.0,
        "Diluted EPS": 0.62,
        "Basic EPS": 0.62,
        "Diluted NI Availto Com Stockholders": 81754000.0,
        "Net Income Common Stockholders": 81754000.0,
        "Otherunder Preferred Stock Dividend": NaN,
        "Net Income": 81754000.0,
        "Minority Interests": -6470000.0,
        "Net Income Including Noncontrolling Interests": 88224000.0,
        "Net Income Continuous Operations": 88224000.0,
        "Tax Provision": 15636000.0,
        "Pretax Income": 103860000.0,
        "Other Income Expense": -19087000.0,
        "Other Non Operating Income Expenses": -25003000.0,
        "Special Income Charges": 0.0,
        "Gain On Sale Of Business": 0.0,
        "Earnings From Equity Interest": 5916000.0,
        "Net Non Operating Interest Income Expense": -17727000.0,
        "Interest Expense Non Operating": 20253000.0,
        "Interest Income Non Operating": 2526000.0,
        "Operating Income": 140674000.0,
        "Operating Expense": 265908000.0,
        "Selling General And Administration": 265908000.0,
        "Gross Profit": 406582000.0,
        "Cost Of Revenue": 781510000.0,
        "Total Revenue": 1188092000.0,
        "Operating Revenue": 1188092000.0
    },
    "2025-09-30": {
        "Tax Effect Of Unusual Items": 0.0,
        "Tax Rate For Calcs": 0.295038,
        "Normalized EBITDA": 360694000.0,
        "Total Unusual Items": NaN,
        "Total Unusual Items Excluding Goodwill": NaN,
        "Net Income From Continuing Operation Net Minority Interest": 219582000.0,
        "Reconciled Depreciation": 24410000.0,
        "Reconciled Cost Of Revenue": 794148000.0,
        "EBITDA": 360694000.0,
        "EBIT": 336284000.0,
        "Net Interest Income": -17946000.0,
        "Interest Expense": 18738000.0,
        "Interest Income": 792000.0,
        "Normalized Income": 219582000.0,
        "Net Income From Continuing And Discontinued Operation": 219582000.0,
        "Total Expenses": 1099300000.0,
        "Total Operating Income As Reported": 79272000.0,
        "Diluted Average Shares": 131235000.0,
        "Basic Average Shares": 130315000.0,
        "Diluted EPS": 1.67,
        "Basic EPS": 1.69,
        "Diluted NI Availto Com Stockholders": 219582000.0,
        "Net Income Common Stockholders": 219582000.0,
        "Otherunder Preferred Stock Dividend": NaN,
        "Net Income": 219582000.0,
        "Minority Interests": -4276000.0,
        "Net Income Including Noncontrolling Interests": 223858000.0,
        "Net Income Continuous Operations": 223858000.0,
        "Tax Provision": 93688000.0,
        "Pretax Income": 317546000.0,
        "Other Income Expense": 260358000.0,
        "Other Non Operating Income Expenses": 256220000.0,
        "Special Income Charges": NaN,
        "Gain On Sale Of Business": NaN,
        "Earnings From Equity Interest": 4138000.0,
        "Net Non Operating Interest Income Expense": -17946000.0,
        "Interest Expense Non Operating": 18738000.0,
        "Interest Income Non Operating": 792000.0,
        "Operating Income": 75134000.0,
        "Operating Expense": 305152000.0,
        "Selling General And Administration": 305152000.0,
        "Gross Profit": 380286000.0,
        "Cost Of Revenue": 794148000.0,
        "Total Revenue": 1174434000.0,
        "Operating Revenue": 1174434000.0
    }
}