{
    "2023-03-31": {
        "Tax Effect Of Unusual Items": NaN,
        "Tax Rate For Calcs": NaN,
        "Normalized EBITDA": NaN,
        "Total Unusual Items": 0.0,
        "Total Unusual Items Excluding Goodwill": 0.0,
        "Net Income From Continuing Operation Net Minority Interest": NaN,
        "Reconciled Depreciation": NaN,
        "Reconciled Cost Of Revenue": NaN,
        "EBITDA": NaN,
        "EBIT": NaN,
        "Net Interest Income": NaN,
        "Interest Expense": NaN,
        "Normalized Income": NaN,
        "Net Income From Continuing And Discontinued Operation": NaN,
        "Total Expenses": NaN,
        "Total Operating Income As Reported": NaN,
        "Diluted Average Shares": NaN,
        "Basic Average Shares": NaN,
        "Diluted EPS": NaN,
        "Basic EPS": NaN,
        "Diluted NI Availto Com Stockholders": NaN,
        "Net Income Common Stockholders": NaN,
        "Net Income": NaN,
        "Net Income Including Noncontrolling Interests": NaN,
        "Net Income Continuous Operations": NaN,
        "Tax Provision": NaN,
        "Pretax Income": NaN,
        "Other Income Expense": 12000.0,
        "Other Non Operating Income Expenses": 12000.0,
        "Special Income Charges": 0.0,
        "Gain On Sale Of Ppe": 0.0,
        "Other Special Charges": NaN,
        "Restructuring And Mergern Acquisition": 0.0,
        "Net Non Operating Interest Income Expense": NaN,
        "Interest Expense Non Operating": NaN,
        "Operating Income": NaN,
        "Operating Expense": NaN,
        "Other Operating Expenses": NaN,
        "Selling General And Administration": NaN,
        "Gross Profit": NaN,
        "Cost Of Revenue": NaN,
        "Total Revenue": NaN,
        "Operating Revenue": NaN
    },
    "2022-12-31": {
        "Tax Effect Of Unusual Items": NaN,
        "Tax Rate For Calcs": NaN,
        "Normalized EBITDA": NaN,
        "Total Unusual Items": NaN,
        "Total Unusual Items Excluding Goodwill": NaN,
        "Net Income From Continuing Operation Net Minority Interest": NaN,
        "Reconciled Depreciation": NaN,
        "Reconciled Cost Of Revenue": NaN,
        "EBITDA": NaN,
        "EBIT": NaN,
        "Net Interest Income": NaN,
        "Interest Expense": NaN,
        "Normalized Income": NaN,
        "Net Income From Continuing And Discontinued Operation": NaN,
        "Total Expenses": NaN,
        "Total Operating Income As Reported": NaN,
        "Diluted Average Shares": NaN,
        "Basic Average Shares": NaN,
        "Diluted EPS": NaN,
        "Basic EPS": NaN,
        "Diluted NI Availto Com Stockholders": NaN,
        "Net Income Common Stockholders": NaN,
        "Net Income": NaN,
        "Net Income Including Noncontrolling Interests": NaN,
        "Net Income Continuous Operations": NaN,
        "Tax Provision": NaN,
        "Pretax Income": NaN,
        "Other Income Expense": 2789000.0,
        "Other Non Operating Income Expenses": 1000.0,
        "Special Income Charges": NaN,
        "Gain On Sale Of Ppe": 0.0,
        "Other Special Charges": -2788000.0,
        "Restructuring And Mergern Acquisition": 0.0,
        "Net Non Operating Interest Income Expense": NaN,
        "Interest Expense Non Operating": NaN,
        "Operating Income": NaN,
        "Operating Expense": NaN,
        "Other Operating Expenses": NaN,
        "Selling General And Administration": NaN,
        "Gross Profit": NaN,
        "Cost Of Revenue": NaN,
        "Total Revenue": NaN,
        "Operating Revenue": NaN
    },
    "2022-09-30": {
        "Tax Effect Of Unusual Items": NaN,
        "Tax Rate For Calcs": NaN,
        "Normalized EBITDA": NaN,
        "Total Unusual Items": NaN,
        "Total Unusual Items Excluding Goodwill": NaN,
        "Net Income From Continuing Operation Net Minority Interest": NaN,
        "Reconciled Depreciation": NaN,
        "Reconciled Cost Of Revenue": NaN,
        "EBITDA": NaN,
        "EBIT": NaN,
        "Net Interest Income": NaN,
        "Interest Expense": NaN,
        "Normalized Income": NaN,
        "Net Income From Continuing And Discontinued Operation": NaN,
        "Total Expenses": NaN,
        "Total Operating Income As Reported": NaN,
        "Diluted Average Shares": NaN,
        "Basic Average Shares": NaN,
        "Diluted EPS": NaN,
        "Basic EPS": NaN,
        "Diluted NI Availto Com Stockholders": NaN,
        "Net Income Common Stockholders": NaN,
        "Net Income": NaN,
        "Net Income Including Noncontrolling Interests": NaN,
        "Net Income Continuous Operations": NaN,
        "Tax Provision": NaN,
        "Pretax Income": NaN,
        "Other Income Expense": -2000.0,
        "Other Non Operating Income Expenses": -2000.0,
        "Special Income Charges": NaN,
        "Gain On Sale Of Ppe": 0.0,
        "Other Special Charges": NaN,
        "Restructuring And Mergern Acquisition": 0.0,
        "Net Non Operating Interest Income Expense": NaN,
        "Interest Expense Non Operating": NaN,
        "Operating Income": NaN,
        "Operating Expense": NaN,
        "Other Operating Expenses": 347000.0,
        "Selling General And Administration": NaN,
        "Gross Profit": NaN,
        "Cost Of Revenue": NaN,
        "Total Revenue": NaN,
        "Operating Revenue": NaN
    },
    "2022-06-30": {
        "Tax Effect Of Unusual Items": -6000.0,
        "Tax Rate For Calcs": 0.4,
        "Normalized EBITDA": 4774000.0,
        "Total Unusual Items": -15000.0,
        "Total Unusual Items Excluding Goodwill": -15000.0,
        "Net Income From Continuing Operation Net Minority Interest": -271000.0,
        "Reconciled Depreciation": 1188000.0,
        "Reconciled Cost Of Revenue": 106845000.0,
        "EBITDA": 4759000.0,
        "EBIT": 3571000.0,
        "Net Interest Income": -233000.0,
        "Interest Expense": 233000.0,
        "Normalized Income": -262000.0,
        "Net Income From Continuing And Discontinued Operation": -271000.0,
        "Total Expenses": 120936000.0,
        "Total Operating Income As Reported": 3566000.0,
        "Diluted Average Shares": 5486000.0,
        "Basic Average Shares": 5471000.0,
        "Diluted EPS": -0.05,
        "Basic EPS": -0.05,
        "Diluted NI Availto Com Stockholders": -271000.0,
        "Net Income Common Stockholders": -271000.0,
        "Net Income": -271000.0,
        "Net Income Including Noncontrolling Interests": -271000.0,
        "Net Income Continuous Operations": -271000.0,
        "Tax Provision": 3609000.0,
        "Pretax Income": 3338000.0,
        "Other Income Expense": -10000.0,
        "Other Non Operating Income Expenses": 5000.0,
        "Special Income Charges": -15000.0,
        "Gain On Sale Of Ppe": 0.0,
        "Other Special Charges": NaN,
        "Restructuring And Mergern Acquisition": 15000.0,
        "Net Non Operating Interest Income Expense": -233000.0,
        "Interest Expense Non Operating": 233000.0,
        "Operating Income": 3581000.0,
        "Operating Expense": 14091000.0,
        "Other Operating Expenses": NaN,
        "Selling General And Administration": 14091000.0,
        "Gross Profit": 17672000.0,
        "Cost Of Revenue": 106845000.0,
        "Total Revenue": 124517000.0,
        "Operating Revenue": 124517000.0
    },
    "2022-03-31": {
        "Diluted EPS": 0.82,
        "Total Revenue": 140,
        "Gross Profit": 22,
        "Operating Income": 6,
        "EBIT": 7,
        "Net Income": 5
    },
    "2021-12-31": {
        "Diluted EPS": -1.13,
        "Total Revenue": 142,
        "Gross Profit": 10,
        "Operating Income": -9,
        "EBIT": -7,
        "Net Income": -8
    },
    "2021-09-30": {
        "Diluted EPS": 0.61,
        "Total Revenue": 138,
        "Gross Profit": 23,
        "Operating Income": 6,
        "EBIT": 7,
        "Net Income": 4
    },
    "2021-06-30": {
        "Diluted EPS": 0.8,
        "Total Revenue": 136,
        "Gross Profit": 26,
        "Operating Income": 7,
        "EBIT": 8,
        "Net Income": 6
    },
    "2021-03-31": {
        "Diluted EPS": 0.67,
        "Total Revenue": 118,
        "Gross Profit": 23,
        "Operating Income": 6,
        "EBIT": 8,
        "Net Income": 5
    },
    "2020-12-31": {
        "Diluted EPS": 1.13,
        "Total Revenue": 119,
        "Gross Profit": 24,
        "Operating Income": 10,
        "EBIT": 11,
        "Net Income": 8
    },
    "2020-09-30": {
        "Diluted EPS": 0.49,
        "Total Revenue": 105,
        "Gross Profit": 23,
        "Operating Income": 8,
        "EBIT": 9,
        "Net Income": 4
    },
    "2020-06-30": {
        "Diluted EPS": -3.2,
        "Total Revenue": 65,
        "Gross Profit": 6,
        "Operating Income": -32,
        "EBIT": -30,
        "Net Income": -26
    },
    "2020-03-31": {
        "Diluted EPS": -0.66,
        "Total Revenue": 99,
        "Gross Profit": 14,
        "Operating Income": -8,
        "EBIT": -7,
        "Net Income": -5
    },
    "2019-12-31": {
        "Diluted EPS": -0.68,
        "Total Revenue": 103,
        "Gross Profit": 16,
        "Operating Income": -7,
        "EBIT": -5,
        "Net Income": -5
    },
    "2019-09-30": {
        "Diluted EPS": 1.17,
        "Total Revenue": 100,
        "Gross Profit": 17,
        "Operating Income": 13,
        "EBIT": 15,
        "Net Income": 10
    },
    "2019-06-30": {
        "Diluted EPS": -2.52,
        "Total Revenue": 100,
        "Gross Profit": 5,
        "Operating Income": -27,
        "EBIT": -25,
        "Net Income": -20
    },
    "2019-03-31": {
        "Diluted EPS": -1.97,
        "Total Revenue": 112,
        "Gross Profit": 21,
        "Operating Income": -20,
        "EBIT": -18,
        "Net Income": -16
    },
    "2018-12-31": {
        "Diluted EPS": 0.2,
        "Total Revenue": 118,
        "Gross Profit": 21,
        "Operating Income": 2,
        "EBIT": 4,
        "Net Income": 2
    },
    "2018-09-30": {
        "Diluted EPS": 0.16,
        "Total Revenue": 113,
        "Gross Profit": 22,
        "Operating Income": 2,
        "EBIT": 3,
        "Net Income": 1
    },
    "2018-06-30": {
        "Diluted EPS": 0.28,
        "Total Revenue": 113,
        "Gross Profit": 17,
        "Operating Income": 3,
        "EBIT": 5,
        "Net Income": 2
    },
    "2018-03-31": {
        "Diluted EPS": 0.39,
        "Total Revenue": 127,
        "Gross Profit": 28,
        "Operating Income": 4,
        "EBIT": 6,
        "Net Income": 3
    },
    "2017-12-31": {
        "Diluted EPS": 0.78,
        "Total Revenue": 129,
        "Gross Profit": 27,
        "Operating Income": 8,
        "EBIT": 10,
        "Net Income": 6
    },
    "2017-09-30": {
        "Diluted EPS": 0.78,
        "Total Revenue": 120,
        "Gross Profit": 26,
        "Operating Income": 10,
        "EBIT": 12,
        "Net Income": 6
    },
    "2017-06-30": {
        "Diluted EPS": 0.77,
        "Total Revenue": 117,
        "Gross Profit": 27,
        "Operating Income": 9,
        "EBIT": 11,
        "Net Income": 6
    },
    "2017-03-31": {
        "Diluted EPS": 0.96,
        "Total Revenue": 121,
        "Gross Profit": 28,
        "Operating Income": 12,
        "EBIT": 14,
        "Net Income": 8
    },
    "2016-12-31": {
        "Diluted EPS": 0.68,
        "Total Revenue": 119,
        "Gross Profit": 27,
        "Operating Income": 8,
        "EBIT": 10,
        "Net Income": 5
    },
    "2016-09-30": {
        "Diluted EPS": 0.61,
        "Total Revenue": 112,
        "Gross Profit": 27,
        "Operating Income": 8,
        "EBIT": 10,
        "Net Income": 5
    },
    "2016-06-30": {
        "Diluted EPS": 0.8,
        "Total Revenue": 123,
        "Gross Profit": 29,
        "Operating Income": 9,
        "EBIT": 11,
        "Net Income": 6
    },
    "2016-03-31": {
        "Diluted EPS": 0.89,
        "Total Revenue": 125,
        "Gross Profit": 29,
        "Operating Income": 11,
        "EBIT": 13,
        "Net Income": 7
    },
    "2015-12-31": {
        "Diluted EPS": 0.69,
        "Total Revenue": 125,
        "Gross Profit": 28,
        "Operating Income": 8,
        "EBIT": 10,
        "Net Income": 5
    },
    "2015-09-30": {
        "Diluted EPS": 0.74,
        "Total Revenue": 127,
        "Gross Profit": 28,
        "Operating Income": 9,
        "EBIT": 11,
        "Net Income": 6
    },
    "2015-06-30": {
        "Diluted EPS": 0.74,
        "Total Revenue": 121,
        "Gross Profit": 28,
        "Operating Income": 9,
        "EBIT": 10,
        "Net Income": 6
    },
    "2015-03-31": {
        "Diluted EPS": 0.9,
        "Total Revenue": 123,
        "Gross Profit": 30,
        "Operating Income": 11,
        "EBIT": 12,
        "Net Income": 7
    },
    "2014-12-31": {
        "Diluted EPS": 0.61,
        "Total Revenue": 114,
        "Gross Profit": 27,
        "Operating Income": 8,
        "EBIT": 9,
        "Net Income": 5
    },
    "2014-09-30": {
        "Diluted EPS": 0.64,
        "Total Revenue": 109,
        "Gross Profit": 26,
        "Operating Income": 7,
        "EBIT": 8,
        "Net Income": 5
    },
    "2014-06-30": {
        "Diluted EPS": 0.75,
        "Total Revenue": 111,
        "Gross Profit": 26,
        "Operating Income": 9,
        "EBIT": 10,
        "Net Income": 6
    },
    "2014-03-31": {
        "Diluted EPS": 0.58,
        "Total Revenue": 111,
        "Gross Profit": 25,
        "Operating Income": 7,
        "EBIT": 8,
        "Net Income": 4
    },
    "2013-12-31": {
        "Diluted EPS": 0.16,
        "Total Revenue": 113,
        "Gross Profit": 26,
        "Operating Income": 1,
        "EBIT": 2,
        "Net Income": 1
    },
    "2013-09-30": {
        "Diluted EPS": 0.51,
        "Total Revenue": 104,
        "Gross Profit": 24,
        "Operating Income": 5,
        "EBIT": 6,
        "Net Income": 4
    },
    "2013-06-30": {
        "Diluted EPS": 0.58,
        "Total Revenue": 102,
        "Gross Profit": 24,
        "Operating Income": 6,
        "EBIT": 7,
        "Net Income": 4
    },
    "2013-03-31": {
        "Diluted EPS": 0.42,
        "Total Revenue": 98,
        "Gross Profit": 23,
        "Operating Income": 5,
        "EBIT": 6,
        "Net Income": 3
    },
    "2012-12-31": {
        "Diluted EPS": 0.4,
        "Total Revenue": 95,
        "Gross Profit": 23,
        "Operating Income": 5,
        "EBIT": 6,
        "Net Income": 3
    },
    "2012-09-30": {
        "Diluted EPS": 0.4,
        "Total Revenue": 91,
        "Gross Profit": 21,
        "Operating Income": 4,
        "EBIT": 5,
        "Net Income": 3
    },
    "2012-06-30": {
        "Diluted EPS": 0.62,
        "Total Revenue": 94,
        "Gross Profit": 24,
        "Operating Income": 7,
        "EBIT": 8,
        "Net Income": 4
    },
    "2012-03-31": {
        "Diluted EPS": 0.48,
        "Total Revenue": 92,
        "Gross Profit": 22,
        "Operating Income": 5,
        "EBIT": 6,
        "Net Income": 3
    },
    "2011-12-31": {
        "Diluted EPS": 0.42,
        "Total Revenue": 85,
        "Gross Profit": 20,
        "Operating Income": 5,
        "EBIT": 5,
        "Net Income": 3
    },
    "2011-09-30": {
        "Diluted EPS": 0.34,
        "Total Revenue": 82,
        "Gross Profit": 19,
        "Operating Income": 4,
        "EBIT": 4,
        "Net Income": 2
    },
    "2011-06-30": {
        "Diluted EPS": 0.5,
        "Total Revenue": 84,
        "Gross Profit": 21,
        "Operating Income": 5,
        "EBIT": 6,
        "Net Income": 3
    },
    "2011-03-31": {
        "Diluted EPS": 0.35,
        "Total Revenue": 85,
        "Gross Profit": 18,
        "Operating Income": 4,
        "EBIT": 4,
        "Net Income": 2
    },
    "2010-12-31": {
        "Diluted EPS": 0.31,
        "Total Revenue": 83,
        "Gross Profit": 19,
        "Operating Income": 3,
        "EBIT": 4,
        "Net Income": 2
    },
    "2010-09-30": {
        "Diluted EPS": 0.34,
        "Total Revenue": 87,
        "Gross Profit": 20,
        "Operating Income": 4,
        "EBIT": 4,
        "Net Income": 2
    },
    "2010-06-30": {
        "Diluted EPS": 0.61,
        "Total Revenue": 86,
        "Gross Profit": 20,
        "Operating Income": 6,
        "EBIT": 7,
        "Net Income": 4
    },
    "2010-03-31": {
        "Diluted EPS": 0.34,
        "Total Revenue": 81,
        "Gross Profit": 18,
        "Operating Income": 4,
        "EBIT": 5,
        "Net Income": 2
    },
    "2009-12-31": {
        "Diluted EPS": 0.45,
        "Total Revenue": 84,
        "Gross Profit": 20,
        "Operating Income": 5,
        "EBIT": 6,
        "Net Income": 3
    },
    "2009-09-30": {
        "Diluted EPS": 0.21,
        "Total Revenue": 76,
        "Gross Profit": 17,
        "Operating Income": 2,
        "EBIT": 3,
        "Net Income": 1
    },
    "2009-06-30": {
        "Diluted EPS": 0.12,
        "Total Revenue": 75,
        "Gross Profit": 16,
        "Operating Income": 1,
        "EBIT": 2,
        "Net Income": 1
    },
    "2009-03-31": {
        "Diluted EPS": -0.28,
        "Total Revenue": 74,
        "Gross Profit": 12,
        "Operating Income": -3,
        "EBIT": -2,
        "Net Income": -2
    },
    "2023-06-30": {
        "Tax Effect Of Unusual Items": NaN,
        "Tax Rate For Calcs": NaN,
        "Normalized EBITDA": NaN,
        "Total Unusual Items": 0.0,
        "Total Unusual Items Excluding Goodwill": 0.0,
        "Net Income From Continuing Operation Net Minority Interest": NaN,
        "Reconciled Depreciation": NaN,
        "Reconciled Cost Of Revenue": NaN,
        "EBITDA": NaN,
        "EBIT": NaN,
        "Net Interest Income": NaN,
        "Interest Expense": NaN,
        "Interest Income": NaN,
        "Normalized Income": NaN,
        "Net Income From Continuing And Discontinued Operation": NaN,
        "Total Expenses": NaN,
        "Total Operating Income As Reported": NaN,
        "Diluted Average Shares": NaN,
        "Basic Average Shares": NaN,
        "Diluted EPS": NaN,
        "Basic EPS": NaN,
        "Diluted NI Availto Com Stockholders": NaN,
        "Net Income Common Stockholders": NaN,
        "Net Income": NaN,
        "Net Income Including Noncontrolling Interests": NaN,
        "Net Income Continuous Operations": NaN,
        "Tax Provision": NaN,
        "Pretax Income": NaN,
        "Other Income Expense": 7000.0,
        "Other Non Operating Income Expenses": 7000.0,
        "Special Income Charges": 0.0,
        "Gain On Sale Of Ppe": 0.0,
        "Other Special Charges": 0.0,
        "Restructuring And Mergern Acquisition": 0.0,
        "Net Non Operating Interest Income Expense": NaN,
        "Interest Expense Non Operating": NaN,
        "Interest Income Non Operating": NaN,
        "Operating Income": NaN,
        "Operating Expense": NaN,
        "Other Operating Expenses": 0.0,
        "Selling General And Administration": NaN,
        "Gross Profit": NaN,
        "Cost Of Revenue": NaN,
        "Total Revenue": NaN,
        "Operating Revenue": NaN
    },
    "2023-09-30": {
        "Tax Effect Of Unusual Items": 0.0,
        "Tax Rate For Calcs": 0.21,
        "Normalized EBITDA": 2858000.0,
        "Total Unusual Items": NaN,
        "Total Unusual Items Excluding Goodwill": NaN,
        "Net Income From Continuing Operation Net Minority Interest": 752000.0,
        "Reconciled Depreciation": 940000.0,
        "Reconciled Cost Of Revenue": 76193000.0,
        "EBITDA": 2858000.0,
        "EBIT": 1918000.0,
        "Net Interest Income": -570000.0,
        "Interest Expense": 570000.0,
        "Normalized Income": 752000.0,
        "Net Income From Continuing And Discontinued Operation": 752000.0,
        "Total Expenses": 92685000.0,
        "Total Operating Income As Reported": 1918000.0,
        "Diluted Average Shares": 5375000.0,
        "Basic Average Shares": 5182000.0,
        "Diluted EPS": 0.14,
        "Basic EPS": 0.15,
        "Diluted NI Availto Com Stockholders": 752000.0,
        "Net Income Common Stockholders": 752000.0,
        "Net Income": 752000.0,
        "Net Income Including Noncontrolling Interests": 752000.0,
        "Net Income Continuous Operations": 752000.0,
        "Tax Provision": 596000.0,
        "Pretax Income": 1348000.0,
        "Other Income Expense": NaN,
        "Other Non Operating Income Expenses": NaN,
        "Special Income Charges": NaN,
        "Gain On Sale Of Ppe": NaN,
        "Other Special Charges": NaN,
        "Restructuring And Mergern Acquisition": NaN,
        "Net Non Operating Interest Income Expense": -570000.0,
        "Interest Expense Non Operating": 570000.0,
        "Operating Income": 1918000.0,
        "Operating Expense": 16492000.0,
        "Other Operating Expenses": NaN,
        "Selling General And Administration": 16492000.0,
        "Gross Profit": 18410000.0,
        "Cost Of Revenue": 76193000.0,
        "Total Revenue": 94603000.0,
        "Operating Revenue": 94603000.0
    },
    "2023-12-31": {
        "Tax Effect Of Unusual Items": NaN,
        "Tax Rate For Calcs": NaN,
        "Normalized EBITDA": NaN,
        "Total Unusual Items": NaN,
        "Total Unusual Items Excluding Goodwill": NaN,
        "Net Income From Continuing Operation Net Minority Interest": NaN,
        "Reconciled Depreciation": NaN,
        "Reconciled Cost Of Revenue": NaN,
        "EBITDA": NaN,
        "EBIT": NaN,
        "Net Interest Income": NaN,
        "Interest Expense": NaN,
        "Interest Income": 0.0,
        "Normalized Income": NaN,
        "Net Income From Continuing And Discontinued Operation": NaN,
        "Total Expenses": NaN,
        "Total Operating Income As Reported": NaN,
        "Diluted Average Shares": NaN,
        "Basic Average Shares": NaN,
        "Diluted EPS": NaN,
        "Basic EPS": NaN,
        "Diluted NI Availto Com Stockholders": NaN,
        "Net Income Common Stockholders": NaN,
        "Net Income": NaN,
        "Net Income Including Noncontrolling Interests": NaN,
        "Net Income Continuous Operations": NaN,
        "Tax Provision": NaN,
        "Pretax Income": NaN,
        "Other Income Expense": NaN,
        "Other Non Operating Income Expenses": NaN,
        "Special Income Charges": NaN,
        "Gain On Sale Of Ppe": 0.0,
        "Impairment Of Capital Assets": NaN,
        "Restructuring And Mergern Acquisition": NaN,
        "Gain On Sale Of Security": NaN,
        "Net Non Operating Interest Income Expense": NaN,
        "Interest Expense Non Operating": NaN,
        "Interest Income Non Operating": 0.0,
        "Operating Income": NaN,
        "Operating Expense": NaN,
        "Selling General And Administration": NaN,
        "Gross Profit": NaN,
        "Cost Of Revenue": NaN,
        "Total Revenue": NaN,
        "Operating Revenue": NaN
    },
    "2024-03-31": {
        "Tax Effect Of Unusual Items": NaN,
        "Tax Rate For Calcs": NaN,
        "Normalized EBITDA": NaN,
        "Total Unusual Items": -2627000.0,
        "Total Unusual Items Excluding Goodwill": -2627000.0,
        "Net Income From Continuing Operation Net Minority Interest": NaN,
        "Reconciled Depreciation": NaN,
        "Reconciled Cost Of Revenue": NaN,
        "EBITDA": NaN,
        "EBIT": NaN,
        "Net Interest Income": NaN,
        "Interest Expense": NaN,
        "Interest Income": NaN,
        "Normalized Income": NaN,
        "Net Income From Continuing And Discontinued Operation": NaN,
        "Total Expenses": NaN,
        "Total Operating Income As Reported": NaN,
        "Diluted Average Shares": NaN,
        "Basic Average Shares": NaN,
        "Diluted EPS": NaN,
        "Basic EPS": NaN,
        "Diluted NI Availto Com Stockholders": NaN,
        "Net Income Common Stockholders": NaN,
        "Net Income": NaN,
        "Net Income Including Noncontrolling Interests": NaN,
        "Net Income Continuous Operations": NaN,
        "Tax Provision": NaN,
        "Pretax Income": NaN,
        "Other Income Expense": -2613000.0,
        "Other Non Operating Income Expenses": 14000.0,
        "Special Income Charges": -2627000.0,
        "Gain On Sale Of Ppe": 0.0,
        "Impairment Of Capital Assets": 0.0,
        "Restructuring And Mergern Acquisition": 2627000.0,
        "Gain On Sale Of Security": NaN,
        "Net Non Operating Interest Income Expense": NaN,
        "Interest Expense Non Operating": NaN,
        "Interest Income Non Operating": NaN,
        "Operating Income": NaN,
        "Operating Expense": NaN,
        "Selling General And Administration": NaN,
        "Gross Profit": NaN,
        "Cost Of Revenue": NaN,
        "Total Revenue": NaN,
        "Operating Revenue": NaN
    },
    "2024-06-30": {
        "Tax Effect Of Unusual Items": NaN,
        "Tax Rate For Calcs": NaN,
        "Normalized EBITDA": NaN,
        "Total Unusual Items": 2907000.0,
        "Total Unusual Items Excluding Goodwill": 2907000.0,
        "Net Income From Continuing Operation Net Minority Interest": NaN,
        "Reconciled Depreciation": NaN,
        "Reconciled Cost Of Revenue": NaN,
        "EBITDA": NaN,
        "EBIT": NaN,
        "Net Interest Income": NaN,
        "Interest Expense": NaN,
        "Interest Income": NaN,
        "Normalized Income": NaN,
        "Net Income From Continuing And Discontinued Operation": NaN,
        "Total Expenses": NaN,
        "Total Operating Income As Reported": NaN,
        "Diluted Average Shares": NaN,
        "Basic Average Shares": NaN,
        "Diluted EPS": NaN,
        "Basic EPS": NaN,
        "Diluted NI Availto Com Stockholders": NaN,
        "Net Income Common Stockholders": NaN,
        "Net Income": NaN,
        "Net Income Including Noncontrolling Interests": NaN,
        "Net Income Continuous Operations": NaN,
        "Tax Provision": NaN,
        "Pretax Income": NaN,
        "Other Income Expense": 2913000.0,
        "Other Non Operating Income Expenses": 6000.0,
        "Special Income Charges": 2907000.0,
        "Gain On Sale Of Ppe": NaN,
        "Impairment Of Capital Assets": NaN,
        "Restructuring And Mergern Acquisition": 355000.0,
        "Gain On Sale Of Security": NaN,
        "Net Non Operating Interest Income Expense": NaN,
        "Interest Expense Non Operating": NaN,
        "Interest Income Non Operating": NaN,
        "Operating Income": NaN,
        "Operating Expense": NaN,
        "Selling General And Administration": NaN,
        "Gross Profit": NaN,
        "Cost Of Revenue": NaN,
        "Total Revenue": NaN,
        "Operating Revenue": NaN
    },
    "2024-09-30": {
        "Tax Effect Of Unusual Items": 0.0,
        "Tax Rate For Calcs": 0.31,
        "Normalized EBITDA": 6976000.0,
        "Total Unusual Items": NaN,
        "Total Unusual Items Excluding Goodwill": NaN,
        "Net Income From Continuing Operation Net Minority Interest": 4140000.0,
        "Reconciled Depreciation": 929000.0,
        "Reconciled Cost Of Revenue": 81639000.0,
        "EBITDA": 6976000.0,
        "EBIT": 6047000.0,
        "Net Interest Income": -51000.0,
        "Interest Expense": 51000.0,
        "Interest Income": NaN,
        "Normalized Income": 4140000.0,
        "Net Income From Continuing And Discontinued Operation": 4140000.0,
        "Total Expenses": 97959000.0,
        "Total Operating Income As Reported": 6047000.0,
        "Diluted Average Shares": NaN,
        "Basic Average Shares": NaN,
        "Diluted EPS": NaN,
        "Basic EPS": NaN,
        "Diluted NI Availto Com Stockholders": 4140000.0,
        "Net Income Common Stockholders": 4140000.0,
        "Net Income": 4140000.0,
        "Net Income Including Noncontrolling Interests": 4140000.0,
        "Net Income Continuous Operations": 4140000.0,
        "Tax Provision": 1856000.0,
        "Pretax Income": 5996000.0,
        "Other Income Expense": NaN,
        "Other Non Operating Income Expenses": NaN,
        "Special Income Charges": NaN,
        "Gain On Sale Of Ppe": NaN,
        "Impairment Of Capital Assets": NaN,
        "Restructuring And Mergern Acquisition": NaN,
        "Gain On Sale Of Security": NaN,
        "Net Non Operating Interest Income Expense": -51000.0,
        "Interest Expense Non Operating": 51000.0,
        "Interest Income Non Operating": NaN,
        "Operating Income": 6047000.0,
        "Operating Expense": 16320000.0,
        "Selling General And Administration": 16320000.0,
        "Gross Profit": 22367000.0,
        "Cost Of Revenue": 81639000.0,
        "Total Revenue": 104007000.0,
        "Operating Revenue": 104007000.0
    },
    "2024-12-31": {
        "Tax Effect Of Unusual Items": 1117477.455855,
        "Tax Rate For Calcs": 0.223899,
        "Normalized EBITDA": 7618000.0,
        "Total Unusual Items": 4991000.0,
        "Total Unusual Items Excluding Goodwill": 4991000.0,
        "Net Income From Continuing Operation Net Minority Interest": 9054000.0,
        "Reconciled Depreciation": 924000.0,
        "Reconciled Cost Of Revenue": 85678000.0,
        "EBITDA": 12609000.0,
        "EBIT": 11685000.0,
        "Net Interest Income": 12000.0,
        "Interest Expense": 19000.0,
        "Interest Income": 31000.0,
        "Normalized Income": 5180477.455855,
        "Net Income From Continuing And Discontinued Operation": 9054000.0,
        "Total Expenses": 101820000.0,
        "Total Operating Income As Reported": 11654000.0,
        "Diluted Average Shares": 5582000.0,
        "Basic Average Shares": 5247000.0,
        "Diluted EPS": 1.62,
        "Basic EPS": 1.73,
        "Diluted NI Availto Com Stockholders": 9054000.0,
        "Net Income Common Stockholders": 9054000.0,
        "Net Income": 9054000.0,
        "Net Income Including Noncontrolling Interests": 9054000.0,
        "Net Income Continuous Operations": 9054000.0,
        "Tax Provision": 2612000.0,
        "Pretax Income": 11666000.0,
        "Other Income Expense": 4991000.0,
        "Other Non Operating Income Expenses": NaN,
        "Special Income Charges": 4991000.0,
        "Gain On Sale Of Ppe": 4991000.0,
        "Impairment Of Capital Assets": NaN,
        "Restructuring And Mergern Acquisition": NaN,
        "Gain On Sale Of Security": NaN,
        "Net Non Operating Interest Income Expense": 12000.0,
        "Interest Expense Non Operating": 19000.0,
        "Interest Income Non Operating": 31000.0,
        "Operating Income": 6663000.0,
        "Operating Expense": 16142000.0,
        "Selling General And Administration": 16142000.0,
        "Gross Profit": 22805000.0,
        "Cost Of Revenue": 85678000.0,
        "Total Revenue": 108483000.0,
        "Operating Revenue": 108483000.0
    },
    "2025-03-31": {
        "Tax Effect Of Unusual Items": -3264870.0,
        "Tax Rate For Calcs": 0.245,
        "Normalized EBITDA": 9292000.0,
        "Total Unusual Items": -13326000.0,
        "Total Unusual Items Excluding Goodwill": -13326000.0,
        "Net Income From Continuing Operation Net Minority Interest": -3742000.0,
        "Reconciled Depreciation": 924000.0,
        "Reconciled Cost Of Revenue": 88636000.0,
        "EBITDA": -4034000.0,
        "EBIT": -4958000.0,
        "Net Interest Income": 0.0,
        "Interest Expense": 0.0,
        "Interest Income": NaN,
        "Normalized Income": 6319130.0,
        "Net Income From Continuing And Discontinued Operation": -3742000.0,
        "Total Expenses": 105706000.0,
        "Total Operating Income As Reported": -5060000.0,
        "Diluted Average Shares": 5271000.0,
        "Basic Average Shares": 5271000.0,
        "Diluted EPS": -0.71,
        "Basic EPS": -0.71,
        "Diluted NI Availto Com Stockholders": -3742000.0,
        "Net Income Common Stockholders": -3742000.0,
        "Net Income": -3742000.0,
        "Net Income Including Noncontrolling Interests": -3742000.0,
        "Net Income Continuous Operations": -3742000.0,
        "Tax Provision": -1216000.0,
        "Pretax Income": -4958000.0,
        "Other Income Expense": -13224000.0,
        "Other Non Operating Income Expenses": 102000.0,
        "Special Income Charges": -13326000.0,
        "Gain On Sale Of Ppe": 753000.0,
        "Impairment Of Capital Assets": 14079000.0,
        "Restructuring And Mergern Acquisition": 0.0,
        "Gain On Sale Of Security": 753000.0,
        "Net Non Operating Interest Income Expense": 0.0,
        "Interest Expense Non Operating": 0.0,
        "Interest Income Non Operating": NaN,
        "Operating Income": 8266000.0,
        "Operating Expense": 17070000.0,
        "Selling General And Administration": 17070000.0,
        "Gross Profit": 25336000.0,
        "Cost Of Revenue": 88636000.0,
        "Total Revenue": 113972000.0,
        "Operating Revenue": 113972000.0
    },
    "2025-06-30": {
        "Tax Effect Of Unusual Items": 924072.360118,
        "Tax Rate For Calcs": 0.249614,
        "Normalized EBITDA": 11437000.0,
        "Total Unusual Items": 3702000.0,
        "Total Unusual Items Excluding Goodwill": 3702000.0,
        "Net Income From Continuing Operation Net Minority Interest": 10702000.0,
        "Reconciled Depreciation": 877000.0,
        "Reconciled Cost Of Revenue": 87175000.0,
        "EBITDA": 15139000.0,
        "EBIT": 14262000.0,
        "Net Interest Income": 421000.0,
        "Interest Expense": 0.0,
        "Interest Income": NaN,
        "Normalized Income": 7924072.360118,
        "Net Income From Continuing And Discontinued Operation": 10702000.0,
        "Total Expenses": 104339000.0,
        "Total Operating Income As Reported": 13974000.0,
        "Diluted Average Shares": 5677000.0,
        "Basic Average Shares": 5276000.0,
        "Diluted EPS": 1.89,
        "Basic EPS": 2.03,
        "Diluted NI Availto Com Stockholders": 10702000.0,
        "Net Income Common Stockholders": 10702000.0,
        "Net Income": 10702000.0,
        "Net Income Including Noncontrolling Interests": 10702000.0,
        "Net Income Continuous Operations": 10702000.0,
        "Tax Provision": 3560000.0,
        "Pretax Income": 14262000.0,
        "Other Income Expense": 3569000.0,
        "Other Non Operating Income Expenses": NaN,
        "Special Income Charges": 3702000.0,
        "Gain On Sale Of Ppe": 3702000.0,
        "Impairment Of Capital Assets": 0.0,
        "Restructuring And Mergern Acquisition": 0.0,
        "Gain On Sale Of Security": NaN,
        "Net Non Operating Interest Income Expense": 421000.0,
        "Interest Expense Non Operating": 0.0,
        "Interest Income Non Operating": NaN,
        "Operating Income": 10272000.0,
        "Operating Expense": 17164000.0,
        "Selling General And Administration": 17164000.0,
        "Gross Profit": 27436000.0,
        "Cost Of Revenue": 87175000.0,
        "Total Revenue": 114611000.0,
        "Operating Revenue": 114611000.0
    },
    "2025-09-30": {
        "Tax Effect Of Unusual Items": 0.0,
        "Tax Rate For Calcs": 0.219,
        "Normalized EBITDA": 10214000.0,
        "Total Unusual Items": NaN,
        "Total Unusual Items Excluding Goodwill": NaN,
        "Net Income From Continuing Operation Net Minority Interest": 7327000.0,
        "Reconciled Depreciation": 836000.0,
        "Reconciled Cost Of Revenue": 84493000.0,
        "EBITDA": 10214000.0,
        "EBIT": 9378000.0,
        "Net Interest Income": 391000.0,
        "Interest Expense": 0.0,
        "Interest Income": 391000.0,
        "Normalized Income": 7327000.0,
        "Net Income From Continuing And Discontinued Operation": 7327000.0,
        "Total Expenses": 101452000.0,
        "Total Operating Income As Reported": 8987000.0,
        "Diluted Average Shares": 5598000.0,
        "Basic Average Shares": 5307000.0,
        "Diluted EPS": 1.31,
        "Basic EPS": 1.38,
        "Diluted NI Availto Com Stockholders": 7327000.0,
        "Net Income Common Stockholders": 7327000.0,
        "Net Income": 7327000.0,
        "Net Income Including Noncontrolling Interests": 7327000.0,
        "Net Income Continuous Operations": 7327000.0,
        "Tax Provision": 2051000.0,
        "Pretax Income": 9378000.0,
        "Other Income Expense": NaN,
        "Other Non Operating Income Expenses": NaN,
        "Special Income Charges": NaN,
        "Gain On Sale Of Ppe": NaN,
        "Impairment Of Capital Assets": NaN,
        "Restructuring And Mergern Acquisition": NaN,
        "Gain On Sale Of Security": NaN,
        "Net Non Operating Interest Income Expense": 391000.0,
        "Interest Expense Non Operating": 0.0,
        "Interest Income Non Operating": 391000.0,
        "Operating Income": 8987000.0,
        "Operating Expense": 16959000.0,
        "Selling General And Administration": 16959000.0,
        "Gross Profit": 25946000.0,
        "Cost Of Revenue": 84493000.0,
        "Total Revenue": 110439000.0,
        "Operating Revenue": 110439000.0
    },
    "2025-12-31": {
        "Tax Effect Of Unusual Items": 0.0,
        "Tax Rate For Calcs": 0.289412,
        "Normalized EBITDA": 10214000.0,
        "Total Unusual Items": 0.0,
        "Total Unusual Items Excluding Goodwill": 0.0,
        "Net Income From Continuing Operation Net Minority Interest": 6644000.0,
        "Reconciled Depreciation": 864000.0,
        "Reconciled Cost Of Revenue": 91425000.0,
        "EBITDA": 10214000.0,
        "EBIT": 9350000.0,
        "Net Interest Income": 353000.0,
        "Interest Expense": 0.0,
        "Interest Income": 353000.0,
        "Normalized Income": 6644000.0,
        "Net Income From Continuing And Discontinued Operation": 6644000.0,
        "Total Expenses": 109252000.0,
        "Total Operating Income As Reported": 8997000.0,
        "Diluted Average Shares": 5633000.0,
        "Basic Average Shares": 5342000.0,
        "Diluted EPS": 1.18,
        "Basic EPS": 1.24,
        "Diluted NI Availto Com Stockholders": 6644000.0,
        "Net Income Common Stockholders": 6644000.0,
        "Net Income": 6644000.0,
        "Net Income Including Noncontrolling Interests": 6644000.0,
        "Net Income Continuous Operations": 6644000.0,
        "Tax Provision": 2706000.0,
        "Pretax Income": 9350000.0,
        "Other Income Expense": NaN,
        "Other Non Operating Income Expenses": NaN,
        "Special Income Charges": 0.0,
        "Gain On Sale Of Ppe": 0.0,
        "Impairment Of Capital Assets": NaN,
        "Restructuring And Mergern Acquisition": NaN,
        "Gain On Sale Of Security": NaN,
        "Net Non Operating Interest Income Expense": 353000.0,
        "Interest Expense Non Operating": 0.0,
        "Interest Income Non Operating": 353000.0,
        "Operating Income": 8997000.0,
        "Operating Expense": 17827000.0,
        "Selling General And Administration": 17827000.0,
        "Gross Profit": 26824000.0,
        "Cost Of Revenue": 91425000.0,
        "Total Revenue": 118249000.0,
        "Operating Revenue": 118249000.0
    }
}