{
    "2023-03-31": {
        "Tax Effect Of Unusual Items": NaN,
        "Tax Rate For Calcs": NaN,
        "Normalized EBITDA": NaN,
        "Total Unusual Items": NaN,
        "Total Unusual Items Excluding Goodwill": NaN,
        "Net Income From Continuing Operation Net Minority Interest": NaN,
        "Reconciled Depreciation": NaN,
        "Reconciled Cost Of Revenue": NaN,
        "EBITDA": NaN,
        "EBIT": NaN,
        "Net Interest Income": NaN,
        "Interest Expense": NaN,
        "Interest Income": NaN,
        "Normalized Income": NaN,
        "Net Income From Continuing And Discontinued Operation": NaN,
        "Total Expenses": NaN,
        "Total Operating Income As Reported": NaN,
        "Diluted Average Shares": NaN,
        "Basic Average Shares": NaN,
        "Diluted EPS": NaN,
        "Basic EPS": NaN,
        "Diluted NI Availto Com Stockholders": NaN,
        "Net Income Common Stockholders": NaN,
        "Net Income": NaN,
        "Net Income Including Noncontrolling Interests": NaN,
        "Net Income Continuous Operations": NaN,
        "Tax Provision": NaN,
        "Pretax Income": NaN,
        "Other Income Expense": NaN,
        "Other Non Operating Income Expenses": 1470000.0,
        "Gain On Sale Of Security": NaN,
        "Net Non Operating Interest Income Expense": NaN,
        "Interest Expense Non Operating": NaN,
        "Interest Income Non Operating": NaN,
        "Operating Income": NaN,
        "Operating Expense": NaN,
        "Research And Development": NaN,
        "Selling General And Administration": NaN,
        "Selling And Marketing Expense": NaN,
        "General And Administrative Expense": NaN,
        "Other Gand A": NaN,
        "Gross Profit": NaN,
        "Cost Of Revenue": NaN,
        "Total Revenue": NaN,
        "Operating Revenue": NaN
    },
    "2022-12-31": {
        "Tax Effect Of Unusual Items": NaN,
        "Tax Rate For Calcs": NaN,
        "Normalized EBITDA": NaN,
        "Total Unusual Items": NaN,
        "Total Unusual Items Excluding Goodwill": NaN,
        "Net Income From Continuing Operation Net Minority Interest": NaN,
        "Reconciled Depreciation": NaN,
        "Reconciled Cost Of Revenue": NaN,
        "EBITDA": NaN,
        "EBIT": NaN,
        "Net Interest Income": NaN,
        "Interest Expense": NaN,
        "Interest Income": NaN,
        "Normalized Income": NaN,
        "Net Income From Continuing And Discontinued Operation": NaN,
        "Total Expenses": NaN,
        "Total Operating Income As Reported": NaN,
        "Diluted Average Shares": NaN,
        "Basic Average Shares": NaN,
        "Diluted EPS": NaN,
        "Basic EPS": NaN,
        "Diluted NI Availto Com Stockholders": NaN,
        "Net Income Common Stockholders": NaN,
        "Otherunder Preferred Stock Dividend": 0.0,
        "Net Income": NaN,
        "Net Income Including Noncontrolling Interests": NaN,
        "Net Income Continuous Operations": NaN,
        "Tax Provision": NaN,
        "Pretax Income": NaN,
        "Other Income Expense": NaN,
        "Other Non Operating Income Expenses": 7702000.0,
        "Gain On Sale Of Security": NaN,
        "Net Non Operating Interest Income Expense": NaN,
        "Interest Expense Non Operating": NaN,
        "Interest Income Non Operating": NaN,
        "Operating Income": NaN,
        "Operating Expense": NaN,
        "Research And Development": NaN,
        "Selling General And Administration": NaN,
        "Selling And Marketing Expense": NaN,
        "General And Administrative Expense": NaN,
        "Other Gand A": NaN,
        "Gross Profit": NaN,
        "Cost Of Revenue": NaN,
        "Total Revenue": NaN,
        "Operating Revenue": NaN
    },
    "2022-09-30": {
        "Tax Effect Of Unusual Items": NaN,
        "Tax Rate For Calcs": NaN,
        "Normalized EBITDA": NaN,
        "Total Unusual Items": -7520000.0,
        "Total Unusual Items Excluding Goodwill": -7520000.0,
        "Net Income From Continuing Operation Net Minority Interest": NaN,
        "Reconciled Depreciation": NaN,
        "Reconciled Cost Of Revenue": NaN,
        "EBITDA": NaN,
        "EBIT": NaN,
        "Net Interest Income": NaN,
        "Interest Expense": NaN,
        "Interest Income": NaN,
        "Normalized Income": NaN,
        "Net Income From Continuing And Discontinued Operation": NaN,
        "Total Expenses": NaN,
        "Total Operating Income As Reported": NaN,
        "Diluted Average Shares": NaN,
        "Basic Average Shares": NaN,
        "Diluted EPS": NaN,
        "Basic EPS": NaN,
        "Diluted NI Availto Com Stockholders": NaN,
        "Net Income Common Stockholders": NaN,
        "Otherunder Preferred Stock Dividend": 0.0,
        "Net Income": NaN,
        "Net Income Including Noncontrolling Interests": NaN,
        "Net Income Continuous Operations": NaN,
        "Tax Provision": NaN,
        "Pretax Income": NaN,
        "Other Income Expense": NaN,
        "Other Non Operating Income Expenses": -6247000.0,
        "Gain On Sale Of Security": -7520000.0,
        "Net Non Operating Interest Income Expense": NaN,
        "Interest Expense Non Operating": NaN,
        "Interest Income Non Operating": NaN,
        "Operating Income": NaN,
        "Operating Expense": NaN,
        "Research And Development": NaN,
        "Selling General And Administration": NaN,
        "Selling And Marketing Expense": NaN,
        "General And Administrative Expense": NaN,
        "Other Gand A": NaN,
        "Gross Profit": NaN,
        "Cost Of Revenue": NaN,
        "Total Revenue": NaN,
        "Operating Revenue": NaN
    },
    "2022-06-30": {
        "Tax Effect Of Unusual Items": 0.0,
        "Tax Rate For Calcs": 0.4,
        "Normalized EBITDA": -19486000.0,
        "Total Unusual Items": NaN,
        "Total Unusual Items Excluding Goodwill": NaN,
        "Net Income From Continuing Operation Net Minority Interest": -23797000.0,
        "Reconciled Depreciation": 2967000.0,
        "Reconciled Cost Of Revenue": 21820000.0,
        "EBITDA": -19486000.0,
        "EBIT": -22453000.0,
        "Net Interest Income": -266000.0,
        "Interest Expense": 266000.0,
        "Interest Income": NaN,
        "Normalized Income": -23797000.0,
        "Net Income From Continuing And Discontinued Operation": -23797000.0,
        "Total Expenses": 73934000.0,
        "Total Operating Income As Reported": -17397000.0,
        "Diluted Average Shares": 107426898.0,
        "Basic Average Shares": 107426898.0,
        "Diluted EPS": -0.22,
        "Basic EPS": -0.22,
        "Diluted NI Availto Com Stockholders": -23797000.0,
        "Net Income Common Stockholders": -23797000.0,
        "Otherunder Preferred Stock Dividend": NaN,
        "Net Income": -23797000.0,
        "Net Income Including Noncontrolling Interests": -23797000.0,
        "Net Income Continuous Operations": -23797000.0,
        "Tax Provision": 1078000.0,
        "Pretax Income": -22719000.0,
        "Other Income Expense": -5056000.0,
        "Other Non Operating Income Expenses": -5056000.0,
        "Gain On Sale Of Security": NaN,
        "Net Non Operating Interest Income Expense": -266000.0,
        "Interest Expense Non Operating": 266000.0,
        "Interest Income Non Operating": NaN,
        "Operating Income": -17397000.0,
        "Operating Expense": 52114000.0,
        "Research And Development": 13204000.0,
        "Selling General And Administration": 38910000.0,
        "Selling And Marketing Expense": 18887000.0,
        "General And Administrative Expense": 20023000.0,
        "Other Gand A": 20023000.0,
        "Gross Profit": 34717000.0,
        "Cost Of Revenue": 21820000.0,
        "Total Revenue": 56537000.0,
        "Operating Revenue": 56537000.0
    },
    "2022-03-31": {
        "Diluted EPS": -0.1,
        "Total Revenue": 65,
        "Gross Profit": 65,
        "Operating Income": -7,
        "EBIT": -4,
        "Net Income": -10
    },
    "2021-12-31": {
        "Diluted EPS": 0.29,
        "Total Revenue": 51,
        "Gross Profit": 51,
        "Operating Income": -10,
        "EBIT": -8,
        "Net Income": -11
    },
    "2021-09-30": {
        "Diluted EPS": 0.08,
        "Total Revenue": 68,
        "Gross Profit": 68,
        "Operating Income": 11,
        "EBIT": 13,
        "Net Income": 10
    },
    "2021-06-30": {
        "Diluted EPS": -0.35,
        "Total Revenue": 37,
        "Gross Profit": 37,
        "Operating Income": -8,
        "EBIT": -5,
        "Net Income": -18
    },
    "2021-03-31": {
        "Diluted EPS": -0.41,
        "Total Revenue": 45,
        "Gross Profit": 45,
        "Operating Income": -6,
        "EBIT": -4,
        "Net Income": -9
    },
    "2020-12-31": {
        "Diluted EPS": 0.0,
        "Total Revenue": NaN,
        "Gross Profit": NaN,
        "Operating Income": NaN,
        "EBIT": NaN,
        "Net Income": NaN
    },
    "2020-09-30": {
        "Diluted EPS": 0.04,
        "Total Revenue": 42,
        "Gross Profit": 42,
        "Operating Income": 5,
        "EBIT": 7,
        "Net Income": 1
    },
    "2020-06-30": {
        "Diluted EPS": -0.87,
        "Total Revenue": 24,
        "Gross Profit": 24,
        "Operating Income": -15,
        "EBIT": -15,
        "Net Income": -16
    },
    "2019-12-31": {
        "Diluted EPS": 0.0,
        "Total Revenue": NaN,
        "Gross Profit": NaN,
        "Operating Income": NaN,
        "EBIT": NaN,
        "Net Income": NaN
    },
    "2023-06-30": {
        "Tax Effect Of Unusual Items": NaN,
        "Tax Rate For Calcs": NaN,
        "Normalized EBITDA": NaN,
        "Total Unusual Items": NaN,
        "Total Unusual Items Excluding Goodwill": NaN,
        "Net Income From Continuing Operation Net Minority Interest": NaN,
        "Reconciled Depreciation": NaN,
        "Reconciled Cost Of Revenue": NaN,
        "EBITDA": NaN,
        "EBIT": NaN,
        "Net Interest Income": NaN,
        "Interest Expense": NaN,
        "Interest Income": NaN,
        "Normalized Income": NaN,
        "Net Income From Continuing And Discontinued Operation": NaN,
        "Total Expenses": NaN,
        "Total Operating Income As Reported": NaN,
        "Diluted Average Shares": 111133221.0,
        "Basic Average Shares": 111133221.0,
        "Diluted EPS": -0.15,
        "Basic EPS": -0.15,
        "Diluted NI Availto Com Stockholders": NaN,
        "Net Income Common Stockholders": NaN,
        "Net Income": NaN,
        "Net Income Including Noncontrolling Interests": NaN,
        "Net Income Continuous Operations": NaN,
        "Tax Provision": NaN,
        "Pretax Income": NaN,
        "Other Income Expense": NaN,
        "Gain On Sale Of Security": NaN,
        "Net Non Operating Interest Income Expense": NaN,
        "Interest Expense Non Operating": NaN,
        "Interest Income Non Operating": NaN,
        "Operating Income": NaN,
        "Operating Expense": NaN,
        "Research And Development": NaN,
        "Selling General And Administration": NaN,
        "Selling And Marketing Expense": NaN,
        "General And Administrative Expense": NaN,
        "Other Gand A": NaN,
        "Gross Profit": NaN,
        "Cost Of Revenue": NaN,
        "Total Revenue": NaN,
        "Operating Revenue": NaN
    },
    "2023-09-30": {
        "Tax Effect Of Unusual Items": NaN,
        "Tax Rate For Calcs": NaN,
        "Normalized EBITDA": NaN,
        "Total Unusual Items": -4233000.0,
        "Total Unusual Items Excluding Goodwill": -4233000.0,
        "Net Income From Continuing Operation Net Minority Interest": NaN,
        "Reconciled Depreciation": NaN,
        "Reconciled Cost Of Revenue": NaN,
        "EBITDA": NaN,
        "EBIT": NaN,
        "Net Interest Income": NaN,
        "Interest Expense": NaN,
        "Interest Income": NaN,
        "Normalized Income": NaN,
        "Net Income From Continuing And Discontinued Operation": NaN,
        "Total Expenses": NaN,
        "Total Operating Income As Reported": NaN,
        "Diluted Average Shares": 125480393.0,
        "Basic Average Shares": 116492191.0,
        "Diluted EPS": 0.08,
        "Basic EPS": 0.09,
        "Diluted NI Availto Com Stockholders": NaN,
        "Net Income Common Stockholders": NaN,
        "Net Income": NaN,
        "Net Income Including Noncontrolling Interests": NaN,
        "Net Income Continuous Operations": NaN,
        "Tax Provision": NaN,
        "Pretax Income": NaN,
        "Other Income Expense": NaN,
        "Gain On Sale Of Security": -4233000.0,
        "Net Non Operating Interest Income Expense": NaN,
        "Interest Expense Non Operating": NaN,
        "Interest Income Non Operating": NaN,
        "Operating Income": NaN,
        "Operating Expense": NaN,
        "Research And Development": NaN,
        "Selling General And Administration": NaN,
        "Selling And Marketing Expense": NaN,
        "General And Administrative Expense": NaN,
        "Other Gand A": NaN,
        "Gross Profit": NaN,
        "Cost Of Revenue": NaN,
        "Total Revenue": NaN,
        "Operating Revenue": NaN
    },
    "2023-12-31": {
        "Tax Effect Of Unusual Items": 0.0,
        "Tax Rate For Calcs": 0.21,
        "Normalized EBITDA": 7307000.0,
        "Total Unusual Items": NaN,
        "Total Unusual Items Excluding Goodwill": NaN,
        "Net Income From Continuing Operation Net Minority Interest": 1287000.0,
        "Reconciled Depreciation": 3990000.0,
        "Reconciled Cost Of Revenue": 36780000.0,
        "EBITDA": 7307000.0,
        "EBIT": 3317000.0,
        "Net Interest Income": 5546000.0,
        "Interest Expense": 92000.0,
        "Interest Income": 5638000.0,
        "Normalized Income": 1287000.0,
        "Net Income From Continuing And Discontinued Operation": 1287000.0,
        "Total Expenses": 110573000.0,
        "Total Operating Income As Reported": -10028000.0,
        "Diluted Average Shares": NaN,
        "Basic Average Shares": NaN,
        "Diluted EPS": NaN,
        "Basic EPS": NaN,
        "Diluted NI Availto Com Stockholders": 1287000.0,
        "Net Income Common Stockholders": 1287000.0,
        "Net Income": 1287000.0,
        "Net Income Including Noncontrolling Interests": 1287000.0,
        "Net Income Continuous Operations": 1287000.0,
        "Tax Provision": 1938000.0,
        "Pretax Income": 3225000.0,
        "Other Income Expense": 7707000.0,
        "Gain On Sale Of Security": NaN,
        "Net Non Operating Interest Income Expense": 5546000.0,
        "Interest Expense Non Operating": 92000.0,
        "Interest Income Non Operating": 5638000.0,
        "Operating Income": -10028000.0,
        "Operating Expense": 73793000.0,
        "Research And Development": 16898000.0,
        "Selling General And Administration": 56895000.0,
        "Selling And Marketing Expense": 28830000.0,
        "General And Administrative Expense": 28065000.0,
        "Other Gand A": 28065000.0,
        "Gross Profit": 63765000.0,
        "Cost Of Revenue": 36780000.0,
        "Total Revenue": 100545000.0,
        "Operating Revenue": 100545000.0
    },
    "2024-03-31": {
        "Tax Effect Of Unusual Items": NaN,
        "Tax Rate For Calcs": NaN,
        "Normalized EBITDA": NaN,
        "Total Unusual Items": NaN,
        "Total Unusual Items Excluding Goodwill": NaN,
        "Net Income From Continuing Operation Net Minority Interest": NaN,
        "Reconciled Depreciation": NaN,
        "Reconciled Cost Of Revenue": NaN,
        "EBITDA": NaN,
        "EBIT": NaN,
        "Net Interest Income": NaN,
        "Interest Expense": NaN,
        "Interest Income": NaN,
        "Normalized Income": NaN,
        "Net Income From Continuing And Discontinued Operation": NaN,
        "Total Expenses": NaN,
        "Total Operating Income As Reported": NaN,
        "Diluted Average Shares": NaN,
        "Basic Average Shares": NaN,
        "Diluted EPS": NaN,
        "Basic EPS": NaN,
        "Diluted NI Availto Com Stockholders": NaN,
        "Net Income Common Stockholders": NaN,
        "Net Income": NaN,
        "Net Income Including Noncontrolling Interests": NaN,
        "Net Income Continuous Operations": NaN,
        "Tax Provision": NaN,
        "Pretax Income": NaN,
        "Other Income Expense": NaN,
        "Special Income Charges": -500000.0,
        "Restructuring And Mergern Acquisition": 500000.0,
        "Gain On Sale Of Security": NaN,
        "Net Non Operating Interest Income Expense": NaN,
        "Interest Expense Non Operating": NaN,
        "Interest Income Non Operating": NaN,
        "Operating Income": NaN,
        "Operating Expense": NaN,
        "Depreciation Amortization Depletion Income Statement": 1900000.0,
        "Depreciation And Amortization In Income Statement": 1900000.0,
        "Research And Development": NaN,
        "Selling General And Administration": NaN,
        "Selling And Marketing Expense": NaN,
        "General And Administrative Expense": NaN,
        "Other Gand A": NaN,
        "Salaries And Wages": 4000000.0,
        "Gross Profit": NaN,
        "Cost Of Revenue": NaN,
        "Total Revenue": NaN,
        "Operating Revenue": NaN
    },
    "2024-06-30": {
        "Tax Effect Of Unusual Items": 209580.0,
        "Tax Rate For Calcs": 0.21,
        "Normalized EBITDA": -5864000.0,
        "Total Unusual Items": 998000.0,
        "Total Unusual Items Excluding Goodwill": 998000.0,
        "Net Income From Continuing Operation Net Minority Interest": -13880000.0,
        "Reconciled Depreciation": 4204000.0,
        "Reconciled Cost Of Revenue": 39899000.0,
        "EBITDA": -4866000.0,
        "EBIT": -9070000.0,
        "Net Interest Income": 5586000.0,
        "Interest Expense": 133000.0,
        "Interest Income": 5719000.0,
        "Normalized Income": -14668420.0,
        "Net Income From Continuing And Discontinued Operation": -13880000.0,
        "Total Expenses": 119463000.0,
        "Total Operating Income As Reported": -15787000.0,
        "Diluted Average Shares": NaN,
        "Basic Average Shares": NaN,
        "Diluted EPS": NaN,
        "Basic EPS": NaN,
        "Diluted NI Availto Com Stockholders": -13880000.0,
        "Net Income Common Stockholders": -13880000.0,
        "Net Income": -13880000.0,
        "Net Income Including Noncontrolling Interests": -13880000.0,
        "Net Income Continuous Operations": -13880000.0,
        "Tax Provision": 4677000.0,
        "Pretax Income": -9203000.0,
        "Other Income Expense": 998000.0,
        "Special Income Charges": 0.0,
        "Restructuring And Mergern Acquisition": 0.0,
        "Gain On Sale Of Security": 998000.0,
        "Net Non Operating Interest Income Expense": 5586000.0,
        "Interest Expense Non Operating": 133000.0,
        "Interest Income Non Operating": 5719000.0,
        "Operating Income": -15787000.0,
        "Operating Expense": 79564000.0,
        "Depreciation Amortization Depletion Income Statement": NaN,
        "Depreciation And Amortization In Income Statement": NaN,
        "Research And Development": 15834000.0,
        "Selling General And Administration": 63730000.0,
        "Selling And Marketing Expense": 31771000.0,
        "General And Administrative Expense": 31959000.0,
        "Other Gand A": 31959000.0,
        "Salaries And Wages": NaN,
        "Gross Profit": 63777000.0,
        "Cost Of Revenue": 39899000.0,
        "Total Revenue": 103676000.0,
        "Operating Revenue": 103676000.0
    },
    "2024-09-30": {
        "Tax Effect Of Unusual Items": 1145970.0,
        "Tax Rate For Calcs": 0.21,
        "Normalized EBITDA": 29486000.0,
        "Total Unusual Items": 5457000.0,
        "Total Unusual Items Excluding Goodwill": 5457000.0,
        "Net Income From Continuing Operation Net Minority Interest": 38896000.0,
        "Reconciled Depreciation": 4246000.0,
        "Reconciled Cost Of Revenue": 54557000.0,
        "EBITDA": 34943000.0,
        "EBIT": 30697000.0,
        "Net Interest Income": 4842000.0,
        "Interest Expense": 128000.0,
        "Interest Income": 4970000.0,
        "Normalized Income": 34584970.0,
        "Net Income From Continuing And Discontinued Operation": 38896000.0,
        "Total Expenses": 136545000.0,
        "Total Operating Income As Reported": 20270000.0,
        "Diluted Average Shares": 129155010.0,
        "Basic Average Shares": 124887591.0,
        "Diluted EPS": 0.3,
        "Basic EPS": 0.31,
        "Diluted NI Availto Com Stockholders": 38896000.0,
        "Net Income Common Stockholders": 38896000.0,
        "Net Income": 38896000.0,
        "Net Income Including Noncontrolling Interests": 38896000.0,
        "Net Income Continuous Operations": 38896000.0,
        "Tax Provision": -8327000.0,
        "Pretax Income": 30569000.0,
        "Other Income Expense": 5457000.0,
        "Special Income Charges": NaN,
        "Restructuring And Mergern Acquisition": NaN,
        "Gain On Sale Of Security": 5457000.0,
        "Net Non Operating Interest Income Expense": 4842000.0,
        "Interest Expense Non Operating": 128000.0,
        "Interest Income Non Operating": 4970000.0,
        "Operating Income": 20270000.0,
        "Operating Expense": 81988000.0,
        "Depreciation Amortization Depletion Income Statement": NaN,
        "Depreciation And Amortization In Income Statement": NaN,
        "Research And Development": 16695000.0,
        "Selling General And Administration": 65293000.0,
        "Selling And Marketing Expense": 34228000.0,
        "General And Administrative Expense": 31065000.0,
        "Other Gand A": 31065000.0,
        "Salaries And Wages": NaN,
        "Gross Profit": 102258000.0,
        "Cost Of Revenue": 54557000.0,
        "Total Revenue": 156815000.0,
        "Operating Revenue": 156815000.0
    },
    "2024-12-31": {
        "Tax Effect Of Unusual Items": -2911860.0,
        "Tax Rate For Calcs": 0.21,
        "Normalized EBITDA": 3751000.0,
        "Total Unusual Items": -13866000.0,
        "Total Unusual Items Excluding Goodwill": -13866000.0,
        "Net Income From Continuing Operation Net Minority Interest": -15899000.0,
        "Reconciled Depreciation": 4654000.0,
        "Reconciled Cost Of Revenue": 41384000.0,
        "EBITDA": -10115000.0,
        "EBIT": -14769000.0,
        "Net Interest Income": 4737000.0,
        "Interest Expense": 135000.0,
        "Interest Income": 4872000.0,
        "Normalized Income": -4944860.0,
        "Net Income From Continuing And Discontinued Operation": -15899000.0,
        "Total Expenses": 123325000.0,
        "Total Operating Income As Reported": -5775000.0,
        "Diluted Average Shares": 128924166.0,
        "Basic Average Shares": 124463252.0,
        "Diluted EPS": -0.13,
        "Basic EPS": -0.13,
        "Diluted NI Availto Com Stockholders": -15899000.0,
        "Net Income Common Stockholders": -15899000.0,
        "Net Income": -15899000.0,
        "Net Income Including Noncontrolling Interests": -15899000.0,
        "Net Income Continuous Operations": -15899000.0,
        "Tax Provision": 995000.0,
        "Pretax Income": -14904000.0,
        "Other Income Expense": -13866000.0,
        "Special Income Charges": NaN,
        "Restructuring And Mergern Acquisition": NaN,
        "Gain On Sale Of Security": -13866000.0,
        "Net Non Operating Interest Income Expense": 4737000.0,
        "Interest Expense Non Operating": 135000.0,
        "Interest Income Non Operating": 4872000.0,
        "Operating Income": -5775000.0,
        "Operating Expense": 81941000.0,
        "Depreciation Amortization Depletion Income Statement": NaN,
        "Depreciation And Amortization In Income Statement": NaN,
        "Research And Development": 17370000.0,
        "Selling General And Administration": 64571000.0,
        "Selling And Marketing Expense": 33353000.0,
        "General And Administrative Expense": 31218000.0,
        "Other Gand A": 31218000.0,
        "Salaries And Wages": NaN,
        "Gross Profit": 76166000.0,
        "Cost Of Revenue": 41384000.0,
        "Total Revenue": 117550000.0,
        "Operating Revenue": 117550000.0
    },
    "2025-03-31": {
        "Tax Effect Of Unusual Items": -1103375.0,
        "Tax Rate For Calcs": 0.175,
        "Normalized EBITDA": 7487000.0,
        "Total Unusual Items": -6305000.0,
        "Total Unusual Items Excluding Goodwill": -6305000.0,
        "Net Income From Continuing Operation Net Minority Interest": -4160000.0,
        "Reconciled Depreciation": 5502000.0,
        "Reconciled Cost Of Revenue": 78461000.0,
        "EBITDA": 1182000.0,
        "EBIT": -4320000.0,
        "Net Interest Income": 2210000.0,
        "Interest Expense": 724000.0,
        "Interest Income": 2934000.0,
        "Normalized Income": 1041625.0,
        "Net Income From Continuing And Discontinued Operation": -4160000.0,
        "Total Expenses": 134401000.0,
        "Total Operating Income As Reported": -10988000.0,
        "Diluted Average Shares": 123235263.0,
        "Basic Average Shares": 123235263.0,
        "Diluted EPS": -0.03,
        "Basic EPS": -0.03,
        "Diluted NI Availto Com Stockholders": -4160000.0,
        "Net Income Common Stockholders": -4160000.0,
        "Net Income": -4160000.0,
        "Net Income Including Noncontrolling Interests": -4160000.0,
        "Net Income Continuous Operations": -4160000.0,
        "Tax Provision": -884000.0,
        "Pretax Income": -5044000.0,
        "Other Income Expense": -6305000.0,
        "Special Income Charges": -10039000.0,
        "Restructuring And Mergern Acquisition": 10039000.0,
        "Gain On Sale Of Security": 3734000.0,
        "Net Non Operating Interest Income Expense": 2210000.0,
        "Interest Expense Non Operating": 724000.0,
        "Interest Income Non Operating": 2934000.0,
        "Operating Income": -949000.0,
        "Operating Expense": 53438000.0,
        "Depreciation Amortization Depletion Income Statement": 3000000.0,
        "Depreciation And Amortization In Income Statement": 3000000.0,
        "Research And Development": 16911000.0,
        "Selling General And Administration": 33527000.0,
        "Selling And Marketing Expense": 4369000.0,
        "General And Administrative Expense": 29158000.0,
        "Other Gand A": 24558000.0,
        "Salaries And Wages": 4600000.0,
        "Gross Profit": 52489000.0,
        "Cost Of Revenue": 80963000.0,
        "Total Revenue": 133452000.0,
        "Operating Revenue": 133452000.0
    },
    "2025-06-30": {
        "Tax Effect Of Unusual Items": 546840.0,
        "Tax Rate For Calcs": 0.21,
        "Normalized EBITDA": 203000.0,
        "Total Unusual Items": 2604000.0,
        "Total Unusual Items Excluding Goodwill": 2604000.0,
        "Net Income From Continuing Operation Net Minority Interest": -12007000.0,
        "Reconciled Depreciation": 6768000.0,
        "Reconciled Cost Of Revenue": 53887000.0,
        "EBITDA": 2807000.0,
        "EBIT": -3961000.0,
        "Net Interest Income": 24000.0,
        "Interest Expense": 1065000.0,
        "Interest Income": 1089000.0,
        "Normalized Income": -14064160.0,
        "Net Income From Continuing And Discontinued Operation": -12007000.0,
        "Total Expenses": 139545000.0,
        "Total Operating Income As Reported": -9005000.0,
        "Diluted Average Shares": 121812062.0,
        "Basic Average Shares": 121812062.0,
        "Diluted EPS": -0.1,
        "Basic EPS": -0.1,
        "Diluted NI Availto Com Stockholders": -12007000.0,
        "Net Income Common Stockholders": -12007000.0,
        "Net Income": -12007000.0,
        "Net Income Including Noncontrolling Interests": -12007000.0,
        "Net Income Continuous Operations": -12007000.0,
        "Tax Provision": 6981000.0,
        "Pretax Income": -5026000.0,
        "Other Income Expense": 2604000.0,
        "Special Income Charges": -1351000.0,
        "Restructuring And Mergern Acquisition": 1351000.0,
        "Gain On Sale Of Security": 3955000.0,
        "Net Non Operating Interest Income Expense": 24000.0,
        "Interest Expense Non Operating": 1065000.0,
        "Interest Income Non Operating": 1089000.0,
        "Operating Income": -7654000.0,
        "Operating Expense": 85658000.0,
        "Depreciation Amortization Depletion Income Statement": NaN,
        "Depreciation And Amortization In Income Statement": NaN,
        "Research And Development": 17106000.0,
        "Selling General And Administration": 68552000.0,
        "Selling And Marketing Expense": 38377000.0,
        "General And Administrative Expense": 30175000.0,
        "Other Gand A": 30175000.0,
        "Salaries And Wages": NaN,
        "Gross Profit": 78004000.0,
        "Cost Of Revenue": 53887000.0,
        "Total Revenue": 131891000.0,
        "Operating Revenue": 131891000.0
    },
    "2025-09-30": {
        "Tax Effect Of Unusual Items": NaN,
        "Tax Rate For Calcs": NaN,
        "Normalized EBITDA": NaN,
        "Total Unusual Items": NaN,
        "Total Unusual Items Excluding Goodwill": NaN,
        "Net Income From Continuing Operation Net Minority Interest": NaN,
        "Reconciled Depreciation": NaN,
        "Reconciled Cost Of Revenue": NaN,
        "EBITDA": NaN,
        "EBIT": NaN,
        "Net Interest Income": NaN,
        "Interest Expense": NaN,
        "Interest Income": NaN,
        "Normalized Income": NaN,
        "Net Income From Continuing And Discontinued Operation": NaN,
        "Total Expenses": NaN,
        "Total Operating Income As Reported": NaN,
        "Diluted Average Shares": 127675613.0,
        "Basic Average Shares": 122434615.0,
        "Diluted EPS": 0.23,
        "Basic EPS": 0.24,
        "Diluted NI Availto Com Stockholders": NaN,
        "Net Income Common Stockholders": NaN,
        "Net Income": NaN,
        "Net Income Including Noncontrolling Interests": NaN,
        "Net Income Continuous Operations": NaN,
        "Tax Provision": NaN,
        "Pretax Income": NaN,
        "Other Income Expense": NaN,
        "Special Income Charges": NaN,
        "Restructuring And Mergern Acquisition": NaN,
        "Gain On Sale Of Security": NaN,
        "Net Non Operating Interest Income Expense": NaN,
        "Interest Expense Non Operating": NaN,
        "Interest Income Non Operating": NaN,
        "Operating Income": NaN,
        "Operating Expense": NaN,
        "Depreciation Amortization Depletion Income Statement": NaN,
        "Depreciation And Amortization In Income Statement": NaN,
        "Research And Development": NaN,
        "Selling General And Administration": NaN,
        "Selling And Marketing Expense": NaN,
        "General And Administrative Expense": NaN,
        "Other Gand A": NaN,
        "Salaries And Wages": NaN,
        "Gross Profit": NaN,
        "Cost Of Revenue": NaN,
        "Total Revenue": NaN,
        "Operating Revenue": NaN
    }
}