{
    "2023-06-30": {
        "Tax Effect Of Unusual Items": NaN,
        "Tax Rate For Calcs": NaN,
        "Total Unusual Items": 0.0,
        "Total Unusual Items Excluding Goodwill": 0.0,
        "Net Income From Continuing Operation Net Minority Interest": NaN,
        "Reconciled Depreciation": NaN,
        "Net Interest Income": NaN,
        "Interest Expense": NaN,
        "Interest Income": NaN,
        "Normalized Income": NaN,
        "Net Income From Continuing And Discontinued Operation": NaN,
        "Diluted Average Shares": NaN,
        "Basic Average Shares": NaN,
        "Diluted EPS": NaN,
        "Basic EPS": NaN,
        "Diluted NI Availto Com Stockholders": NaN,
        "Net Income Common Stockholders": NaN,
        "Otherunder Preferred Stock Dividend": NaN,
        "Net Income": NaN,
        "Net Income Including Noncontrolling Interests": NaN,
        "Net Income Continuous Operations": NaN,
        "Tax Provision": NaN,
        "Pretax Income": NaN,
        "Gain On Sale Of Security": NaN,
        "Depreciation Amortization Depletion Income Statement": NaN,
        "Depreciation And Amortization In Income Statement": NaN,
        "Amortization": NaN,
        "Amortization Of Intangibles Income Statement": NaN,
        "Selling General And Administration": NaN,
        "Selling And Marketing Expense": NaN,
        "General And Administrative Expense": NaN,
        "Other Gand A": NaN,
        "Insurance And Claims": NaN,
        "Salaries And Wages": NaN,
        "Total Revenue": NaN,
        "Operating Revenue": NaN,
        "Occupancy And Equipment": NaN,
        "Professional Expense And Contract Services Expense": NaN,
        "Other Non Interest Expense": NaN
    },
    "2023-03-31": {
        "Tax Effect Of Unusual Items": NaN,
        "Tax Rate For Calcs": NaN,
        "Total Unusual Items": 0.0,
        "Total Unusual Items Excluding Goodwill": 0.0,
        "Net Income From Continuing Operation Net Minority Interest": NaN,
        "Reconciled Depreciation": NaN,
        "Net Interest Income": NaN,
        "Interest Expense": NaN,
        "Interest Income": NaN,
        "Normalized Income": NaN,
        "Net Income From Continuing And Discontinued Operation": NaN,
        "Diluted Average Shares": NaN,
        "Basic Average Shares": NaN,
        "Diluted EPS": NaN,
        "Basic EPS": NaN,
        "Diluted NI Availto Com Stockholders": NaN,
        "Net Income Common Stockholders": NaN,
        "Otherunder Preferred Stock Dividend": NaN,
        "Net Income": NaN,
        "Net Income Including Noncontrolling Interests": NaN,
        "Net Income Continuous Operations": NaN,
        "Tax Provision": NaN,
        "Pretax Income": NaN,
        "Gain On Sale Of Security": NaN,
        "Depreciation Amortization Depletion Income Statement": NaN,
        "Depreciation And Amortization In Income Statement": NaN,
        "Amortization": NaN,
        "Amortization Of Intangibles Income Statement": NaN,
        "Selling General And Administration": NaN,
        "Selling And Marketing Expense": NaN,
        "General And Administrative Expense": NaN,
        "Other Gand A": NaN,
        "Insurance And Claims": NaN,
        "Salaries And Wages": NaN,
        "Total Revenue": NaN,
        "Operating Revenue": NaN,
        "Occupancy And Equipment": NaN,
        "Professional Expense And Contract Services Expense": NaN,
        "Other Non Interest Expense": NaN
    },
    "2022-12-31": {
        "Tax Effect Of Unusual Items": NaN,
        "Tax Rate For Calcs": NaN,
        "Total Unusual Items": -12000.0,
        "Total Unusual Items Excluding Goodwill": -12000.0,
        "Net Income From Continuing Operation Net Minority Interest": NaN,
        "Reconciled Depreciation": NaN,
        "Net Interest Income": NaN,
        "Interest Expense": NaN,
        "Interest Income": NaN,
        "Normalized Income": NaN,
        "Net Income From Continuing And Discontinued Operation": NaN,
        "Diluted Average Shares": NaN,
        "Basic Average Shares": NaN,
        "Diluted EPS": NaN,
        "Basic EPS": NaN,
        "Diluted NI Availto Com Stockholders": NaN,
        "Net Income Common Stockholders": NaN,
        "Otherunder Preferred Stock Dividend": NaN,
        "Net Income": NaN,
        "Net Income Including Noncontrolling Interests": NaN,
        "Net Income Continuous Operations": NaN,
        "Tax Provision": NaN,
        "Pretax Income": NaN,
        "Gain On Sale Of Security": NaN,
        "Depreciation Amortization Depletion Income Statement": NaN,
        "Depreciation And Amortization In Income Statement": NaN,
        "Amortization": NaN,
        "Amortization Of Intangibles Income Statement": NaN,
        "Selling General And Administration": NaN,
        "Selling And Marketing Expense": NaN,
        "General And Administrative Expense": NaN,
        "Other Gand A": NaN,
        "Insurance And Claims": NaN,
        "Salaries And Wages": NaN,
        "Total Revenue": NaN,
        "Operating Revenue": NaN,
        "Occupancy And Equipment": NaN,
        "Professional Expense And Contract Services Expense": NaN,
        "Other Non Interest Expense": NaN
    },
    "2022-09-30": {
        "Tax Effect Of Unusual Items": 0.0,
        "Tax Rate For Calcs": 0.201035,
        "Total Unusual Items": 0.0,
        "Total Unusual Items Excluding Goodwill": 0.0,
        "Net Income From Continuing Operation Net Minority Interest": 8954000.0,
        "Reconciled Depreciation": -50000.0,
        "Net Interest Income": 22490000.0,
        "Interest Expense": 3264000.0,
        "Interest Income": 25754000.0,
        "Normalized Income": 8954000.0,
        "Net Income From Continuing And Discontinued Operation": 8954000.0,
        "Diluted Average Shares": 12983307.0,
        "Basic Average Shares": 12983307.0,
        "Diluted EPS": 0.68,
        "Basic EPS": 0.68,
        "Diluted NI Availto Com Stockholders": 8954000.0,
        "Net Income Common Stockholders": 8954000.0,
        "Otherunder Preferred Stock Dividend": 68000.0,
        "Net Income": 8954000.0,
        "Net Income Including Noncontrolling Interests": 8954000.0,
        "Net Income Continuous Operations": 8954000.0,
        "Tax Provision": 2253000.0,
        "Pretax Income": 11207000.0,
        "Gain On Sale Of Security": 0.0,
        "Depreciation Amortization Depletion Income Statement": -50000.0,
        "Depreciation And Amortization In Income Statement": -50000.0,
        "Amortization": -50000.0,
        "Amortization Of Intangibles Income Statement": -50000.0,
        "Selling General And Administration": 9912000.0,
        "Selling And Marketing Expense": 578000.0,
        "General And Administrative Expense": 9334000.0,
        "Other Gand A": 2192000.0,
        "Insurance And Claims": 271000.0,
        "Salaries And Wages": 6871000.0,
        "Total Revenue": 25735000.0,
        "Operating Revenue": 25735000.0
    },
    "2022-06-30": {
        "Tax Effect Of Unusual Items": 52834.02771,
        "Tax Rate For Calcs": 0.198624,
        "Total Unusual Items": 266000.0,
        "Total Unusual Items Excluding Goodwill": 266000.0,
        "Net Income From Continuing Operation Net Minority Interest": 8271000.0,
        "Reconciled Depreciation": 59000.0,
        "Net Interest Income": 21807000.0,
        "Interest Expense": 2047000.0,
        "Interest Income": 23854000.0,
        "Normalized Income": 8057834.02771,
        "Net Income From Continuing And Discontinued Operation": 8271000.0,
        "Diluted Average Shares": 12957126.0,
        "Basic Average Shares": 12957126.0,
        "Diluted EPS": 0.63,
        "Basic EPS": 0.63,
        "Diluted NI Availto Com Stockholders": 8271000.0,
        "Net Income Common Stockholders": 8271000.0,
        "Otherunder Preferred Stock Dividend": 69000.0,
        "Net Income": 8271000.0,
        "Net Income Including Noncontrolling Interests": 8271000.0,
        "Net Income Continuous Operations": 8271000.0,
        "Tax Provision": 2050000.0,
        "Pretax Income": 10321000.0,
        "Gain On Sale Of Security": 0.0,
        "Depreciation Amortization Depletion Income Statement": 59000.0,
        "Depreciation And Amortization In Income Statement": 59000.0,
        "Amortization": 59000.0,
        "Amortization Of Intangibles Income Statement": 59000.0,
        "Selling General And Administration": 9724000.0,
        "Selling And Marketing Expense": 300000.0,
        "General And Administrative Expense": 9424000.0,
        "Other Gand A": 2242000.0,
        "Insurance And Claims": 270000.0,
        "Salaries And Wages": 6912000.0,
        "Total Revenue": 24906000.0,
        "Operating Revenue": 24906000.0
    },
    "2022-03-31": {
        "Diluted EPS": 0.62,
        "Total Revenue": 26,
        "Gross Profit": 24,
        "Operating Income": 10,
        "EBIT": NaN,
        "Net Income": 8
    },
    "2021-12-31": {
        "Diluted EPS": 0.6,
        "Total Revenue": 27,
        "Gross Profit": 25,
        "Operating Income": 10,
        "EBIT": NaN,
        "Net Income": 8
    },
    "2021-09-30": {
        "Diluted EPS": 0.53,
        "Total Revenue": 24,
        "Gross Profit": 23,
        "Operating Income": 8,
        "EBIT": NaN,
        "Net Income": 6
    },
    "2021-06-30": {
        "Diluted EPS": 0.44,
        "Total Revenue": 22,
        "Gross Profit": 20,
        "Operating Income": 6,
        "EBIT": NaN,
        "Net Income": 5
    },
    "2021-03-31": {
        "Diluted EPS": 0.44,
        "Total Revenue": 22,
        "Gross Profit": 20,
        "Operating Income": 6,
        "EBIT": NaN,
        "Net Income": 5
    },
    "2020-12-31": {
        "Diluted EPS": 0.6,
        "Total Revenue": 24,
        "Gross Profit": 22,
        "Operating Income": 8,
        "EBIT": NaN,
        "Net Income": 7
    },
    "2020-09-30": {
        "Diluted EPS": 0.4,
        "Total Revenue": 22,
        "Gross Profit": 20,
        "Operating Income": 6,
        "EBIT": NaN,
        "Net Income": 4
    },
    "2020-06-30": {
        "Diluted EPS": 0.43,
        "Total Revenue": 21,
        "Gross Profit": 18,
        "Operating Income": 6,
        "EBIT": NaN,
        "Net Income": 5
    },
    "2020-03-31": {
        "Diluted EPS": 0.37,
        "Total Revenue": 21,
        "Gross Profit": 17,
        "Operating Income": 5,
        "EBIT": NaN,
        "Net Income": 4
    },
    "2019-12-31": {
        "Diluted EPS": 0.43,
        "Total Revenue": 20,
        "Gross Profit": 16,
        "Operating Income": 6,
        "EBIT": NaN,
        "Net Income": 5
    },
    "2019-09-30": {
        "Diluted EPS": 0.38,
        "Total Revenue": 20,
        "Gross Profit": 16,
        "Operating Income": 5,
        "EBIT": NaN,
        "Net Income": 4
    },
    "2019-06-30": {
        "Diluted EPS": 0.56,
        "Total Revenue": 21,
        "Gross Profit": 18,
        "Operating Income": 8,
        "EBIT": NaN,
        "Net Income": 6
    },
    "2019-03-31": {
        "Diluted EPS": 0.29,
        "Total Revenue": 19,
        "Gross Profit": 15,
        "Operating Income": 4,
        "EBIT": NaN,
        "Net Income": 3
    },
    "2018-12-31": {
        "Diluted EPS": 0.34,
        "Total Revenue": 15,
        "Gross Profit": 13,
        "Operating Income": 4,
        "EBIT": NaN,
        "Net Income": 3
    },
    "2018-09-30": {
        "Diluted EPS": 0.42,
        "Total Revenue": 14,
        "Gross Profit": 13,
        "Operating Income": 4,
        "EBIT": NaN,
        "Net Income": 4
    },
    "2018-06-30": {
        "Diluted EPS": 0.44,
        "Total Revenue": 14,
        "Gross Profit": 13,
        "Operating Income": 5,
        "EBIT": NaN,
        "Net Income": 4
    },
    "2018-03-31": {
        "Diluted EPS": 0.41,
        "Total Revenue": 14,
        "Gross Profit": 12,
        "Operating Income": 5,
        "EBIT": NaN,
        "Net Income": 4
    },
    "2017-12-31": {
        "Diluted EPS": 0.37,
        "Total Revenue": 14,
        "Gross Profit": 12,
        "Operating Income": 5,
        "EBIT": NaN,
        "Net Income": 3
    },
    "2017-09-30": {
        "Diluted EPS": 0.35,
        "Total Revenue": 13,
        "Gross Profit": 12,
        "Operating Income": 4,
        "EBIT": NaN,
        "Net Income": 3
    },
    "2017-06-30": {
        "Diluted EPS": 0.35,
        "Total Revenue": 13,
        "Gross Profit": 12,
        "Operating Income": 5,
        "EBIT": NaN,
        "Net Income": 3
    },
    "2017-03-31": {
        "Diluted EPS": 0.31,
        "Total Revenue": 12,
        "Gross Profit": 11,
        "Operating Income": 4,
        "EBIT": NaN,
        "Net Income": 3
    },
    "2016-12-31": {
        "Diluted EPS": 0.35,
        "Total Revenue": 13,
        "Gross Profit": 12,
        "Operating Income": 5,
        "EBIT": NaN,
        "Net Income": 3
    },
    "2016-09-30": {
        "Diluted EPS": 0.33,
        "Total Revenue": 13,
        "Gross Profit": 11,
        "Operating Income": 4,
        "EBIT": NaN,
        "Net Income": 3
    },
    "2016-06-30": {
        "Diluted EPS": 0.33,
        "Total Revenue": 12,
        "Gross Profit": 11,
        "Operating Income": 4,
        "EBIT": NaN,
        "Net Income": 3
    },
    "2016-03-31": {
        "Diluted EPS": 0.27,
        "Total Revenue": 12,
        "Gross Profit": 11,
        "Operating Income": 3,
        "EBIT": NaN,
        "Net Income": 2
    },
    "2015-12-31": {
        "Diluted EPS": 0.3,
        "Total Revenue": 11,
        "Gross Profit": 11,
        "Operating Income": 4,
        "EBIT": NaN,
        "Net Income": 3
    },
    "2015-09-30": {
        "Diluted EPS": 0.29,
        "Total Revenue": 11,
        "Gross Profit": 10,
        "Operating Income": 4,
        "EBIT": NaN,
        "Net Income": 3
    },
    "2015-06-30": {
        "Diluted EPS": 0.28,
        "Total Revenue": 11,
        "Gross Profit": 10,
        "Operating Income": 4,
        "EBIT": NaN,
        "Net Income": 3
    },
    "2015-03-31": {
        "Diluted EPS": 0.26,
        "Total Revenue": 11,
        "Gross Profit": 10,
        "Operating Income": 3,
        "EBIT": NaN,
        "Net Income": 2
    },
    "2014-12-31": {
        "Diluted EPS": 0.29,
        "Total Revenue": 11,
        "Gross Profit": 10,
        "Operating Income": 4,
        "EBIT": NaN,
        "Net Income": 3
    },
    "2014-09-30": {
        "Diluted EPS": 0.27,
        "Total Revenue": 11,
        "Gross Profit": 10,
        "Operating Income": 3,
        "EBIT": NaN,
        "Net Income": 2
    },
    "2014-06-30": {
        "Diluted EPS": 0.28,
        "Total Revenue": 11,
        "Gross Profit": 10,
        "Operating Income": 3,
        "EBIT": NaN,
        "Net Income": 3
    },
    "2014-03-31": {
        "Diluted EPS": 0.21,
        "Total Revenue": 10,
        "Gross Profit": 9,
        "Operating Income": 3,
        "EBIT": NaN,
        "Net Income": 2
    },
    "2013-12-31": {
        "Diluted EPS": 0.25,
        "Total Revenue": 11,
        "Gross Profit": 10,
        "Operating Income": 3,
        "EBIT": NaN,
        "Net Income": 2
    },
    "2013-09-30": {
        "Diluted EPS": 0.23,
        "Total Revenue": 10,
        "Gross Profit": 9,
        "Operating Income": 3,
        "EBIT": NaN,
        "Net Income": 2
    },
    "2013-06-30": {
        "Diluted EPS": 0.27,
        "Total Revenue": 11,
        "Gross Profit": 9,
        "Operating Income": 4,
        "EBIT": NaN,
        "Net Income": 3
    },
    "2013-03-31": {
        "Diluted EPS": 0.23,
        "Total Revenue": 11,
        "Gross Profit": 9,
        "Operating Income": 3,
        "EBIT": NaN,
        "Net Income": 2
    },
    "2012-12-31": {
        "Diluted EPS": 0.27,
        "Total Revenue": 12,
        "Gross Profit": 11,
        "Operating Income": 4,
        "EBIT": NaN,
        "Net Income": 3
    },
    "2012-09-30": {
        "Diluted EPS": 0.26,
        "Total Revenue": 11,
        "Gross Profit": 9,
        "Operating Income": 3,
        "EBIT": NaN,
        "Net Income": 2
    },
    "2012-06-30": {
        "Diluted EPS": 0.27,
        "Total Revenue": 11,
        "Gross Profit": 9,
        "Operating Income": 4,
        "EBIT": NaN,
        "Net Income": 3
    },
    "2012-03-31": {
        "Diluted EPS": 0.24,
        "Total Revenue": 11,
        "Gross Profit": 9,
        "Operating Income": 3,
        "EBIT": NaN,
        "Net Income": 2
    },
    "2011-12-31": {
        "Diluted EPS": 0.32,
        "Total Revenue": 11,
        "Gross Profit": 10,
        "Operating Income": 4,
        "EBIT": NaN,
        "Net Income": 3
    },
    "2011-09-30": {
        "Diluted EPS": 0.22,
        "Total Revenue": 10,
        "Gross Profit": 8,
        "Operating Income": 3,
        "EBIT": NaN,
        "Net Income": 2
    },
    "2011-06-30": {
        "Diluted EPS": 0.17,
        "Total Revenue": 11,
        "Gross Profit": 8,
        "Operating Income": 2,
        "EBIT": NaN,
        "Net Income": 2
    },
    "2011-03-31": {
        "Diluted EPS": 0.21,
        "Total Revenue": 11,
        "Gross Profit": 9,
        "Operating Income": 2,
        "EBIT": NaN,
        "Net Income": 2
    },
    "2010-12-31": {
        "Diluted EPS": 0.0,
        "Total Revenue": NaN,
        "Gross Profit": NaN,
        "Operating Income": NaN,
        "EBIT": NaN,
        "Net Income": NaN
    },
    "2010-09-30": {
        "Diluted EPS": 0.24,
        "Total Revenue": 12,
        "Gross Profit": 10,
        "Operating Income": 3,
        "EBIT": NaN,
        "Net Income": 2
    },
    "2009-12-31": {
        "Diluted EPS": 0.0,
        "Total Revenue": NaN,
        "Gross Profit": NaN,
        "Operating Income": NaN,
        "EBIT": NaN,
        "Net Income": NaN
    },
    "2023-09-30": {
        "Tax Effect Of Unusual Items": NaN,
        "Tax Rate For Calcs": NaN,
        "Total Unusual Items": -49000.0,
        "Total Unusual Items Excluding Goodwill": -49000.0,
        "Net Income From Continuing Operation Net Minority Interest": NaN,
        "Reconciled Depreciation": NaN,
        "Net Interest Income": NaN,
        "Interest Expense": NaN,
        "Interest Income": NaN,
        "Normalized Income": NaN,
        "Net Income From Continuing And Discontinued Operation": NaN,
        "Diluted Average Shares": NaN,
        "Basic Average Shares": NaN,
        "Diluted EPS": NaN,
        "Basic EPS": NaN,
        "Diluted NI Availto Com Stockholders": NaN,
        "Net Income Common Stockholders": NaN,
        "Otherunder Preferred Stock Dividend": NaN,
        "Net Income": NaN,
        "Net Income Including Noncontrolling Interests": NaN,
        "Net Income Continuous Operations": NaN,
        "Tax Provision": NaN,
        "Pretax Income": NaN,
        "Gain On Sale Of Security": NaN,
        "Depreciation Amortization Depletion Income Statement": NaN,
        "Depreciation And Amortization In Income Statement": NaN,
        "Amortization": NaN,
        "Amortization Of Intangibles Income Statement": NaN,
        "Selling General And Administration": NaN,
        "Selling And Marketing Expense": NaN,
        "General And Administrative Expense": NaN,
        "Other Gand A": NaN,
        "Insurance And Claims": NaN,
        "Salaries And Wages": NaN,
        "Total Revenue": NaN,
        "Operating Revenue": NaN,
        "Occupancy And Equipment": NaN,
        "Professional Expense And Contract Services Expense": NaN,
        "Other Non Interest Expense": NaN
    },
    "2023-12-31": {
        "Tax Effect Of Unusual Items": -16662.109091,
        "Tax Rate For Calcs": 0.193745,
        "Total Unusual Items": -86000.0,
        "Total Unusual Items Excluding Goodwill": -86000.0,
        "Net Income From Continuing Operation Net Minority Interest": 5543000.0,
        "Reconciled Depreciation": 1424000.0,
        "Net Interest Income": 19570000.0,
        "Interest Expense": 18335000.0,
        "Interest Income": 37905000.0,
        "Normalized Income": 5612337.890909,
        "Net Income From Continuing And Discontinued Operation": 5543000.0,
        "Diluted Average Shares": 13665773.0,
        "Basic Average Shares": 13665773.0,
        "Diluted EPS": 0.41,
        "Basic EPS": 0.41,
        "Diluted NI Availto Com Stockholders": 5480000.0,
        "Net Income Common Stockholders": 5480000.0,
        "Otherunder Preferred Stock Dividend": 63000.0,
        "Net Income": 5543000.0,
        "Net Income Including Noncontrolling Interests": 5543000.0,
        "Net Income Continuous Operations": 5543000.0,
        "Tax Provision": 1332000.0,
        "Pretax Income": 6875000.0,
        "Gain On Sale Of Security": 0.0,
        "Depreciation Amortization Depletion Income Statement": 182000.0,
        "Depreciation And Amortization In Income Statement": 182000.0,
        "Amortization": 182000.0,
        "Amortization Of Intangibles Income Statement": 182000.0,
        "Selling General And Administration": 11745000.0,
        "Selling And Marketing Expense": 397000.0,
        "General And Administrative Expense": 11348000.0,
        "Other Gand A": 2555000.0,
        "Insurance And Claims": 594000.0,
        "Salaries And Wages": 8199000.0,
        "Total Revenue": 23111000.0,
        "Operating Revenue": 23111000.0,
        "Occupancy And Equipment": 2557000.0,
        "Professional Expense And Contract Services Expense": 192000.0,
        "Other Non Interest Expense": 1093000.0
    },
    "2024-03-31": {
        "Tax Effect Of Unusual Items": 0.0,
        "Tax Rate For Calcs": 0.209354,
        "Total Unusual Items": 0.0,
        "Total Unusual Items Excluding Goodwill": 0.0,
        "Net Income From Continuing Operation Net Minority Interest": 5359000.0,
        "Reconciled Depreciation": 1603000.0,
        "Net Interest Income": 19785000.0,
        "Interest Expense": 18536000.0,
        "Interest Income": 38321000.0,
        "Normalized Income": 5359000.0,
        "Net Income From Continuing And Discontinued Operation": 5359000.0,
        "Diluted Average Shares": 13671166.0,
        "Basic Average Shares": 13671166.0,
        "Diluted EPS": 0.39,
        "Basic EPS": 0.39,
        "Diluted NI Availto Com Stockholders": 5298000.0,
        "Net Income Common Stockholders": 5298000.0,
        "Otherunder Preferred Stock Dividend": 61000.0,
        "Net Income": 5359000.0,
        "Net Income Including Noncontrolling Interests": 5359000.0,
        "Net Income Continuous Operations": 5359000.0,
        "Tax Provision": 1419000.0,
        "Pretax Income": 6778000.0,
        "Gain On Sale Of Security": 0.0,
        "Depreciation Amortization Depletion Income Statement": 613000.0,
        "Depreciation And Amortization In Income Statement": 613000.0,
        "Amortization": 613000.0,
        "Amortization Of Intangibles Income Statement": 613000.0,
        "Selling General And Administration": 12460000.0,
        "Selling And Marketing Expense": 530000.0,
        "General And Administrative Expense": 11930000.0,
        "Other Gand A": 1333000.0,
        "Insurance And Claims": 580000.0,
        "Salaries And Wages": 10017000.0,
        "Total Revenue": 23362000.0,
        "Operating Revenue": 23362000.0,
        "Occupancy And Equipment": 2380000.0,
        "Professional Expense And Contract Services Expense": 631000.0,
        "Other Non Interest Expense": 1055000.0
    },
    "2024-06-30": {
        "Tax Effect Of Unusual Items": 10109.372817,
        "Tax Rate For Calcs": 0.206314,
        "Total Unusual Items": 49000.0,
        "Total Unusual Items Excluding Goodwill": 49000.0,
        "Net Income From Continuing Operation Net Minority Interest": 5682000.0,
        "Reconciled Depreciation": 1620000.0,
        "Net Interest Income": 21048000.0,
        "Interest Expense": 19791000.0,
        "Interest Income": 40839000.0,
        "Normalized Income": 5643109.372817,
        "Net Income From Continuing And Discontinued Operation": 5682000.0,
        "Diluted Average Shares": 13517273.0,
        "Basic Average Shares": 13517273.0,
        "Diluted EPS": 0.42,
        "Basic EPS": 0.42,
        "Diluted NI Availto Com Stockholders": 5614000.0,
        "Net Income Common Stockholders": 5614000.0,
        "Otherunder Preferred Stock Dividend": 68000.0,
        "Net Income": 5682000.0,
        "Net Income Including Noncontrolling Interests": 5682000.0,
        "Net Income Continuous Operations": 5682000.0,
        "Tax Provision": 1477000.0,
        "Pretax Income": 7159000.0,
        "Gain On Sale Of Security": 0.0,
        "Depreciation Amortization Depletion Income Statement": 631000.0,
        "Depreciation And Amortization In Income Statement": 631000.0,
        "Amortization": 631000.0,
        "Amortization Of Intangibles Income Statement": 631000.0,
        "Selling General And Administration": 12222000.0,
        "Selling And Marketing Expense": 519000.0,
        "General And Administrative Expense": 11703000.0,
        "Other Gand A": 1495000.0,
        "Insurance And Claims": 507000.0,
        "Salaries And Wages": 9701000.0,
        "Total Revenue": 24840000.0,
        "Operating Revenue": 24840000.0,
        "Occupancy And Equipment": 2406000.0,
        "Professional Expense And Contract Services Expense": 725000.0,
        "Other Non Interest Expense": 1110000.0
    },
    "2024-09-30": {
        "Tax Effect Of Unusual Items": 0.0,
        "Tax Rate For Calcs": 0.1964,
        "Total Unusual Items": 0.0,
        "Total Unusual Items Excluding Goodwill": 0.0,
        "Net Income From Continuing Operation Net Minority Interest": 6516000.0,
        "Reconciled Depreciation": 1737000.0,
        "Net Interest Income": 21255000.0,
        "Interest Expense": 20312000.0,
        "Interest Income": 41567000.0,
        "Normalized Income": 6516000.0,
        "Net Income From Continuing And Discontinued Operation": 6516000.0,
        "Diluted Average Shares": 13528371.0,
        "Basic Average Shares": 13528371.0,
        "Diluted EPS": 0.48,
        "Basic EPS": 0.48,
        "Diluted NI Availto Com Stockholders": 6440000.0,
        "Net Income Common Stockholders": 6440000.0,
        "Otherunder Preferred Stock Dividend": 76000.0,
        "Net Income": 6516000.0,
        "Net Income Including Noncontrolling Interests": 6516000.0,
        "Net Income Continuous Operations": 6516000.0,
        "Tax Provision": 1593000.0,
        "Pretax Income": 8109000.0,
        "Gain On Sale Of Security": 0.0,
        "Depreciation Amortization Depletion Income Statement": 664000.0,
        "Depreciation And Amortization In Income Statement": 664000.0,
        "Amortization": 664000.0,
        "Amortization Of Intangibles Income Statement": 664000.0,
        "Selling General And Administration": 12066000.0,
        "Selling And Marketing Expense": 597000.0,
        "General And Administrative Expense": 11469000.0,
        "Other Gand A": 1128000.0,
        "Insurance And Claims": 516000.0,
        "Salaries And Wages": 9825000.0,
        "Total Revenue": 24833000.0,
        "Operating Revenue": 24833000.0,
        "Occupancy And Equipment": 2526000.0,
        "Professional Expense And Contract Services Expense": 704000.0,
        "Other Non Interest Expense": 749000.0
    },
    "2024-12-31": {
        "Tax Effect Of Unusual Items": 4484.848485,
        "Tax Rate For Calcs": 0.203857,
        "Total Unusual Items": 22000.0,
        "Total Unusual Items Excluding Goodwill": 22000.0,
        "Net Income From Continuing Operation Net Minority Interest": 8381000.0,
        "Reconciled Depreciation": 1412000.0,
        "Net Interest Income": 22463000.0,
        "Interest Expense": 19021000.0,
        "Interest Income": 41484000.0,
        "Normalized Income": 8363484.848485,
        "Net Income From Continuing And Discontinued Operation": 8381000.0,
        "Diluted Average Shares": 13699869.0,
        "Basic Average Shares": 13699869.0,
        "Diluted EPS": 0.61,
        "Basic EPS": 0.61,
        "Diluted NI Availto Com Stockholders": 8081000.0,
        "Net Income Common Stockholders": 8081000.0,
        "Otherunder Preferred Stock Dividend": 300000.0,
        "Net Income": 8381000.0,
        "Net Income Including Noncontrolling Interests": 8381000.0,
        "Net Income Continuous Operations": 8381000.0,
        "Tax Provision": 2146000.0,
        "Pretax Income": 10527000.0,
        "Gain On Sale Of Security": 0.0,
        "Depreciation Amortization Depletion Income Statement": 690000.0,
        "Depreciation And Amortization In Income Statement": 690000.0,
        "Amortization": 690000.0,
        "Amortization Of Intangibles Income Statement": 690000.0,
        "Selling General And Administration": 11636000.0,
        "Selling And Marketing Expense": 498000.0,
        "General And Administrative Expense": 11138000.0,
        "Other Gand A": 1465000.0,
        "Insurance And Claims": 505000.0,
        "Salaries And Wages": 9168000.0,
        "Total Revenue": 26265000.0,
        "Operating Revenue": 26265000.0,
        "Occupancy And Equipment": 2104000.0,
        "Professional Expense And Contract Services Expense": 610000.0,
        "Other Non Interest Expense": 472000.0
    },
    "2025-03-31": {
        "Tax Effect Of Unusual Items": -11145.6,
        "Tax Rate For Calcs": 0.2064,
        "Total Unusual Items": -54000.0,
        "Total Unusual Items Excluding Goodwill": -54000.0,
        "Net Income From Continuing Operation Net Minority Interest": 6952000.0,
        "Reconciled Depreciation": 1558000.0,
        "Net Interest Income": 23571000.0,
        "Interest Expense": 17093000.0,
        "Interest Income": 40664000.0,
        "Normalized Income": 6994854.4,
        "Net Income From Continuing And Discontinued Operation": 6952000.0,
        "Diluted Average Shares": 13541847.0,
        "Basic Average Shares": 13541847.0,
        "Diluted EPS": 0.51,
        "Basic EPS": 0.51,
        "Diluted NI Availto Com Stockholders": 6869000.0,
        "Net Income Common Stockholders": 6869000.0,
        "Otherunder Preferred Stock Dividend": 83000.0,
        "Net Income": 6952000.0,
        "Net Income Including Noncontrolling Interests": 6952000.0,
        "Net Income Continuous Operations": 6952000.0,
        "Tax Provision": 1808000.0,
        "Pretax Income": 8760000.0,
        "Gain On Sale Of Security": 0.0,
        "Depreciation Amortization Depletion Income Statement": 572000.0,
        "Depreciation And Amortization In Income Statement": 572000.0,
        "Amortization": 572000.0,
        "Amortization Of Intangibles Income Statement": 572000.0,
        "Selling General And Administration": 12734000.0,
        "Selling And Marketing Expense": 503000.0,
        "General And Administrative Expense": 12231000.0,
        "Other Gand A": 1484000.0,
        "Insurance And Claims": 465000.0,
        "Salaries And Wages": 10282000.0,
        "Total Revenue": 27352000.0,
        "Operating Revenue": 27352000.0,
        "Occupancy And Equipment": 2477000.0,
        "Professional Expense And Contract Services Expense": 1304000.0,
        "Other Non Interest Expense": 954000.0
    },
    "2025-06-30": {
        "Tax Effect Of Unusual Items": 3074.860796,
        "Tax Rate For Calcs": 0.204991,
        "Total Unusual Items": 15000.0,
        "Total Unusual Items Excluding Goodwill": 15000.0,
        "Net Income From Continuing Operation Net Minority Interest": 7710000.0,
        "Reconciled Depreciation": 1663000.0,
        "Net Interest Income": 25400000.0,
        "Interest Expense": 17781000.0,
        "Interest Income": 43181000.0,
        "Normalized Income": 7698074.860796,
        "Net Income From Continuing And Discontinued Operation": 7710000.0,
        "Diluted Average Shares": 13547445.0,
        "Basic Average Shares": 13547445.0,
        "Diluted EPS": 0.56,
        "Basic EPS": 0.56,
        "Diluted NI Availto Com Stockholders": 7613000.0,
        "Net Income Common Stockholders": 7613000.0,
        "Otherunder Preferred Stock Dividend": 97000.0,
        "Net Income": 7710000.0,
        "Net Income Including Noncontrolling Interests": 7710000.0,
        "Net Income Continuous Operations": 7710000.0,
        "Tax Provision": 1988000.0,
        "Pretax Income": 9698000.0,
        "Gain On Sale Of Security": 0.0,
        "Depreciation Amortization Depletion Income Statement": 678000.0,
        "Depreciation And Amortization In Income Statement": 678000.0,
        "Amortization": 678000.0,
        "Amortization Of Intangibles Income Statement": 678000.0,
        "Selling General And Administration": 12554000.0,
        "Selling And Marketing Expense": 356000.0,
        "General And Administrative Expense": 12198000.0,
        "Other Gand A": 1918000.0,
        "Insurance And Claims": 448000.0,
        "Salaries And Wages": 9832000.0,
        "Total Revenue": 29318000.0,
        "Operating Revenue": 29318000.0,
        "Occupancy And Equipment": 2489000.0,
        "Professional Expense And Contract Services Expense": 996000.0,
        "Other Non Interest Expense": 2215000.0
    }
}