{
    "2023-06-30": {
        "Tax Effect Of Unusual Items": -66490.690282,
        "Tax Rate For Calcs": 0.150431,
        "Total Unusual Items": -442000.0,
        "Total Unusual Items Excluding Goodwill": -442000.0,
        "Net Income From Continuing Operation Net Minority Interest": 14966000.0,
        "Reconciled Depreciation": 2202000.0,
        "Net Interest Income": 33984000.0,
        "Interest Expense": 18226000.0,
        "Interest Income": 52210000.0,
        "Normalized Income": 15341509.309718,
        "Net Income From Continuing And Discontinued Operation": 14966000.0,
        "Diluted Average Shares": 37415000.0,
        "Basic Average Shares": 37415000.0,
        "Diluted EPS": 0.4,
        "Basic EPS": 0.4,
        "Diluted NI Availto Com Stockholders": 14966000.0,
        "Net Income Common Stockholders": 14966000.0,
        "Net Income": 14966000.0,
        "Net Income Including Noncontrolling Interests": 14966000.0,
        "Net Income Continuous Operations": 14966000.0,
        "Tax Provision": 2650000.0,
        "Pretax Income": 17616000.0,
        "Special Income Charges": -442000.0,
        "Restructuring And Mergern Acquisition": 442000.0,
        "Gain On Sale Of Security": 13000.0,
        "Depreciation Amortization Depletion Income Statement": 1222000.0,
        "Depreciation And Amortization In Income Statement": 1222000.0,
        "Amortization": 1222000.0,
        "Amortization Of Intangibles Income Statement": 1222000.0,
        "Selling General And Administration": 14103000.0,
        "Selling And Marketing Expense": 478000.0,
        "General And Administrative Expense": 13625000.0,
        "Insurance And Claims": NaN,
        "Salaries And Wages": 13625000.0,
        "Total Revenue": 44027000.0,
        "Operating Revenue": 44027000.0,
        "Occupancy And Equipment": 3859000.0,
        "Professional Expense And Contract Services Expense": 1190000.0,
        "Other Non Interest Expense": 5570000.0
    },
    "2023-03-31": {
        "Tax Effect Of Unusual Items": NaN,
        "Tax Rate For Calcs": NaN,
        "Total Unusual Items": NaN,
        "Total Unusual Items Excluding Goodwill": NaN,
        "Net Income From Continuing Operation Net Minority Interest": NaN,
        "Reconciled Depreciation": NaN,
        "Net Interest Income": NaN,
        "Interest Expense": NaN,
        "Interest Income": NaN,
        "Normalized Income": NaN,
        "Net Income From Continuing And Discontinued Operation": NaN,
        "Diluted Average Shares": NaN,
        "Basic Average Shares": NaN,
        "Diluted EPS": NaN,
        "Basic EPS": NaN,
        "Diluted NI Availto Com Stockholders": NaN,
        "Net Income Common Stockholders": NaN,
        "Net Income": NaN,
        "Net Income Including Noncontrolling Interests": NaN,
        "Net Income Continuous Operations": NaN,
        "Tax Provision": NaN,
        "Pretax Income": NaN,
        "Special Income Charges": NaN,
        "Restructuring And Mergern Acquisition": NaN,
        "Gain On Sale Of Security": NaN,
        "Depreciation Amortization Depletion Income Statement": NaN,
        "Depreciation And Amortization In Income Statement": NaN,
        "Amortization": NaN,
        "Amortization Of Intangibles Income Statement": NaN,
        "Selling General And Administration": NaN,
        "Selling And Marketing Expense": NaN,
        "General And Administrative Expense": NaN,
        "Insurance And Claims": 1222000.0,
        "Salaries And Wages": NaN,
        "Total Revenue": NaN,
        "Operating Revenue": NaN,
        "Occupancy And Equipment": NaN,
        "Professional Expense And Contract Services Expense": NaN,
        "Other Non Interest Expense": NaN
    },
    "2022-12-31": {
        "Tax Effect Of Unusual Items": NaN,
        "Tax Rate For Calcs": NaN,
        "Total Unusual Items": NaN,
        "Total Unusual Items Excluding Goodwill": NaN,
        "Net Income From Continuing Operation Net Minority Interest": NaN,
        "Reconciled Depreciation": NaN,
        "Net Interest Income": NaN,
        "Interest Expense": NaN,
        "Interest Income": NaN,
        "Normalized Income": NaN,
        "Net Income From Continuing And Discontinued Operation": NaN,
        "Diluted Average Shares": NaN,
        "Basic Average Shares": NaN,
        "Diluted EPS": NaN,
        "Basic EPS": NaN,
        "Diluted NI Availto Com Stockholders": NaN,
        "Net Income Common Stockholders": NaN,
        "Net Income": NaN,
        "Net Income Including Noncontrolling Interests": NaN,
        "Net Income Continuous Operations": NaN,
        "Tax Provision": NaN,
        "Pretax Income": NaN,
        "Special Income Charges": NaN,
        "Other Special Charges": 0.0,
        "Restructuring And Mergern Acquisition": NaN,
        "Gain On Sale Of Security": NaN,
        "Depreciation Amortization Depletion Income Statement": NaN,
        "Depreciation And Amortization In Income Statement": NaN,
        "Amortization": NaN,
        "Amortization Of Intangibles Income Statement": NaN,
        "Selling General And Administration": NaN,
        "Selling And Marketing Expense": NaN,
        "General And Administrative Expense": NaN,
        "Insurance And Claims": NaN,
        "Salaries And Wages": NaN,
        "Total Revenue": NaN,
        "Operating Revenue": NaN,
        "Occupancy And Equipment": NaN,
        "Professional Expense And Contract Services Expense": NaN,
        "Other Non Interest Expense": NaN
    },
    "2022-09-30": {
        "Tax Effect Of Unusual Items": -154079.206865,
        "Tax Rate For Calcs": 0.176696,
        "Total Unusual Items": -872000.0,
        "Total Unusual Items Excluding Goodwill": -872000.0,
        "Net Income From Continuing Operation Net Minority Interest": 15446000.0,
        "Reconciled Depreciation": 432000.0,
        "Net Interest Income": 31781000.0,
        "Interest Expense": 4629000.0,
        "Interest Income": 36410000.0,
        "Normalized Income": 16163920.793135,
        "Net Income From Continuing And Discontinued Operation": 15446000.0,
        "Diluted Average Shares": 33931882.0,
        "Basic Average Shares": 33851596.0,
        "Diluted EPS": 0.46,
        "Basic EPS": 0.46,
        "Diluted NI Availto Com Stockholders": 15446000.0,
        "Net Income Common Stockholders": 15446000.0,
        "Net Income": 15446000.0,
        "Net Income Including Noncontrolling Interests": 15446000.0,
        "Net Income Continuous Operations": 15446000.0,
        "Tax Provision": 3315000.0,
        "Pretax Income": 18761000.0,
        "Special Income Charges": -872000.0,
        "Other Special Charges": NaN,
        "Restructuring And Mergern Acquisition": 872000.0,
        "Gain On Sale Of Security": -17000.0,
        "Depreciation Amortization Depletion Income Statement": 432000.0,
        "Depreciation And Amortization In Income Statement": 432000.0,
        "Amortization": 432000.0,
        "Amortization Of Intangibles Income Statement": 432000.0,
        "Selling General And Administration": 13075000.0,
        "Selling And Marketing Expense": 596000.0,
        "General And Administrative Expense": 12479000.0,
        "Other Gand A": 738000.0,
        "Insurance And Claims": 1017000.0,
        "Salaries And Wages": 10724000.0,
        "Total Revenue": 40608000.0,
        "Operating Revenue": 40608000.0
    },
    "2022-06-30": {
        "Tax Effect Of Unusual Items": -111445.76422,
        "Tax Rate For Calcs": 0.16535,
        "Total Unusual Items": -674000.0,
        "Total Unusual Items Excluding Goodwill": -674000.0,
        "Net Income From Continuing Operation Net Minority Interest": 15951000.0,
        "Reconciled Depreciation": 1179000.0,
        "Net Interest Income": 31711000.0,
        "Interest Expense": 2575000.0,
        "Interest Income": 34286000.0,
        "Normalized Income": 16513554.23578,
        "Net Income From Continuing And Discontinued Operation": 15951000.0,
        "Diluted Average Shares": 33922844.0,
        "Basic Average Shares": 33850449.0,
        "Diluted EPS": 0.47,
        "Basic EPS": 0.47,
        "Diluted NI Availto Com Stockholders": 15951000.0,
        "Net Income Common Stockholders": 15951000.0,
        "Net Income": 15951000.0,
        "Net Income Including Noncontrolling Interests": 15951000.0,
        "Net Income Continuous Operations": 15951000.0,
        "Tax Provision": 3160000.0,
        "Pretax Income": 19111000.0,
        "Special Income Charges": -674000.0,
        "Other Special Charges": NaN,
        "Restructuring And Mergern Acquisition": 674000.0,
        "Gain On Sale Of Security": -60000.0,
        "Depreciation Amortization Depletion Income Statement": 419000.0,
        "Depreciation And Amortization In Income Statement": 419000.0,
        "Amortization": 419000.0,
        "Amortization Of Intangibles Income Statement": 419000.0,
        "Selling General And Administration": 11842000.0,
        "Selling And Marketing Expense": 487000.0,
        "General And Administrative Expense": 11355000.0,
        "Other Gand A": NaN,
        "Insurance And Claims": 282000.0,
        "Salaries And Wages": 11073000.0,
        "Total Revenue": 41188000.0,
        "Operating Revenue": 41188000.0
    },
    "2022-03-31": {
        "Diluted EPS": 0.47,
        "Total Revenue": 51,
        "Gross Profit": 49,
        "Operating Income": 21,
        "EBIT": NaN,
        "Net Income": 16
    },
    "2021-12-31": {
        "Diluted EPS": 0.15,
        "Total Revenue": 41,
        "Gross Profit": 39,
        "Operating Income": 13,
        "EBIT": NaN,
        "Net Income": 6
    },
    "2021-09-30": {
        "Diluted EPS": 0.56,
        "Total Revenue": 37,
        "Gross Profit": 36,
        "Operating Income": 20,
        "EBIT": NaN,
        "Net Income": 16
    },
    "2021-06-30": {
        "Diluted EPS": 0.55,
        "Total Revenue": 38,
        "Gross Profit": 36,
        "Operating Income": 19,
        "EBIT": NaN,
        "Net Income": 16
    },
    "2021-03-31": {
        "Diluted EPS": 0.51,
        "Total Revenue": 38,
        "Gross Profit": 35,
        "Operating Income": 18,
        "EBIT": NaN,
        "Net Income": 15
    },
    "2020-12-31": {
        "Diluted EPS": 0.4,
        "Total Revenue": 39,
        "Gross Profit": 36,
        "Operating Income": 16,
        "EBIT": NaN,
        "Net Income": 11
    },
    "2020-09-30": {
        "Diluted EPS": 0.38,
        "Total Revenue": 37,
        "Gross Profit": 33,
        "Operating Income": 13,
        "EBIT": NaN,
        "Net Income": 11
    },
    "2020-06-30": {
        "Diluted EPS": 0.39,
        "Total Revenue": 37,
        "Gross Profit": 33,
        "Operating Income": 13,
        "EBIT": NaN,
        "Net Income": 11
    },
    "2020-03-31": {
        "Diluted EPS": 0.3,
        "Total Revenue": 36,
        "Gross Profit": 30,
        "Operating Income": 12,
        "EBIT": NaN,
        "Net Income": 9
    },
    "2019-12-31": {
        "Diluted EPS": 0.34,
        "Total Revenue": 33,
        "Gross Profit": 28,
        "Operating Income": 12,
        "EBIT": NaN,
        "Net Income": 10
    },
    "2019-09-30": {
        "Diluted EPS": 0.33,
        "Total Revenue": 34,
        "Gross Profit": 28,
        "Operating Income": 11,
        "EBIT": NaN,
        "Net Income": 9
    },
    "2019-06-30": {
        "Diluted EPS": 0.31,
        "Total Revenue": 33,
        "Gross Profit": 28,
        "Operating Income": 10,
        "EBIT": NaN,
        "Net Income": 9
    },
    "2019-03-31": {
        "Diluted EPS": 0.3,
        "Total Revenue": 31,
        "Gross Profit": 26,
        "Operating Income": 10,
        "EBIT": NaN,
        "Net Income": 8
    },
    "2018-12-31": {
        "Diluted EPS": 0.3,
        "Total Revenue": 31,
        "Gross Profit": 27,
        "Operating Income": 10,
        "EBIT": NaN,
        "Net Income": 9
    },
    "2018-09-30": {
        "Diluted EPS": 0.29,
        "Total Revenue": 30,
        "Gross Profit": 26,
        "Operating Income": 9,
        "EBIT": NaN,
        "Net Income": 8
    },
    "2018-06-30": {
        "Diluted EPS": 0.29,
        "Total Revenue": 29,
        "Gross Profit": 26,
        "Operating Income": 10,
        "EBIT": NaN,
        "Net Income": 8
    },
    "2018-03-31": {
        "Diluted EPS": 0.28,
        "Total Revenue": 27,
        "Gross Profit": 25,
        "Operating Income": 9,
        "EBIT": NaN,
        "Net Income": 8
    },
    "2017-12-31": {
        "Diluted EPS": 0.18,
        "Total Revenue": 27,
        "Gross Profit": 25,
        "Operating Income": 10,
        "EBIT": NaN,
        "Net Income": 5
    },
    "2017-09-30": {
        "Diluted EPS": 0.22,
        "Total Revenue": 27,
        "Gross Profit": 25,
        "Operating Income": 8,
        "EBIT": NaN,
        "Net Income": 6
    },
    "2017-06-30": {
        "Diluted EPS": 0.21,
        "Total Revenue": 26,
        "Gross Profit": 24,
        "Operating Income": 8,
        "EBIT": NaN,
        "Net Income": 6
    },
    "2017-03-31": {
        "Diluted EPS": 0.21,
        "Total Revenue": 25,
        "Gross Profit": 23,
        "Operating Income": 8,
        "EBIT": NaN,
        "Net Income": 6
    },
    "2016-12-31": {
        "Diluted EPS": 0.19,
        "Total Revenue": 25,
        "Gross Profit": 23,
        "Operating Income": 7,
        "EBIT": NaN,
        "Net Income": 5
    },
    "2016-09-30": {
        "Diluted EPS": 0.2,
        "Total Revenue": 25,
        "Gross Profit": 24,
        "Operating Income": 7,
        "EBIT": NaN,
        "Net Income": 5
    },
    "2016-06-30": {
        "Diluted EPS": 0.19,
        "Total Revenue": 24,
        "Gross Profit": 23,
        "Operating Income": 7,
        "EBIT": NaN,
        "Net Income": 5
    },
    "2016-03-31": {
        "Diluted EPS": 0.18,
        "Total Revenue": 23,
        "Gross Profit": 22,
        "Operating Income": 7,
        "EBIT": NaN,
        "Net Income": 5
    },
    "2015-12-31": {
        "Diluted EPS": 0.13,
        "Total Revenue": 23,
        "Gross Profit": 22,
        "Operating Income": 6,
        "EBIT": NaN,
        "Net Income": 3
    },
    "2015-09-30": {
        "Diluted EPS": 0.07,
        "Total Revenue": 20,
        "Gross Profit": 19,
        "Operating Income": 5,
        "EBIT": NaN,
        "Net Income": 2
    },
    "2015-06-30": {
        "Diluted EPS": 0.04,
        "Total Revenue": 15,
        "Gross Profit": 14,
        "Operating Income": 3,
        "EBIT": NaN,
        "Net Income": 1
    },
    "2015-03-31": {
        "Diluted EPS": 0.12,
        "Total Revenue": 14,
        "Gross Profit": 13,
        "Operating Income": 3,
        "EBIT": NaN,
        "Net Income": 2
    },
    "2014-12-31": {
        "Diluted EPS": 0.11,
        "Total Revenue": 15,
        "Gross Profit": 13,
        "Operating Income": 3,
        "EBIT": NaN,
        "Net Income": 2
    },
    "2014-09-30": {
        "Diluted EPS": 0.12,
        "Total Revenue": 14,
        "Gross Profit": 13,
        "Operating Income": 3,
        "EBIT": NaN,
        "Net Income": 2
    },
    "2014-06-30": {
        "Diluted EPS": 0.13,
        "Total Revenue": 14,
        "Gross Profit": 13,
        "Operating Income": 3,
        "EBIT": NaN,
        "Net Income": 2
    },
    "2014-03-31": {
        "Diluted EPS": 0.12,
        "Total Revenue": 13,
        "Gross Profit": 12,
        "Operating Income": 3,
        "EBIT": NaN,
        "Net Income": 2
    },
    "2013-12-31": {
        "Diluted EPS": 0.11,
        "Total Revenue": 14,
        "Gross Profit": 13,
        "Operating Income": 3,
        "EBIT": NaN,
        "Net Income": 2
    },
    "2013-09-30": {
        "Diluted EPS": 0.09,
        "Total Revenue": 14,
        "Gross Profit": 13,
        "Operating Income": 2,
        "EBIT": NaN,
        "Net Income": 2
    },
    "2013-06-30": {
        "Diluted EPS": 0.1,
        "Total Revenue": 13,
        "Gross Profit": 12,
        "Operating Income": 2,
        "EBIT": NaN,
        "Net Income": 2
    },
    "2013-03-31": {
        "Diluted EPS": 0.11,
        "Total Revenue": 13,
        "Gross Profit": 12,
        "Operating Income": 3,
        "EBIT": NaN,
        "Net Income": 2
    },
    "2012-12-31": {
        "Diluted EPS": 0.15,
        "Total Revenue": 14,
        "Gross Profit": 13,
        "Operating Income": 3,
        "EBIT": NaN,
        "Net Income": 3
    },
    "2012-09-30": {
        "Diluted EPS": 0.13,
        "Total Revenue": 14,
        "Gross Profit": 12,
        "Operating Income": 3,
        "EBIT": NaN,
        "Net Income": 2
    },
    "2012-06-30": {
        "Diluted EPS": 0.12,
        "Total Revenue": 14,
        "Gross Profit": 12,
        "Operating Income": 3,
        "EBIT": NaN,
        "Net Income": 2
    },
    "2012-03-31": {
        "Diluted EPS": 0.13,
        "Total Revenue": 14,
        "Gross Profit": 12,
        "Operating Income": 3,
        "EBIT": NaN,
        "Net Income": 3
    },
    "2011-12-31": {
        "Diluted EPS": 0.16,
        "Total Revenue": 15,
        "Gross Profit": 14,
        "Operating Income": 4,
        "EBIT": NaN,
        "Net Income": 3
    },
    "2011-09-30": {
        "Diluted EPS": 0.13,
        "Total Revenue": 14,
        "Gross Profit": 12,
        "Operating Income": 3,
        "EBIT": NaN,
        "Net Income": 2
    },
    "2011-06-30": {
        "Diluted EPS": 0.11,
        "Total Revenue": 14,
        "Gross Profit": 12,
        "Operating Income": 3,
        "EBIT": NaN,
        "Net Income": 2
    },
    "2011-03-31": {
        "Diluted EPS": 0.1,
        "Total Revenue": 14,
        "Gross Profit": 12,
        "Operating Income": 2,
        "EBIT": NaN,
        "Net Income": 2
    },
    "2010-12-31": {
        "Diluted EPS": 0.24,
        "Total Revenue": 16,
        "Gross Profit": 14,
        "Operating Income": 4,
        "EBIT": NaN,
        "Net Income": 3
    },
    "2010-09-30": {
        "Diluted EPS": 0.21,
        "Total Revenue": 16,
        "Gross Profit": 13,
        "Operating Income": 4,
        "EBIT": NaN,
        "Net Income": 3
    },
    "2010-06-30": {
        "Diluted EPS": 0.15,
        "Total Revenue": 15,
        "Gross Profit": 12,
        "Operating Income": 3,
        "EBIT": NaN,
        "Net Income": 2
    },
    "2010-03-31": {
        "Diluted EPS": 0.06,
        "Total Revenue": 14,
        "Gross Profit": 11,
        "Operating Income": 1,
        "EBIT": NaN,
        "Net Income": 1
    },
    "2009-12-31": {
        "Diluted EPS": 0.07,
        "Total Revenue": 16,
        "Gross Profit": 12,
        "Operating Income": 1,
        "EBIT": NaN,
        "Net Income": 1
    },
    "2009-09-30": {
        "Diluted EPS": 0.12,
        "Total Revenue": 15,
        "Gross Profit": 11,
        "Operating Income": 2,
        "EBIT": NaN,
        "Net Income": 2
    },
    "2009-06-30": {
        "Diluted EPS": 0.12,
        "Total Revenue": 15,
        "Gross Profit": 11,
        "Operating Income": 2,
        "EBIT": NaN,
        "Net Income": 2
    },
    "2009-03-31": {
        "Diluted EPS": 0.13,
        "Total Revenue": 13,
        "Gross Profit": 9,
        "Operating Income": 3,
        "EBIT": NaN,
        "Net Income": 2
    },
    "2023-09-30": {
        "Tax Effect Of Unusual Items": NaN,
        "Tax Rate For Calcs": NaN,
        "Total Unusual Items": NaN,
        "Total Unusual Items Excluding Goodwill": NaN,
        "Net Income From Continuing Operation Net Minority Interest": NaN,
        "Reconciled Depreciation": NaN,
        "Net Interest Income": NaN,
        "Interest Expense": NaN,
        "Interest Income": NaN,
        "Normalized Income": NaN,
        "Net Income From Continuing And Discontinued Operation": NaN,
        "Diluted Average Shares": 37379354.0,
        "Basic Average Shares": 37241383.0,
        "Diluted EPS": 0.36,
        "Basic EPS": 0.36,
        "Diluted NI Availto Com Stockholders": NaN,
        "Net Income Common Stockholders": NaN,
        "Net Income": NaN,
        "Net Income Including Noncontrolling Interests": NaN,
        "Net Income Continuous Operations": NaN,
        "Tax Provision": NaN,
        "Pretax Income": NaN,
        "Special Income Charges": NaN,
        "Restructuring And Mergern Acquisition": NaN,
        "Gain On Sale Of Security": NaN,
        "Depreciation Amortization Depletion Income Statement": NaN,
        "Depreciation And Amortization In Income Statement": NaN,
        "Amortization": NaN,
        "Amortization Of Intangibles Income Statement": NaN,
        "Selling General And Administration": NaN,
        "Selling And Marketing Expense": NaN,
        "General And Administrative Expense": NaN,
        "Insurance And Claims": NaN,
        "Salaries And Wages": NaN,
        "Total Revenue": NaN,
        "Operating Revenue": NaN,
        "Occupancy And Equipment": NaN,
        "Professional Expense And Contract Services Expense": NaN,
        "Other Non Interest Expense": NaN
    },
    "2023-12-31": {
        "Tax Effect Of Unusual Items": NaN,
        "Tax Rate For Calcs": NaN,
        "Total Unusual Items": -453000.0,
        "Total Unusual Items Excluding Goodwill": -453000.0,
        "Net Income From Continuing Operation Net Minority Interest": NaN,
        "Reconciled Depreciation": NaN,
        "Net Interest Income": NaN,
        "Interest Expense": NaN,
        "Interest Income": NaN,
        "Normalized Income": NaN,
        "Net Income From Continuing And Discontinued Operation": NaN,
        "Diluted Average Shares": NaN,
        "Basic Average Shares": NaN,
        "Diluted EPS": NaN,
        "Basic EPS": NaN,
        "Diluted NI Availto Com Stockholders": NaN,
        "Net Income Common Stockholders": NaN,
        "Net Income": NaN,
        "Net Income Including Noncontrolling Interests": NaN,
        "Net Income Continuous Operations": NaN,
        "Tax Provision": NaN,
        "Pretax Income": NaN,
        "Special Income Charges": -453000.0,
        "Restructuring And Mergern Acquisition": 453000.0,
        "Gain On Sale Of Security": NaN,
        "Depreciation Amortization Depletion Income Statement": NaN,
        "Depreciation And Amortization In Income Statement": NaN,
        "Amortization": NaN,
        "Amortization Of Intangibles Income Statement": NaN,
        "Selling General And Administration": NaN,
        "Selling And Marketing Expense": NaN,
        "General And Administrative Expense": NaN,
        "Insurance And Claims": NaN,
        "Salaries And Wages": NaN,
        "Total Revenue": NaN,
        "Operating Revenue": NaN,
        "Occupancy And Equipment": NaN,
        "Professional Expense And Contract Services Expense": NaN,
        "Other Non Interest Expense": NaN
    },
    "2024-03-31": {
        "Tax Effect Of Unusual Items": NaN,
        "Tax Rate For Calcs": NaN,
        "Total Unusual Items": 0.0,
        "Total Unusual Items Excluding Goodwill": 0.0,
        "Net Income From Continuing Operation Net Minority Interest": NaN,
        "Reconciled Depreciation": NaN,
        "Net Interest Income": NaN,
        "Interest Expense": NaN,
        "Interest Income": NaN,
        "Normalized Income": NaN,
        "Net Income From Continuing And Discontinued Operation": NaN,
        "Diluted Average Shares": NaN,
        "Basic Average Shares": NaN,
        "Diluted EPS": NaN,
        "Basic EPS": NaN,
        "Diluted NI Availto Com Stockholders": NaN,
        "Net Income Common Stockholders": NaN,
        "Net Income": NaN,
        "Net Income Including Noncontrolling Interests": NaN,
        "Net Income Continuous Operations": NaN,
        "Tax Provision": NaN,
        "Pretax Income": NaN,
        "Special Income Charges": 0.0,
        "Restructuring And Mergern Acquisition": 0.0,
        "Gain On Sale Of Security": NaN,
        "Depreciation Amortization Depletion Income Statement": NaN,
        "Depreciation And Amortization In Income Statement": NaN,
        "Amortization": NaN,
        "Amortization Of Intangibles Income Statement": NaN,
        "Selling General And Administration": NaN,
        "Selling And Marketing Expense": NaN,
        "General And Administrative Expense": NaN,
        "Insurance And Claims": 1345000.0,
        "Salaries And Wages": NaN,
        "Total Revenue": NaN,
        "Operating Revenue": NaN,
        "Occupancy And Equipment": NaN,
        "Professional Expense And Contract Services Expense": NaN,
        "Other Non Interest Expense": NaN
    },
    "2024-06-30": {
        "Tax Effect Of Unusual Items": NaN,
        "Tax Rate For Calcs": NaN,
        "Total Unusual Items": 0.0,
        "Total Unusual Items Excluding Goodwill": 0.0,
        "Net Income From Continuing Operation Net Minority Interest": NaN,
        "Reconciled Depreciation": NaN,
        "Net Interest Income": NaN,
        "Interest Expense": NaN,
        "Interest Income": NaN,
        "Normalized Income": NaN,
        "Net Income From Continuing And Discontinued Operation": NaN,
        "Diluted Average Shares": NaN,
        "Basic Average Shares": NaN,
        "Diluted EPS": NaN,
        "Basic EPS": NaN,
        "Diluted NI Availto Com Stockholders": NaN,
        "Net Income Common Stockholders": NaN,
        "Net Income": NaN,
        "Net Income Including Noncontrolling Interests": NaN,
        "Net Income Continuous Operations": NaN,
        "Tax Provision": NaN,
        "Pretax Income": NaN,
        "Special Income Charges": 0.0,
        "Restructuring And Mergern Acquisition": 0.0,
        "Gain On Sale Of Security": NaN,
        "Depreciation Amortization Depletion Income Statement": NaN,
        "Depreciation And Amortization In Income Statement": NaN,
        "Amortization": NaN,
        "Amortization Of Intangibles Income Statement": NaN,
        "Selling General And Administration": NaN,
        "Selling And Marketing Expense": NaN,
        "General And Administrative Expense": NaN,
        "Insurance And Claims": NaN,
        "Salaries And Wages": NaN,
        "Total Revenue": NaN,
        "Operating Revenue": NaN,
        "Occupancy And Equipment": NaN,
        "Professional Expense And Contract Services Expense": NaN,
        "Other Non Interest Expense": NaN
    },
    "2024-09-30": {
        "Tax Effect Of Unusual Items": 0.0,
        "Tax Rate For Calcs": 0.157703,
        "Total Unusual Items": 0.0,
        "Total Unusual Items Excluding Goodwill": 0.0,
        "Net Income From Continuing Operation Net Minority Interest": 8535000.0,
        "Reconciled Depreciation": 1501000.0,
        "Net Interest Income": 31530000.0,
        "Interest Expense": 26047000.0,
        "Interest Income": 57577000.0,
        "Normalized Income": 8535000.0,
        "Net Income From Continuing And Discontinued Operation": 8535000.0,
        "Diluted Average Shares": 37567000.0,
        "Basic Average Shares": 37108696.0,
        "Diluted EPS": 0.23,
        "Basic EPS": 0.23,
        "Diluted NI Availto Com Stockholders": 8535000.0,
        "Net Income Common Stockholders": 8535000.0,
        "Net Income": 8535000.0,
        "Net Income Including Noncontrolling Interests": 8535000.0,
        "Net Income Continuous Operations": 8535000.0,
        "Tax Provision": 1598000.0,
        "Pretax Income": 10133000.0,
        "Special Income Charges": 0.0,
        "Restructuring And Mergern Acquisition": 0.0,
        "Gain On Sale Of Security": -403000.0,
        "Depreciation Amortization Depletion Income Statement": 629000.0,
        "Depreciation And Amortization In Income Statement": 629000.0,
        "Amortization": 629000.0,
        "Amortization Of Intangibles Income Statement": 629000.0,
        "Selling General And Administration": 15309000.0,
        "Selling And Marketing Expense": 435000.0,
        "General And Administrative Expense": 14874000.0,
        "Insurance And Claims": NaN,
        "Salaries And Wages": 14874000.0,
        "Total Revenue": 44216000.0,
        "Operating Revenue": 44216000.0,
        "Occupancy And Equipment": 3968000.0,
        "Professional Expense And Contract Services Expense": 1084000.0,
        "Other Non Interest Expense": 6085000.0
    },
    "2024-12-31": {
        "Tax Effect Of Unusual Items": -17131.644424,
        "Tax Rate For Calcs": 0.186214,
        "Total Unusual Items": -92000.0,
        "Total Unusual Items Excluding Goodwill": -92000.0,
        "Net Income From Continuing Operation Net Minority Interest": 14391000.0,
        "Reconciled Depreciation": 1797000.0,
        "Net Interest Income": 32319000.0,
        "Interest Expense": 25170000.0,
        "Interest Income": 57489000.0,
        "Normalized Income": 14465868.355576,
        "Net Income From Continuing And Discontinued Operation": 14391000.0,
        "Diluted Average Shares": 37871053.0,
        "Basic Average Shares": 37871053.0,
        "Diluted EPS": 0.38,
        "Basic EPS": 0.38,
        "Diluted NI Availto Com Stockholders": 14391000.0,
        "Net Income Common Stockholders": 14391000.0,
        "Net Income": 14391000.0,
        "Net Income Including Noncontrolling Interests": 14391000.0,
        "Net Income Continuous Operations": 14391000.0,
        "Tax Provision": 3293000.0,
        "Pretax Income": 17684000.0,
        "Special Income Charges": -92000.0,
        "Restructuring And Mergern Acquisition": 92000.0,
        "Gain On Sale Of Security": 9000.0,
        "Depreciation Amortization Depletion Income Statement": 914000.0,
        "Depreciation And Amortization In Income Statement": 914000.0,
        "Amortization": 914000.0,
        "Amortization Of Intangibles Income Statement": 914000.0,
        "Selling General And Administration": 14615000.0,
        "Selling And Marketing Expense": 191000.0,
        "General And Administrative Expense": 14424000.0,
        "Insurance And Claims": NaN,
        "Salaries And Wages": 14424000.0,
        "Total Revenue": 44153000.0,
        "Operating Revenue": 44153000.0,
        "Occupancy And Equipment": 4076000.0,
        "Professional Expense And Contract Services Expense": 785000.0,
        "Other Non Interest Expense": 5692000.0
    },
    "2025-03-31": {
        "Tax Effect Of Unusual Items": 0.0,
        "Tax Rate For Calcs": 0.169744,
        "Total Unusual Items": NaN,
        "Total Unusual Items Excluding Goodwill": NaN,
        "Net Income From Continuing Operation Net Minority Interest": 13578000.0,
        "Reconciled Depreciation": 1613000.0,
        "Net Interest Income": 33654000.0,
        "Interest Expense": 23110000.0,
        "Interest Income": 56764000.0,
        "Normalized Income": 13578000.0,
        "Net Income From Continuing And Discontinued Operation": 13578000.0,
        "Diluted Average Shares": 37626483.0,
        "Basic Average Shares": 37380606.0,
        "Diluted EPS": 0.36,
        "Basic EPS": 0.36,
        "Diluted NI Availto Com Stockholders": 13578000.0,
        "Net Income Common Stockholders": 13578000.0,
        "Net Income": 13578000.0,
        "Net Income Including Noncontrolling Interests": 13578000.0,
        "Net Income Continuous Operations": 13578000.0,
        "Tax Provision": 2776000.0,
        "Pretax Income": 16354000.0,
        "Special Income Charges": NaN,
        "Restructuring And Mergern Acquisition": NaN,
        "Gain On Sale Of Security": -1313000.0,
        "Depreciation Amortization Depletion Income Statement": 735000.0,
        "Depreciation And Amortization In Income Statement": 735000.0,
        "Amortization": 735000.0,
        "Amortization Of Intangibles Income Statement": 735000.0,
        "Selling General And Administration": 17884000.0,
        "Selling And Marketing Expense": 456000.0,
        "General And Administrative Expense": 17428000.0,
        "Insurance And Claims": 1262000.0,
        "Salaries And Wages": 16166000.0,
        "Total Revenue": 44676000.0,
        "Operating Revenue": 44676000.0,
        "Occupancy And Equipment": 4138000.0,
        "Professional Expense And Contract Services Expense": 1196000.0,
        "Other Non Interest Expense": 4573000.0
    },
    "2025-06-30": {
        "Tax Effect Of Unusual Items": 0.0,
        "Tax Rate For Calcs": 0.147672,
        "Total Unusual Items": NaN,
        "Total Unusual Items Excluding Goodwill": NaN,
        "Net Income From Continuing Operation Net Minority Interest": 13910000.0,
        "Reconciled Depreciation": 1736000.0,
        "Net Interest Income": 34459000.0,
        "Interest Expense": 22781000.0,
        "Interest Income": 57240000.0,
        "Normalized Income": 13910000.0,
        "Net Income From Continuing And Discontinued Operation": 13910000.0,
        "Diluted Average Shares": 37622012.0,
        "Basic Average Shares": 37442047.0,
        "Diluted EPS": 0.37,
        "Basic EPS": 0.37,
        "Diluted NI Availto Com Stockholders": 13910000.0,
        "Net Income Common Stockholders": 13910000.0,
        "Net Income": 13910000.0,
        "Net Income Including Noncontrolling Interests": 13910000.0,
        "Net Income Continuous Operations": 13910000.0,
        "Tax Provision": 2410000.0,
        "Pretax Income": 16320000.0,
        "Special Income Charges": NaN,
        "Restructuring And Mergern Acquisition": NaN,
        "Gain On Sale Of Security": 36000.0,
        "Depreciation Amortization Depletion Income Statement": 735000.0,
        "Depreciation And Amortization In Income Statement": 735000.0,
        "Amortization": 735000.0,
        "Amortization Of Intangibles Income Statement": 735000.0,
        "Selling General And Administration": 15176000.0,
        "Selling And Marketing Expense": 454000.0,
        "General And Administrative Expense": 14722000.0,
        "Insurance And Claims": NaN,
        "Salaries And Wages": 14722000.0,
        "Total Revenue": 47043000.0,
        "Operating Revenue": 47043000.0,
        "Occupancy And Equipment": 4119000.0,
        "Professional Expense And Contract Services Expense": 1026000.0,
        "Other Non Interest Expense": 6119000.0
    },
    "2025-09-30": {
        "Tax Effect Of Unusual Items": -464641.983742,
        "Tax Rate For Calcs": 0.148781,
        "Total Unusual Items": -3123000.0,
        "Total Unusual Items Excluding Goodwill": -3123000.0,
        "Net Income From Continuing Operation Net Minority Interest": 12461000.0,
        "Reconciled Depreciation": 1697000.0,
        "Net Interest Income": 35848000.0,
        "Interest Expense": 23059000.0,
        "Interest Income": 58907000.0,
        "Normalized Income": 15119358.016258,
        "Net Income From Continuing And Discontinued Operation": 12461000.0,
        "Diluted Average Shares": 37677124.0,
        "Basic Average Shares": 37467634.0,
        "Diluted EPS": 0.33,
        "Basic EPS": 0.33,
        "Diluted NI Availto Com Stockholders": 12461000.0,
        "Net Income Common Stockholders": 12461000.0,
        "Net Income": 12461000.0,
        "Net Income Including Noncontrolling Interests": 12461000.0,
        "Net Income Continuous Operations": 12461000.0,
        "Tax Provision": 2178000.0,
        "Pretax Income": 14639000.0,
        "Special Income Charges": -3123000.0,
        "Restructuring And Mergern Acquisition": 3123000.0,
        "Gain On Sale Of Security": -927000.0,
        "Depreciation Amortization Depletion Income Statement": 718000.0,
        "Depreciation And Amortization In Income Statement": 718000.0,
        "Amortization": 718000.0,
        "Amortization Of Intangibles Income Statement": 718000.0,
        "Selling General And Administration": 16458000.0,
        "Selling And Marketing Expense": 466000.0,
        "General And Administrative Expense": 15992000.0,
        "Insurance And Claims": NaN,
        "Salaries And Wages": 15992000.0,
        "Total Revenue": 47737000.0,
        "Operating Revenue": 47737000.0,
        "Occupancy And Equipment": 4370000.0,
        "Professional Expense And Contract Services Expense": 990000.0,
        "Other Non Interest Expense": 6020000.0
    }
}