{
    "2023-06-30": {
        "Tax Effect Of Unusual Items": NaN,
        "Tax Rate For Calcs": NaN,
        "Total Unusual Items": NaN,
        "Total Unusual Items Excluding Goodwill": NaN,
        "Net Income From Continuing Operation Net Minority Interest": NaN,
        "Reconciled Depreciation": NaN,
        "Net Interest Income": NaN,
        "Interest Expense": NaN,
        "Interest Income": NaN,
        "Normalized Income": NaN,
        "Net Income From Continuing And Discontinued Operation": NaN,
        "Diluted Average Shares": NaN,
        "Basic Average Shares": NaN,
        "Diluted EPS": NaN,
        "Basic EPS": NaN,
        "Diluted NI Availto Com Stockholders": NaN,
        "Net Income Common Stockholders": NaN,
        "Preferred Stock Dividends": 2000000.0,
        "Net Income": NaN,
        "Net Income Including Noncontrolling Interests": NaN,
        "Net Income Continuous Operations": NaN,
        "Tax Provision": NaN,
        "Pretax Income": NaN,
        "Special Income Charges": NaN,
        "Restructuring And Mergern Acquisition": NaN,
        "Gain On Sale Of Security": NaN,
        "Depreciation Amortization Depletion Income Statement": NaN,
        "Depreciation And Amortization In Income Statement": NaN,
        "Amortization": NaN,
        "Amortization Of Intangibles Income Statement": NaN,
        "Selling General And Administration": NaN,
        "Selling And Marketing Expense": NaN,
        "General And Administrative Expense": NaN,
        "Other Gand A": NaN,
        "Insurance And Claims": NaN,
        "Salaries And Wages": NaN,
        "Total Revenue": NaN,
        "Operating Revenue": NaN,
        "Occupancy And Equipment": NaN,
        "Other Non Interest Expense": NaN
    },
    "2023-03-31": {
        "Tax Effect Of Unusual Items": NaN,
        "Tax Rate For Calcs": NaN,
        "Total Unusual Items": NaN,
        "Total Unusual Items Excluding Goodwill": NaN,
        "Net Income From Continuing Operation Net Minority Interest": NaN,
        "Reconciled Depreciation": NaN,
        "Net Interest Income": NaN,
        "Interest Expense": NaN,
        "Interest Income": NaN,
        "Normalized Income": NaN,
        "Net Income From Continuing And Discontinued Operation": NaN,
        "Diluted Average Shares": NaN,
        "Basic Average Shares": NaN,
        "Diluted EPS": NaN,
        "Basic EPS": NaN,
        "Diluted NI Availto Com Stockholders": NaN,
        "Net Income Common Stockholders": NaN,
        "Preferred Stock Dividends": 2000000.0,
        "Net Income": NaN,
        "Net Income Including Noncontrolling Interests": NaN,
        "Net Income Continuous Operations": NaN,
        "Tax Provision": NaN,
        "Pretax Income": NaN,
        "Special Income Charges": NaN,
        "Restructuring And Mergern Acquisition": NaN,
        "Gain On Sale Of Security": NaN,
        "Depreciation Amortization Depletion Income Statement": NaN,
        "Depreciation And Amortization In Income Statement": NaN,
        "Amortization": NaN,
        "Amortization Of Intangibles Income Statement": NaN,
        "Selling General And Administration": NaN,
        "Selling And Marketing Expense": NaN,
        "General And Administrative Expense": NaN,
        "Other Gand A": NaN,
        "Insurance And Claims": NaN,
        "Salaries And Wages": NaN,
        "Total Revenue": NaN,
        "Operating Revenue": NaN,
        "Occupancy And Equipment": NaN,
        "Other Non Interest Expense": NaN
    },
    "2022-12-31": {
        "Tax Effect Of Unusual Items": -2522727.272727,
        "Tax Rate For Calcs": 0.210227,
        "Total Unusual Items": -12000000.0,
        "Total Unusual Items Excluding Goodwill": -12000000.0,
        "Net Income From Continuing Operation Net Minority Interest": 139000000.0,
        "Reconciled Depreciation": 19000000.0,
        "Net Interest Income": 335000000.0,
        "Interest Expense": 73000000.0,
        "Interest Income": 408000000.0,
        "Normalized Income": 148477272.727273,
        "Net Income From Continuing And Discontinued Operation": 139000000.0,
        "Diluted Average Shares": 357791000.0,
        "Basic Average Shares": 352461538.0,
        "Diluted EPS": 0.38,
        "Basic EPS": 0.39,
        "Diluted NI Availto Com Stockholders": 137000000.0,
        "Net Income Common Stockholders": 137000000.0,
        "Preferred Stock Dividends": 2000000.0,
        "Net Income": 139000000.0,
        "Net Income Including Noncontrolling Interests": 139000000.0,
        "Net Income Continuous Operations": 139000000.0,
        "Tax Provision": 37000000.0,
        "Pretax Income": 176000000.0,
        "Special Income Charges": -12000000.0,
        "Restructuring And Mergern Acquisition": 12000000.0,
        "Gain On Sale Of Security": 10000000.0,
        "Depreciation Amortization Depletion Income Statement": 4000000.0,
        "Depreciation And Amortization In Income Statement": 4000000.0,
        "Amortization": 4000000.0,
        "Amortization Of Intangibles Income Statement": 4000000.0,
        "Selling General And Administration": 113000000.0,
        "Selling And Marketing Expense": 5000000.0,
        "General And Administrative Expense": 108000000.0,
        "Other Gand A": NaN,
        "Insurance And Claims": 5000000.0,
        "Salaries And Wages": 103000000.0,
        "Total Revenue": 415000000.0,
        "Operating Revenue": 415000000.0
    },
    "2022-09-30": {
        "Tax Effect Of Unusual Items": NaN,
        "Tax Rate For Calcs": NaN,
        "Total Unusual Items": NaN,
        "Total Unusual Items Excluding Goodwill": NaN,
        "Net Income From Continuing Operation Net Minority Interest": NaN,
        "Reconciled Depreciation": NaN,
        "Net Interest Income": NaN,
        "Interest Expense": NaN,
        "Interest Income": NaN,
        "Normalized Income": NaN,
        "Net Income From Continuing And Discontinued Operation": NaN,
        "Diluted Average Shares": NaN,
        "Basic Average Shares": NaN,
        "Diluted EPS": NaN,
        "Basic EPS": NaN,
        "Diluted NI Availto Com Stockholders": NaN,
        "Net Income Common Stockholders": NaN,
        "Preferred Stock Dividends": NaN,
        "Net Income": NaN,
        "Net Income Including Noncontrolling Interests": NaN,
        "Net Income Continuous Operations": NaN,
        "Tax Provision": NaN,
        "Pretax Income": NaN,
        "Special Income Charges": NaN,
        "Restructuring And Mergern Acquisition": NaN,
        "Gain On Sale Of Security": NaN,
        "Depreciation Amortization Depletion Income Statement": NaN,
        "Depreciation And Amortization In Income Statement": NaN,
        "Amortization": NaN,
        "Amortization Of Intangibles Income Statement": NaN,
        "Selling General And Administration": NaN,
        "Selling And Marketing Expense": NaN,
        "General And Administrative Expense": NaN,
        "Other Gand A": 19000000.0,
        "Insurance And Claims": NaN,
        "Salaries And Wages": NaN,
        "Total Revenue": NaN,
        "Operating Revenue": NaN
    },
    "2022-06-30": {
        "Tax Effect Of Unusual Items": -408035.1,
        "Tax Rate For Calcs": 0.2013,
        "Total Unusual Items": -2027000.0,
        "Total Unusual Items Excluding Goodwill": -2027000.0,
        "Net Income From Continuing Operation Net Minority Interest": 109142000.0,
        "Reconciled Depreciation": 3549000.0,
        "Net Interest Income": 253690000.0,
        "Interest Expense": 27088000.0,
        "Interest Income": 280778000.0,
        "Normalized Income": 110760964.9,
        "Net Income From Continuing And Discontinued Operation": 109142000.0,
        "Diluted Average Shares": 354687069.0,
        "Basic Average Shares": 351269791.0,
        "Diluted EPS": 0.3,
        "Basic EPS": 0.3,
        "Diluted NI Availto Com Stockholders": 107132000.0,
        "Net Income Common Stockholders": 107132000.0,
        "Preferred Stock Dividends": 2010000.0,
        "Net Income": 109142000.0,
        "Net Income Including Noncontrolling Interests": 109142000.0,
        "Net Income Continuous Operations": 109142000.0,
        "Tax Provision": 27506000.0,
        "Pretax Income": 136648000.0,
        "Special Income Charges": -2027000.0,
        "Restructuring And Mergern Acquisition": 2027000.0,
        "Gain On Sale Of Security": 8595000.0,
        "Depreciation Amortization Depletion Income Statement": 3549000.0,
        "Depreciation And Amortization In Income Statement": 3549000.0,
        "Amortization": 3549000.0,
        "Amortization Of Intangibles Income Statement": 3549000.0,
        "Selling General And Administration": 131058000.0,
        "Selling And Marketing Expense": 4628000.0,
        "General And Administrative Expense": 126430000.0,
        "Other Gand A": 17265000.0,
        "Insurance And Claims": 5295000.0,
        "Salaries And Wages": 103870000.0,
        "Total Revenue": 335844000.0,
        "Operating Revenue": 335844000.0
    },
    "2022-03-31": {
        "Diluted EPS": 0.15,
        "Total Revenue": 332,
        "Gross Profit": 312,
        "Operating Income": 96,
        "EBIT": NaN,
        "Net Income": 51
    },
    "2021-12-31": {
        "Diluted EPS": 0.3,
        "Total Revenue": 324,
        "Gross Profit": 303,
        "Operating Income": 124,
        "EBIT": NaN,
        "Net Income": 97
    },
    "2021-09-30": {
        "Diluted EPS": 0.34,
        "Total Revenue": 344,
        "Gross Profit": 320,
        "Operating Income": 139,
        "EBIT": NaN,
        "Net Income": 109
    },
    "2021-06-30": {
        "Diluted EPS": 0.31,
        "Total Revenue": 333,
        "Gross Profit": 308,
        "Operating Income": 127,
        "EBIT": NaN,
        "Net Income": 100
    },
    "2021-03-31": {
        "Diluted EPS": 0.28,
        "Total Revenue": 334,
        "Gross Profit": 306,
        "Operating Income": 115,
        "EBIT": NaN,
        "Net Income": 91
    },
    "2020-12-31": {
        "Diluted EPS": 0.21,
        "Total Revenue": 338,
        "Gross Profit": 302,
        "Operating Income": 85,
        "EBIT": NaN,
        "Net Income": 70
    },
    "2020-09-30": {
        "Diluted EPS": 0.25,
        "Total Revenue": 353,
        "Gross Profit": 307,
        "Operating Income": 100,
        "EBIT": NaN,
        "Net Income": 81
    },
    "2020-06-30": {
        "Diluted EPS": 0.25,
        "Total Revenue": 358,
        "Gross Profit": 306,
        "Operating Income": 100,
        "EBIT": NaN,
        "Net Income": 82
    },
    "2020-03-31": {
        "Diluted EPS": 0.14,
        "Total Revenue": 375,
        "Gross Profit": 301,
        "Operating Income": 58,
        "EBIT": NaN,
        "Net Income": 45
    },
    "2019-12-31": {
        "Diluted EPS": 0.28,
        "Total Revenue": 380,
        "Gross Profit": 300,
        "Operating Income": 116,
        "EBIT": NaN,
        "Net Income": 93
    },
    "2019-09-30": {
        "Diluted EPS": 0.31,
        "Total Revenue": 394,
        "Gross Profit": 310,
        "Operating Income": 120,
        "EBIT": NaN,
        "Net Income": 101
    },
    "2019-06-30": {
        "Diluted EPS": 0.29,
        "Total Revenue": 392,
        "Gross Profit": 305,
        "Operating Income": 119,
        "EBIT": NaN,
        "Net Income": 93
    },
    "2019-03-31": {
        "Diluted EPS": 0.28,
        "Total Revenue": 375,
        "Gross Profit": 296,
        "Operating Income": 116,
        "EBIT": NaN,
        "Net Income": 92
    },
    "2018-12-31": {
        "Diluted EPS": 0.3,
        "Total Revenue": 374,
        "Gross Profit": 300,
        "Operating Income": 115,
        "EBIT": NaN,
        "Net Income": 98
    },
    "2018-09-30": {
        "Diluted EPS": 0.3,
        "Total Revenue": 373,
        "Gross Profit": 310,
        "Operating Income": 123,
        "EBIT": NaN,
        "Net Income": 99
    },
    "2018-06-30": {
        "Diluted EPS": 0.26,
        "Total Revenue": 359,
        "Gross Profit": 305,
        "Operating Income": 106,
        "EBIT": NaN,
        "Net Income": 83
    },
    "2018-03-31": {
        "Diluted EPS": 0.26,
        "Total Revenue": 340,
        "Gross Profit": 293,
        "Operating Income": 108,
        "EBIT": NaN,
        "Net Income": 85
    },
    "2017-12-31": {
        "Diluted EPS": 0.09,
        "Total Revenue": 335,
        "Gross Profit": 294,
        "Operating Income": 113,
        "EBIT": NaN,
        "Net Income": 22
    },
    "2017-09-30": {
        "Diluted EPS": 0.23,
        "Total Revenue": 330,
        "Gross Profit": 291,
        "Operating Income": 112,
        "EBIT": NaN,
        "Net Income": 76
    },
    "2017-06-30": {
        "Diluted EPS": 0.22,
        "Total Revenue": 317,
        "Gross Profit": 284,
        "Operating Income": 105,
        "EBIT": NaN,
        "Net Income": 72
    },
    "2017-03-31": {
        "Diluted EPS": 0.09,
        "Total Revenue": 250,
        "Gross Profit": 228,
        "Operating Income": 82,
        "EBIT": NaN,
        "Net Income": 21
    },
    "2016-12-31": {
        "Diluted EPS": 0.23,
        "Total Revenue": 228,
        "Gross Profit": 210,
        "Operating Income": 75,
        "EBIT": NaN,
        "Net Income": 49
    },
    "2016-09-30": {
        "Diluted EPS": 0.24,
        "Total Revenue": 228,
        "Gross Profit": 211,
        "Operating Income": 75,
        "EBIT": NaN,
        "Net Income": 50
    },
    "2016-06-30": {
        "Diluted EPS": 0.19,
        "Total Revenue": 222,
        "Gross Profit": 206,
        "Operating Income": 70,
        "EBIT": NaN,
        "Net Income": 39
    },
    "2016-03-31": {
        "Diluted EPS": 0.12,
        "Total Revenue": 202,
        "Gross Profit": 186,
        "Operating Income": 63,
        "EBIT": NaN,
        "Net Income": 24
    },
    "2015-12-31": {
        "Diluted EPS": 0.2,
        "Total Revenue": 184,
        "Gross Profit": 170,
        "Operating Income": 63,
        "EBIT": NaN,
        "Net Income": 37
    },
    "2015-09-30": {
        "Diluted EPS": 0.22,
        "Total Revenue": 179,
        "Gross Profit": 167,
        "Operating Income": 59,
        "EBIT": NaN,
        "Net Income": 38
    },
    "2015-06-30": {
        "Diluted EPS": 0.22,
        "Total Revenue": 175,
        "Gross Profit": 164,
        "Operating Income": 59,
        "EBIT": NaN,
        "Net Income": 38
    },
    "2015-03-31": {
        "Diluted EPS": 0.22,
        "Total Revenue": 172,
        "Gross Profit": 160,
        "Operating Income": 57,
        "EBIT": NaN,
        "Net Income": 38
    },
    "2014-12-31": {
        "Diluted EPS": 0.2,
        "Total Revenue": 175,
        "Gross Profit": 163,
        "Operating Income": 62,
        "EBIT": NaN,
        "Net Income": 37
    },
    "2014-09-30": {
        "Diluted EPS": 0.2,
        "Total Revenue": 169,
        "Gross Profit": 158,
        "Operating Income": 53,
        "EBIT": NaN,
        "Net Income": 33
    },
    "2014-06-30": {
        "Diluted EPS": 0.2,
        "Total Revenue": 164,
        "Gross Profit": 153,
        "Operating Income": 51,
        "EBIT": NaN,
        "Net Income": 33
    },
    "2014-03-31": {
        "Diluted EPS": 0.2,
        "Total Revenue": 160,
        "Gross Profit": 150,
        "Operating Income": 54,
        "EBIT": NaN,
        "Net Income": 32
    },
    "2013-12-31": {
        "Diluted EPS": 0.18,
        "Total Revenue": 150,
        "Gross Profit": 140,
        "Operating Income": 46,
        "EBIT": NaN,
        "Net Income": 28
    },
    "2013-09-30": {
        "Diluted EPS": 0.22,
        "Total Revenue": 143,
        "Gross Profit": 132,
        "Operating Income": 43,
        "EBIT": NaN,
        "Net Income": 32
    },
    "2013-06-30": {
        "Diluted EPS": 0.2,
        "Total Revenue": 145,
        "Gross Profit": 133,
        "Operating Income": 44,
        "EBIT": NaN,
        "Net Income": 29
    },
    "2013-03-31": {
        "Diluted EPS": 0.2,
        "Total Revenue": 139,
        "Gross Profit": 127,
        "Operating Income": 41,
        "EBIT": NaN,
        "Net Income": 29
    },
    "2012-12-31": {
        "Diluted EPS": 0.21,
        "Total Revenue": 139,
        "Gross Profit": 126,
        "Operating Income": 43,
        "EBIT": NaN,
        "Net Income": 29
    },
    "2012-09-30": {
        "Diluted EPS": 0.22,
        "Total Revenue": 143,
        "Gross Profit": 128,
        "Operating Income": 43,
        "EBIT": NaN,
        "Net Income": 31
    },
    "2012-06-30": {
        "Diluted EPS": 0.21,
        "Total Revenue": 142,
        "Gross Profit": 127,
        "Operating Income": 42,
        "EBIT": NaN,
        "Net Income": 29
    },
    "2012-03-31": {
        "Diluted EPS": 0.15,
        "Total Revenue": 139,
        "Gross Profit": 123,
        "Operating Income": 36,
        "EBIT": NaN,
        "Net Income": 22
    },
    "2011-12-31": {
        "Diluted EPS": 0.19,
        "Total Revenue": 129,
        "Gross Profit": 113,
        "Operating Income": 38,
        "EBIT": NaN,
        "Net Income": 24
    },
    "2011-09-30": {
        "Diluted EPS": 0.19,
        "Total Revenue": 128,
        "Gross Profit": 110,
        "Operating Income": 33,
        "EBIT": NaN,
        "Net Income": 24
    },
    "2011-06-30": {
        "Diluted EPS": 0.18,
        "Total Revenue": 127,
        "Gross Profit": 108,
        "Operating Income": 31,
        "EBIT": NaN,
        "Net Income": 22
    },
    "2011-03-31": {
        "Diluted EPS": 0.14,
        "Total Revenue": 126,
        "Gross Profit": 106,
        "Operating Income": 27,
        "EBIT": NaN,
        "Net Income": 17
    },
    "2010-12-31": {
        "Diluted EPS": 0.2,
        "Total Revenue": 122,
        "Gross Profit": 102,
        "Operating Income": 39,
        "EBIT": NaN,
        "Net Income": 24
    },
    "2010-09-30": {
        "Diluted EPS": 0.15,
        "Total Revenue": 122,
        "Gross Profit": 100,
        "Operating Income": 24,
        "EBIT": NaN,
        "Net Income": 17
    },
    "2010-06-30": {
        "Diluted EPS": 0.16,
        "Total Revenue": 123,
        "Gross Profit": 100,
        "Operating Income": 25,
        "EBIT": NaN,
        "Net Income": 18
    },
    "2010-03-31": {
        "Diluted EPS": 0.14,
        "Total Revenue": 123,
        "Gross Profit": 99,
        "Operating Income": 21,
        "EBIT": NaN,
        "Net Income": 16
    },
    "2009-12-31": {
        "Diluted EPS": 0.02,
        "Total Revenue": 121,
        "Gross Profit": 95,
        "Operating Income": 9,
        "EBIT": NaN,
        "Net Income": 5
    },
    "2009-09-30": {
        "Diluted EPS": 0.04,
        "Total Revenue": 120,
        "Gross Profit": 92,
        "Operating Income": 13,
        "EBIT": NaN,
        "Net Income": 5
    },
    "2009-06-30": {
        "Diluted EPS": 0.1,
        "Total Revenue": 125,
        "Gross Profit": 94,
        "Operating Income": 14,
        "EBIT": NaN,
        "Net Income": 9
    },
    "2009-03-31": {
        "Diluted EPS": 0.16,
        "Total Revenue": 126,
        "Gross Profit": 92,
        "Operating Income": 21,
        "EBIT": NaN,
        "Net Income": 14
    },
    "2023-09-30": {
        "Tax Effect Of Unusual Items": NaN,
        "Tax Rate For Calcs": NaN,
        "Total Unusual Items": 0.0,
        "Total Unusual Items Excluding Goodwill": 0.0,
        "Net Income From Continuing Operation Net Minority Interest": NaN,
        "Reconciled Depreciation": NaN,
        "Net Interest Income": NaN,
        "Interest Expense": NaN,
        "Interest Income": NaN,
        "Normalized Income": NaN,
        "Net Income From Continuing And Discontinued Operation": NaN,
        "Diluted Average Shares": 361778425.0,
        "Basic Average Shares": 360847457.0,
        "Diluted EPS": 0.4,
        "Basic EPS": 0.4,
        "Diluted NI Availto Com Stockholders": NaN,
        "Net Income Common Stockholders": NaN,
        "Preferred Stock Dividends": 2000000.0,
        "Net Income": NaN,
        "Net Income Including Noncontrolling Interests": NaN,
        "Net Income Continuous Operations": NaN,
        "Tax Provision": NaN,
        "Pretax Income": NaN,
        "Special Income Charges": 0.0,
        "Restructuring And Mergern Acquisition": 0.0,
        "Gain On Sale Of Security": NaN,
        "Depreciation Amortization Depletion Income Statement": 5000000.0,
        "Depreciation And Amortization In Income Statement": 5000000.0,
        "Amortization": 5000000.0,
        "Amortization Of Intangibles Income Statement": 5000000.0,
        "Selling General And Administration": NaN,
        "Selling And Marketing Expense": NaN,
        "General And Administrative Expense": NaN,
        "Other Gand A": 21000000.0,
        "Insurance And Claims": NaN,
        "Salaries And Wages": NaN,
        "Total Revenue": NaN,
        "Operating Revenue": NaN,
        "Occupancy And Equipment": NaN,
        "Other Non Interest Expense": NaN
    },
    "2023-12-31": {
        "Tax Effect Of Unusual Items": 0.0,
        "Tax Rate For Calcs": 0.135593,
        "Total Unusual Items": 0.0,
        "Total Unusual Items Excluding Goodwill": 0.0,
        "Net Income From Continuing Operation Net Minority Interest": 51000000.0,
        "Reconciled Depreciation": 17000000.0,
        "Net Interest Income": 325000000.0,
        "Interest Expense": 207000000.0,
        "Interest Income": 532000000.0,
        "Normalized Income": 51000000.0,
        "Net Income From Continuing And Discontinued Operation": 51000000.0,
        "Diluted Average Shares": 374323077.0,
        "Basic Average Shares": 374323077.0,
        "Diluted EPS": 0.13,
        "Basic EPS": 0.13,
        "Diluted NI Availto Com Stockholders": 49000000.0,
        "Net Income Common Stockholders": 49000000.0,
        "Preferred Stock Dividends": 2000000.0,
        "Net Income": 51000000.0,
        "Net Income Including Noncontrolling Interests": 51000000.0,
        "Net Income Continuous Operations": 51000000.0,
        "Tax Provision": 8000000.0,
        "Pretax Income": 59000000.0,
        "Special Income Charges": 0.0,
        "Restructuring And Mergern Acquisition": 0.0,
        "Gain On Sale Of Security": -60000000.0,
        "Depreciation Amortization Depletion Income Statement": 5000000.0,
        "Depreciation And Amortization In Income Statement": 5000000.0,
        "Amortization": 5000000.0,
        "Amortization Of Intangibles Income Statement": 5000000.0,
        "Selling General And Administration": 156000000.0,
        "Selling And Marketing Expense": 4000000.0,
        "General And Administrative Expense": 152000000.0,
        "Other Gand A": NaN,
        "Insurance And Claims": 38000000.0,
        "Salaries And Wages": 114000000.0,
        "Total Revenue": 338000000.0,
        "Operating Revenue": 338000000.0,
        "Occupancy And Equipment": 42000000.0,
        "Other Non Interest Expense": 62000000.0
    },
    "2024-03-31": {
        "Tax Effect Of Unusual Items": 0.0,
        "Tax Rate For Calcs": 0.215,
        "Total Unusual Items": 0.0,
        "Total Unusual Items Excluding Goodwill": 0.0,
        "Net Income From Continuing Operation Net Minority Interest": 122000000.0,
        "Reconciled Depreciation": 14000000.0,
        "Net Interest Income": 319000000.0,
        "Interest Expense": 224000000.0,
        "Interest Income": 543000000.0,
        "Normalized Income": 122000000.0,
        "Net Income From Continuing And Discontinued Operation": 122000000.0,
        "Diluted Average Shares": 362619278.0,
        "Basic Average Shares": 361246402.0,
        "Diluted EPS": 0.32,
        "Basic EPS": 0.32,
        "Diluted NI Availto Com Stockholders": 116000000.0,
        "Net Income Common Stockholders": 116000000.0,
        "Preferred Stock Dividends": 6000000.0,
        "Net Income": 122000000.0,
        "Net Income Including Noncontrolling Interests": 122000000.0,
        "Net Income Continuous Operations": 122000000.0,
        "Tax Provision": 34000000.0,
        "Pretax Income": 156000000.0,
        "Special Income Charges": 0.0,
        "Restructuring And Mergern Acquisition": 0.0,
        "Gain On Sale Of Security": 6000000.0,
        "Depreciation Amortization Depletion Income Statement": 4000000.0,
        "Depreciation And Amortization In Income Statement": 4000000.0,
        "Amortization": 4000000.0,
        "Amortization Of Intangibles Income Statement": 4000000.0,
        "Selling General And Administration": 147000000.0,
        "Selling And Marketing Expense": 5000000.0,
        "General And Administrative Expense": 142000000.0,
        "Other Gand A": NaN,
        "Insurance And Claims": 13000000.0,
        "Salaries And Wages": 129000000.0,
        "Total Revenue": 407000000.0,
        "Operating Revenue": 407000000.0,
        "Occupancy And Equipment": 44000000.0,
        "Other Non Interest Expense": 42000000.0
    },
    "2024-06-30": {
        "Tax Effect Of Unusual Items": 0.0,
        "Tax Rate For Calcs": 0.216,
        "Total Unusual Items": 0.0,
        "Total Unusual Items Excluding Goodwill": 0.0,
        "Net Income From Continuing Operation Net Minority Interest": 123000000.0,
        "Reconciled Depreciation": 18000000.0,
        "Net Interest Income": 316000000.0,
        "Interest Expense": 241000000.0,
        "Interest Income": 557000000.0,
        "Normalized Income": 123000000.0,
        "Net Income From Continuing And Discontinued Operation": 123000000.0,
        "Diluted Average Shares": 362701233.0,
        "Basic Average Shares": 361754312.0,
        "Diluted EPS": 0.34,
        "Basic EPS": 0.34,
        "Diluted NI Availto Com Stockholders": 123000000.0,
        "Net Income Common Stockholders": 123000000.0,
        "Preferred Stock Dividends": NaN,
        "Net Income": 123000000.0,
        "Net Income Including Noncontrolling Interests": 123000000.0,
        "Net Income Continuous Operations": 123000000.0,
        "Tax Provision": 34000000.0,
        "Pretax Income": 157000000.0,
        "Special Income Charges": 0.0,
        "Restructuring And Mergern Acquisition": 0.0,
        "Gain On Sale Of Security": 5000000.0,
        "Depreciation Amortization Depletion Income Statement": 5000000.0,
        "Depreciation And Amortization In Income Statement": 5000000.0,
        "Amortization": 5000000.0,
        "Amortization Of Intangibles Income Statement": 5000000.0,
        "Selling General And Administration": 135000000.0,
        "Selling And Marketing Expense": 4000000.0,
        "General And Administrative Expense": 131000000.0,
        "Other Gand A": NaN,
        "Insurance And Claims": 10000000.0,
        "Salaries And Wages": 121000000.0,
        "Total Revenue": 404000000.0,
        "Operating Revenue": 404000000.0,
        "Occupancy And Equipment": 43000000.0,
        "Other Non Interest Expense": 44000000.0
    },
    "2024-09-30": {
        "Tax Effect Of Unusual Items": 0.0,
        "Tax Rate For Calcs": 0.214,
        "Total Unusual Items": 0.0,
        "Total Unusual Items Excluding Goodwill": 0.0,
        "Net Income From Continuing Operation Net Minority Interest": 110000000.0,
        "Reconciled Depreciation": 17000000.0,
        "Net Interest Income": 323000000.0,
        "Interest Expense": 260000000.0,
        "Interest Income": 583000000.0,
        "Normalized Income": 110000000.0,
        "Net Income From Continuing And Discontinued Operation": 110000000.0,
        "Diluted Average Shares": 362425528.0,
        "Basic Average Shares": 361272879.0,
        "Diluted EPS": 0.3,
        "Basic EPS": 0.3,
        "Diluted NI Availto Com Stockholders": 110000000.0,
        "Net Income Common Stockholders": 110000000.0,
        "Preferred Stock Dividends": NaN,
        "Net Income": 110000000.0,
        "Net Income Including Noncontrolling Interests": 110000000.0,
        "Net Income Continuous Operations": 110000000.0,
        "Tax Provision": 30000000.0,
        "Pretax Income": 140000000.0,
        "Special Income Charges": 0.0,
        "Restructuring And Mergern Acquisition": 0.0,
        "Gain On Sale Of Security": 6000000.0,
        "Depreciation Amortization Depletion Income Statement": 4000000.0,
        "Depreciation And Amortization In Income Statement": 4000000.0,
        "Amortization": 4000000.0,
        "Amortization Of Intangibles Income Statement": 4000000.0,
        "Selling General And Administration": 142000000.0,
        "Selling And Marketing Expense": 6000000.0,
        "General And Administrative Expense": 136000000.0,
        "Other Gand A": NaN,
        "Insurance And Claims": 10000000.0,
        "Salaries And Wages": 126000000.0,
        "Total Revenue": 412000000.0,
        "Operating Revenue": 412000000.0,
        "Occupancy And Equipment": 46000000.0,
        "Other Non Interest Expense": 57000000.0
    },
    "2024-12-31": {
        "Tax Effect Of Unusual Items": 0.0,
        "Tax Rate For Calcs": 0.21,
        "Total Unusual Items": NaN,
        "Total Unusual Items Excluding Goodwill": NaN,
        "Net Income From Continuing Operation Net Minority Interest": 110000000.0,
        "Reconciled Depreciation": 18000000.0,
        "Net Interest Income": 322000000.0,
        "Interest Expense": 247000000.0,
        "Interest Income": 569000000.0,
        "Normalized Income": 110000000.0,
        "Net Income From Continuing And Discontinued Operation": 110000000.0,
        "Diluted Average Shares": NaN,
        "Basic Average Shares": NaN,
        "Diluted EPS": NaN,
        "Basic EPS": NaN,
        "Diluted NI Availto Com Stockholders": 110000000.0,
        "Net Income Common Stockholders": 110000000.0,
        "Preferred Stock Dividends": 0.0,
        "Net Income": 110000000.0,
        "Net Income Including Noncontrolling Interests": 110000000.0,
        "Net Income Continuous Operations": 110000000.0,
        "Tax Provision": -8000000.0,
        "Pretax Income": 102000000.0,
        "Special Income Charges": NaN,
        "Restructuring And Mergern Acquisition": NaN,
        "Gain On Sale Of Security": -27000000.0,
        "Depreciation Amortization Depletion Income Statement": NaN,
        "Depreciation And Amortization In Income Statement": NaN,
        "Amortization": NaN,
        "Amortization Of Intangibles Income Statement": NaN,
        "Selling General And Administration": 142000000.0,
        "Selling And Marketing Expense": 6000000.0,
        "General And Administrative Expense": 136000000.0,
        "Other Gand A": NaN,
        "Insurance And Claims": 8000000.0,
        "Salaries And Wages": 128000000.0,
        "Total Revenue": 373000000.0,
        "Operating Revenue": 373000000.0,
        "Occupancy And Equipment": 44000000.0,
        "Other Non Interest Expense": 75000000.0
    }
}