{
    "2023-03-31": {
        "Tax Effect Of Unusual Items": NaN,
        "Tax Rate For Calcs": NaN,
        "Normalized EBITDA": NaN,
        "Total Unusual Items": NaN,
        "Total Unusual Items Excluding Goodwill": NaN,
        "Net Income From Continuing Operation Net Minority Interest": NaN,
        "Reconciled Depreciation": NaN,
        "Reconciled Cost Of Revenue": NaN,
        "EBITDA": NaN,
        "EBIT": NaN,
        "Net Interest Income": NaN,
        "Interest Expense": NaN,
        "Normalized Income": NaN,
        "Net Income From Continuing And Discontinued Operation": NaN,
        "Total Expenses": NaN,
        "Total Operating Income As Reported": NaN,
        "Diluted Average Shares": NaN,
        "Basic Average Shares": NaN,
        "Diluted EPS": NaN,
        "Basic EPS": NaN,
        "Diluted NI Availto Com Stockholders": NaN,
        "Net Income Common Stockholders": NaN,
        "Net Income": NaN,
        "Net Income Including Noncontrolling Interests": NaN,
        "Net Income Continuous Operations": NaN,
        "Tax Provision": NaN,
        "Pretax Income": NaN,
        "Other Income Expense": NaN,
        "Special Income Charges": NaN,
        "Other Special Charges": NaN,
        "Net Non Operating Interest Income Expense": NaN,
        "Interest Expense Non Operating": NaN,
        "Operating Income": NaN,
        "Operating Expense": NaN,
        "Other Operating Expenses": 8020000.0,
        "Selling General And Administration": NaN,
        "Selling And Marketing Expense": NaN,
        "General And Administrative Expense": NaN,
        "Other Gand A": NaN,
        "Gross Profit": NaN,
        "Cost Of Revenue": NaN,
        "Total Revenue": NaN,
        "Operating Revenue": NaN
    },
    "2022-12-31": {
        "Tax Effect Of Unusual Items": NaN,
        "Tax Rate For Calcs": NaN,
        "Normalized EBITDA": NaN,
        "Net Income From Continuing Operation Net Minority Interest": NaN,
        "Reconciled Depreciation": NaN,
        "Reconciled Cost Of Revenue": NaN,
        "EBITDA": NaN,
        "EBIT": NaN,
        "Net Interest Income": NaN,
        "Interest Expense": NaN,
        "Normalized Income": NaN,
        "Net Income From Continuing And Discontinued Operation": NaN,
        "Total Expenses": NaN,
        "Total Operating Income As Reported": NaN,
        "Diluted Average Shares": 107445000.0,
        "Basic Average Shares": 105809000.0,
        "Diluted EPS": 0.64,
        "Basic EPS": 0.65,
        "Diluted NI Availto Com Stockholders": NaN,
        "Net Income Common Stockholders": NaN,
        "Net Income": NaN,
        "Net Income Including Noncontrolling Interests": NaN,
        "Net Income Continuous Operations": NaN,
        "Tax Provision": NaN,
        "Pretax Income": NaN,
        "Net Non Operating Interest Income Expense": NaN,
        "Interest Expense Non Operating": NaN,
        "Operating Income": NaN,
        "Operating Expense": NaN,
        "Other Operating Expenses": NaN,
        "Selling General And Administration": NaN,
        "Selling And Marketing Expense": NaN,
        "General And Administrative Expense": NaN,
        "Other Gand A": NaN,
        "Gross Profit": NaN,
        "Cost Of Revenue": NaN,
        "Total Revenue": NaN,
        "Operating Revenue": NaN
    },
    "2022-09-30": {
        "Tax Effect Of Unusual Items": 0.0,
        "Tax Rate For Calcs": 0.228,
        "Normalized EBITDA": 141782000.0,
        "Net Income From Continuing Operation Net Minority Interest": 76175000.0,
        "Reconciled Depreciation": 40125000.0,
        "Reconciled Cost Of Revenue": 650349000.0,
        "EBITDA": 141782000.0,
        "EBIT": 101657000.0,
        "Net Interest Income": -3032000.0,
        "Interest Expense": 3032000.0,
        "Normalized Income": 76175000.0,
        "Net Income From Continuing And Discontinued Operation": 76175000.0,
        "Total Expenses": 996167000.0,
        "Total Operating Income As Reported": 101657000.0,
        "Diluted Average Shares": 107470000.0,
        "Basic Average Shares": 105754000.0,
        "Diluted EPS": 0.71,
        "Basic EPS": 0.72,
        "Diluted NI Availto Com Stockholders": 76175000.0,
        "Net Income Common Stockholders": 76175000.0,
        "Net Income": 76175000.0,
        "Net Income Including Noncontrolling Interests": 76175000.0,
        "Net Income Continuous Operations": 76175000.0,
        "Tax Provision": 22450000.0,
        "Pretax Income": 98625000.0,
        "Net Non Operating Interest Income Expense": -3032000.0,
        "Interest Expense Non Operating": 3032000.0,
        "Operating Income": 101657000.0,
        "Operating Expense": 345818000.0,
        "Other Operating Expenses": 10386000.0,
        "Selling General And Administration": 335432000.0,
        "Selling And Marketing Expense": 280735000.0,
        "General And Administrative Expense": 54697000.0,
        "Other Gand A": 54697000.0,
        "Gross Profit": 447475000.0,
        "Cost Of Revenue": 650349000.0,
        "Total Revenue": 1097824000.0,
        "Operating Revenue": 1071401000.0
    },
    "2022-06-30": {
        "Tax Effect Of Unusual Items": 0.0,
        "Tax Rate For Calcs": 0.219,
        "Normalized EBITDA": 144363000.0,
        "Net Income From Continuing Operation Net Minority Interest": 81832000.0,
        "Reconciled Depreciation": 37953000.0,
        "Reconciled Cost Of Revenue": 653564000.0,
        "EBITDA": 144363000.0,
        "EBIT": 106410000.0,
        "Net Interest Income": -1672000.0,
        "Interest Expense": 1672000.0,
        "Normalized Income": 81832000.0,
        "Net Income From Continuing And Discontinued Operation": 81832000.0,
        "Total Expenses": 983436000.0,
        "Total Operating Income As Reported": 106410000.0,
        "Diluted Average Shares": 107300000.0,
        "Basic Average Shares": 105545000.0,
        "Diluted EPS": 0.76,
        "Basic EPS": 0.78,
        "Diluted NI Availto Com Stockholders": 81832000.0,
        "Net Income Common Stockholders": 81832000.0,
        "Net Income": 81832000.0,
        "Net Income Including Noncontrolling Interests": 81832000.0,
        "Net Income Continuous Operations": 81832000.0,
        "Tax Provision": 22906000.0,
        "Pretax Income": 104738000.0,
        "Net Non Operating Interest Income Expense": -1672000.0,
        "Interest Expense Non Operating": 1672000.0,
        "Operating Income": 106410000.0,
        "Operating Expense": 329872000.0,
        "Other Operating Expenses": 8563000.0,
        "Selling General And Administration": 321309000.0,
        "Selling And Marketing Expense": 268202000.0,
        "General And Administrative Expense": 53107000.0,
        "Other Gand A": 53107000.0,
        "Gross Profit": 436282000.0,
        "Cost Of Revenue": 653564000.0,
        "Total Revenue": 1089846000.0,
        "Operating Revenue": 1061764000.0
    },
    "2023-06-30": {
        "Tax Effect Of Unusual Items": NaN,
        "Tax Rate For Calcs": NaN,
        "Normalized EBITDA": NaN,
        "Total Unusual Items": NaN,
        "Total Unusual Items Excluding Goodwill": NaN,
        "Net Income From Continuing Operation Net Minority Interest": NaN,
        "Reconciled Depreciation": NaN,
        "Reconciled Cost Of Revenue": NaN,
        "EBITDA": NaN,
        "EBIT": NaN,
        "Net Interest Income": NaN,
        "Interest Expense": NaN,
        "Normalized Income": NaN,
        "Net Income From Continuing And Discontinued Operation": NaN,
        "Total Expenses": NaN,
        "Total Operating Income As Reported": NaN,
        "Diluted Average Shares": NaN,
        "Basic Average Shares": NaN,
        "Diluted EPS": NaN,
        "Basic EPS": NaN,
        "Diluted NI Availto Com Stockholders": NaN,
        "Net Income Common Stockholders": NaN,
        "Net Income": NaN,
        "Net Income Including Noncontrolling Interests": NaN,
        "Net Income Continuous Operations": NaN,
        "Tax Provision": NaN,
        "Pretax Income": NaN,
        "Other Income Expense": NaN,
        "Special Income Charges": NaN,
        "Other Special Charges": NaN,
        "Net Non Operating Interest Income Expense": NaN,
        "Interest Expense Non Operating": NaN,
        "Operating Income": NaN,
        "Operating Expense": NaN,
        "Other Operating Expenses": 9974000.0,
        "Selling General And Administration": NaN,
        "Selling And Marketing Expense": NaN,
        "General And Administrative Expense": NaN,
        "Other Gand A": NaN,
        "Gross Profit": NaN,
        "Cost Of Revenue": NaN,
        "Total Revenue": NaN,
        "Operating Revenue": NaN
    },
    "2022-03-31": {
        "Diluted EPS": 0.66,
        "Total Revenue": NaN,
        "Gross Profit": 408,
        "Operating Income": 94,
        "EBIT": 129,
        "Net Income": 71
    },
    "2021-12-31": {
        "Diluted EPS": 0.47,
        "Total Revenue": 914,
        "Gross Profit": 355,
        "Operating Income": 61,
        "EBIT": 95,
        "Net Income": 50
    },
    "2021-09-30": {
        "Diluted EPS": 0.69,
        "Total Revenue": 877,
        "Gross Profit": 365,
        "Operating Income": 83,
        "EBIT": 114,
        "Net Income": 75
    },
    "2021-06-30": {
        "Diluted EPS": 0.77,
        "Total Revenue": 860,
        "Gross Profit": 365,
        "Operating Income": 99,
        "EBIT": 126,
        "Net Income": 83
    },
    "2021-03-31": {
        "Diluted EPS": 0.71,
        "Total Revenue": 783,
        "Gross Profit": 337,
        "Operating Income": 96,
        "EBIT": 122,
        "Net Income": 76
    },
    "2020-12-31": {
        "Diluted EPS": 0.54,
        "Total Revenue": 724,
        "Gross Profit": 308,
        "Operating Income": 68,
        "EBIT": 92,
        "Net Income": 57
    },
    "2020-09-30": {
        "Diluted EPS": 0.65,
        "Total Revenue": 685,
        "Gross Profit": 295,
        "Operating Income": 79,
        "EBIT": 102,
        "Net Income": 69
    },
    "2020-06-30": {
        "Diluted EPS": 0.3,
        "Total Revenue": 462,
        "Gross Profit": 197,
        "Operating Income": 21,
        "EBIT": 43,
        "Net Income": 32
    },
    "2020-03-31": {
        "Diluted EPS": 0.35,
        "Total Revenue": 555,
        "Gross Profit": 236,
        "Operating Income": 47,
        "EBIT": 69,
        "Net Income": 37
    },
    "2019-12-31": {
        "Diluted EPS": 0.34,
        "Total Revenue": 527,
        "Gross Profit": 230,
        "Operating Income": 42,
        "EBIT": 63,
        "Net Income": 35
    },
    "2019-09-30": {
        "Diluted EPS": 0.39,
        "Total Revenue": 521,
        "Gross Profit": 214,
        "Operating Income": 31,
        "EBIT": 50,
        "Net Income": 41
    },
    "2019-06-30": {
        "Diluted EPS": 0.42,
        "Total Revenue": 520,
        "Gross Profit": 218,
        "Operating Income": 46,
        "EBIT": 64,
        "Net Income": 44
    },
    "2019-03-31": {
        "Diluted EPS": 0.29,
        "Total Revenue": 477,
        "Gross Profit": 201,
        "Operating Income": 40,
        "EBIT": 57,
        "Net Income": 31
    },
    "2018-12-31": {
        "Diluted EPS": 0.18,
        "Total Revenue": 437,
        "Gross Profit": 181,
        "Operating Income": 23,
        "EBIT": 37,
        "Net Income": 18
    },
    "2018-09-30": {
        "Diluted EPS": 0.25,
        "Total Revenue": 436,
        "Gross Profit": 178,
        "Operating Income": 34,
        "EBIT": 47,
        "Net Income": 27
    },
    "2018-06-30": {
        "Diluted EPS": 0.38,
        "Total Revenue": 434,
        "Gross Profit": 178,
        "Operating Income": 37,
        "EBIT": 48,
        "Net Income": 40
    },
    "2018-03-31": {
        "Diluted EPS": 0.3,
        "Total Revenue": 403,
        "Gross Profit": 165,
        "Operating Income": 37,
        "EBIT": 47,
        "Net Income": 32
    },
    "2017-12-31": {
        "Diluted EPS": 0.48,
        "Total Revenue": 390,
        "Gross Profit": 162,
        "Operating Income": 32,
        "EBIT": 42,
        "Net Income": 48
    },
    "2017-09-30": {
        "Diluted EPS": 0.22,
        "Total Revenue": 344,
        "Gross Profit": 142,
        "Operating Income": 29,
        "EBIT": 37,
        "Net Income": 23
    },
    "2017-06-30": {
        "Diluted EPS": 0.2,
        "Total Revenue": 344,
        "Gross Profit": 142,
        "Operating Income": 34,
        "EBIT": 42,
        "Net Income": 20
    },
    "2017-03-31": {
        "Diluted EPS": 0.13,
        "Total Revenue": 307,
        "Gross Profit": 125,
        "Operating Income": 23,
        "EBIT": 31,
        "Net Income": 11
    },
    "2016-12-31": {
        "Diluted EPS": 0.19,
        "Total Revenue": 278,
        "Gross Profit": 115,
        "Operating Income": 20,
        "EBIT": 28,
        "Net Income": 17
    },
    "2016-09-30": {
        "Diluted EPS": 0.16,
        "Total Revenue": 271,
        "Gross Profit": 111,
        "Operating Income": 25,
        "EBIT": 31,
        "Net Income": 14
    },
    "2016-06-30": {
        "Diluted EPS": 0.06,
        "Total Revenue": 266,
        "Gross Profit": 110,
        "Operating Income": 11,
        "EBIT": 18,
        "Net Income": 5
    },
    "2016-03-31": {
        "Diluted EPS": 0.08,
        "Total Revenue": 235,
        "Gross Profit": 94,
        "Operating Income": 14,
        "EBIT": 19,
        "Net Income": 7
    },
    "2015-12-31": {
        "Diluted EPS": 0.0,
        "Total Revenue": NaN,
        "Gross Profit": NaN,
        "Operating Income": NaN,
        "EBIT": NaN,
        "Net Income": NaN
    },
    "2014-12-31": {
        "Diluted EPS": 0.0,
        "Total Revenue": NaN,
        "Gross Profit": NaN,
        "Operating Income": NaN,
        "EBIT": NaN,
        "Net Income": NaN
    },
    "2023-09-30": {
        "Tax Effect Of Unusual Items": NaN,
        "Tax Rate For Calcs": NaN,
        "Normalized EBITDA": NaN,
        "Total Unusual Items": NaN,
        "Total Unusual Items Excluding Goodwill": NaN,
        "Net Income From Continuing Operation Net Minority Interest": NaN,
        "Reconciled Depreciation": NaN,
        "Reconciled Cost Of Revenue": NaN,
        "EBITDA": NaN,
        "EBIT": NaN,
        "Net Interest Income": NaN,
        "Interest Expense": NaN,
        "Normalized Income": NaN,
        "Net Income From Continuing And Discontinued Operation": NaN,
        "Total Expenses": NaN,
        "Total Operating Income As Reported": NaN,
        "Diluted Average Shares": NaN,
        "Basic Average Shares": NaN,
        "Diluted EPS": NaN,
        "Basic EPS": NaN,
        "Diluted NI Availto Com Stockholders": NaN,
        "Net Income Common Stockholders": NaN,
        "Net Income": NaN,
        "Net Income Including Noncontrolling Interests": NaN,
        "Net Income Continuous Operations": NaN,
        "Tax Provision": NaN,
        "Pretax Income": NaN,
        "Other Income Expense": NaN,
        "Special Income Charges": NaN,
        "Other Special Charges": NaN,
        "Net Non Operating Interest Income Expense": NaN,
        "Interest Expense Non Operating": NaN,
        "Operating Income": NaN,
        "Operating Expense": NaN,
        "Other Operating Expenses": 14232000.0,
        "Selling General And Administration": NaN,
        "Selling And Marketing Expense": NaN,
        "General And Administrative Expense": NaN,
        "Other Gand A": NaN,
        "Gross Profit": NaN,
        "Cost Of Revenue": NaN,
        "Total Revenue": NaN,
        "Operating Revenue": NaN
    },
    "2023-12-31": {
        "Tax Effect Of Unusual Items": NaN,
        "Tax Rate For Calcs": NaN,
        "Normalized EBITDA": NaN,
        "Total Unusual Items": NaN,
        "Total Unusual Items Excluding Goodwill": NaN,
        "Net Income From Continuing Operation Net Minority Interest": NaN,
        "Reconciled Depreciation": NaN,
        "Reconciled Cost Of Revenue": NaN,
        "EBITDA": NaN,
        "EBIT": NaN,
        "Net Interest Income": NaN,
        "Interest Expense": NaN,
        "Normalized Income": NaN,
        "Net Income From Continuing And Discontinued Operation": NaN,
        "Total Expenses": NaN,
        "Total Operating Income As Reported": NaN,
        "Diluted Average Shares": NaN,
        "Basic Average Shares": NaN,
        "Diluted EPS": NaN,
        "Basic EPS": NaN,
        "Diluted NI Availto Com Stockholders": NaN,
        "Net Income Common Stockholders": NaN,
        "Net Income": NaN,
        "Net Income Including Noncontrolling Interests": NaN,
        "Net Income Continuous Operations": NaN,
        "Tax Provision": NaN,
        "Pretax Income": NaN,
        "Other Income Expense": NaN,
        "Special Income Charges": NaN,
        "Other Special Charges": NaN,
        "Net Non Operating Interest Income Expense": NaN,
        "Interest Expense Non Operating": NaN,
        "Operating Income": NaN,
        "Operating Expense": NaN,
        "Other Operating Expenses": 12756000.0,
        "Selling General And Administration": NaN,
        "Selling And Marketing Expense": NaN,
        "General And Administrative Expense": NaN,
        "Other Gand A": NaN,
        "Gross Profit": NaN,
        "Cost Of Revenue": NaN,
        "Total Revenue": NaN,
        "Operating Revenue": NaN
    },
    "2024-03-31": {
        "Tax Effect Of Unusual Items": NaN,
        "Tax Rate For Calcs": NaN,
        "Normalized EBITDA": NaN,
        "Total Unusual Items": NaN,
        "Total Unusual Items Excluding Goodwill": NaN,
        "Net Income From Continuing Operation Net Minority Interest": NaN,
        "Reconciled Depreciation": NaN,
        "Reconciled Cost Of Revenue": NaN,
        "EBITDA": NaN,
        "EBIT": NaN,
        "Net Interest Income": NaN,
        "Interest Expense": NaN,
        "Normalized Income": NaN,
        "Net Income From Continuing And Discontinued Operation": NaN,
        "Total Expenses": NaN,
        "Total Operating Income As Reported": NaN,
        "Diluted Average Shares": 108255000.0,
        "Basic Average Shares": 106770000.0,
        "Diluted EPS": 0.46,
        "Basic EPS": NaN,
        "Diluted NI Availto Com Stockholders": NaN,
        "Net Income Common Stockholders": NaN,
        "Net Income": NaN,
        "Net Income Including Noncontrolling Interests": NaN,
        "Net Income Continuous Operations": NaN,
        "Tax Provision": NaN,
        "Pretax Income": NaN,
        "Other Income Expense": NaN,
        "Special Income Charges": NaN,
        "Other Special Charges": NaN,
        "Net Non Operating Interest Income Expense": NaN,
        "Interest Expense Non Operating": NaN,
        "Operating Income": NaN,
        "Operating Expense": NaN,
        "Other Operating Expenses": 9593000.0,
        "Selling General And Administration": NaN,
        "Selling And Marketing Expense": NaN,
        "General And Administrative Expense": NaN,
        "Other Gand A": NaN,
        "Gross Profit": NaN,
        "Cost Of Revenue": NaN,
        "Total Revenue": NaN,
        "Operating Revenue": NaN
    },
    "2024-06-30": {
        "Tax Effect Of Unusual Items": -2104146.0,
        "Tax Rate For Calcs": 0.198,
        "Normalized EBITDA": 140339000.0,
        "Total Unusual Items": -10627000.0,
        "Total Unusual Items Excluding Goodwill": -10627000.0,
        "Net Income From Continuing Operation Net Minority Interest": 56666000.0,
        "Reconciled Depreciation": 58384000.0,
        "Reconciled Cost Of Revenue": 642105000.0,
        "EBITDA": 129712000.0,
        "EBIT": 71328000.0,
        "Net Interest Income": -663000.0,
        "Interest Expense": 663000.0,
        "Normalized Income": 65188854.0,
        "Net Income From Continuing And Discontinued Operation": 56666000.0,
        "Total Expenses": 1051184000.0,
        "Total Operating Income As Reported": 71328000.0,
        "Diluted Average Shares": 108274000.0,
        "Basic Average Shares": 107046000.0,
        "Diluted EPS": 0.52,
        "Basic EPS": 0.53,
        "Diluted NI Availto Com Stockholders": 56666000.0,
        "Net Income Common Stockholders": 56666000.0,
        "Net Income": 56666000.0,
        "Net Income Including Noncontrolling Interests": 56666000.0,
        "Net Income Continuous Operations": 56666000.0,
        "Tax Provision": 13999000.0,
        "Pretax Income": 70665000.0,
        "Other Income Expense": -10627000.0,
        "Special Income Charges": -10627000.0,
        "Other Special Charges": 10627000.0,
        "Net Non Operating Interest Income Expense": -663000.0,
        "Interest Expense Non Operating": 663000.0,
        "Operating Income": 81955000.0,
        "Operating Expense": 409079000.0,
        "Other Operating Expenses": NaN,
        "Selling General And Administration": 409079000.0,
        "Selling And Marketing Expense": 341408000.0,
        "General And Administrative Expense": 67671000.0,
        "Other Gand A": 67671000.0,
        "Gross Profit": 491034000.0,
        "Cost Of Revenue": 642105000.0,
        "Total Revenue": 1133139000.0,
        "Operating Revenue": 1133139000.0
    },
    "2024-09-30": {
        "Tax Effect Of Unusual Items": -2775358.0,
        "Tax Rate For Calcs": 0.218,
        "Normalized EBITDA": 136931000.0,
        "Total Unusual Items": -12731000.0,
        "Total Unusual Items Excluding Goodwill": -12731000.0,
        "Net Income From Continuing Operation Net Minority Interest": 51690000.0,
        "Reconciled Depreciation": 57883000.0,
        "Reconciled Cost Of Revenue": 632056000.0,
        "EBITDA": 124200000.0,
        "EBIT": 66317000.0,
        "Net Interest Income": -189000.0,
        "Interest Expense": 189000.0,
        "Normalized Income": 61645642.0,
        "Net Income From Continuing And Discontinued Operation": 51690000.0,
        "Total Expenses": 1038878000.0,
        "Total Operating Income As Reported": 66317000.0,
        "Diluted Average Shares": 108292000.0,
        "Basic Average Shares": 107185000.0,
        "Diluted EPS": 0.48,
        "Basic EPS": 0.48,
        "Diluted NI Availto Com Stockholders": 51690000.0,
        "Net Income Common Stockholders": 51690000.0,
        "Net Income": 51690000.0,
        "Net Income Including Noncontrolling Interests": 51690000.0,
        "Net Income Continuous Operations": 51690000.0,
        "Tax Provision": 14438000.0,
        "Pretax Income": 66128000.0,
        "Other Income Expense": -12731000.0,
        "Special Income Charges": -12731000.0,
        "Other Special Charges": 12731000.0,
        "Net Non Operating Interest Income Expense": -189000.0,
        "Interest Expense Non Operating": 189000.0,
        "Operating Income": 79048000.0,
        "Operating Expense": 406822000.0,
        "Other Operating Expenses": NaN,
        "Selling General And Administration": 406822000.0,
        "Selling And Marketing Expense": 339135000.0,
        "General And Administrative Expense": 67687000.0,
        "Other Gand A": 67687000.0,
        "Gross Profit": 485870000.0,
        "Cost Of Revenue": 632056000.0,
        "Total Revenue": 1117926000.0,
        "Operating Revenue": 1117926000.0
    },
    "2024-12-31": {
        "Tax Effect Of Unusual Items": -2112299.254059,
        "Tax Rate For Calcs": 0.198636,
        "Normalized EBITDA": 129637000.0,
        "Total Unusual Items": -10634000.0,
        "Total Unusual Items Excluding Goodwill": -10634000.0,
        "Net Income From Continuing Operation Net Minority Interest": 47484000.0,
        "Reconciled Depreciation": 59783000.0,
        "Reconciled Cost Of Revenue": 626095000.0,
        "EBITDA": 119003000.0,
        "EBIT": 59220000.0,
        "Net Interest Income": 34000.0,
        "Interest Expense": -34000.0,
        "Normalized Income": 56005700.745941,
        "Net Income From Continuing And Discontinued Operation": 47484000.0,
        "Total Expenses": 1037562000.0,
        "Total Operating Income As Reported": 59220000.0,
        "Diluted Average Shares": 108431000.0,
        "Basic Average Shares": 107300000.0,
        "Diluted EPS": 0.44,
        "Basic EPS": 0.44,
        "Diluted NI Availto Com Stockholders": 47484000.0,
        "Net Income Common Stockholders": 47484000.0,
        "Net Income": 47484000.0,
        "Net Income Including Noncontrolling Interests": 47484000.0,
        "Net Income Continuous Operations": 47484000.0,
        "Tax Provision": 11770000.0,
        "Pretax Income": 59254000.0,
        "Other Income Expense": -10634000.0,
        "Special Income Charges": -10634000.0,
        "Other Special Charges": 10634000.0,
        "Net Non Operating Interest Income Expense": 34000.0,
        "Interest Expense Non Operating": -34000.0,
        "Operating Income": 69854000.0,
        "Operating Expense": 411467000.0,
        "Other Operating Expenses": NaN,
        "Selling General And Administration": 411467000.0,
        "Selling And Marketing Expense": 347437000.0,
        "General And Administrative Expense": 64030000.0,
        "Other Gand A": 64030000.0,
        "Gross Profit": 481321000.0,
        "Cost Of Revenue": 626095000.0,
        "Total Revenue": 1107416000.0,
        "Operating Revenue": 1107416000.0
    },
    "2025-03-31": {
        "Tax Effect Of Unusual Items": -1318460.0,
        "Tax Rate For Calcs": 0.22,
        "Normalized EBITDA": 130187000.0,
        "Total Unusual Items": -5993000.0,
        "Total Unusual Items Excluding Goodwill": -5993000.0,
        "Net Income From Continuing Operation Net Minority Interest": 48878000.0,
        "Reconciled Depreciation": 59965000.0,
        "Reconciled Cost Of Revenue": 652572000.0,
        "EBITDA": 124194000.0,
        "EBIT": 64229000.0,
        "Net Interest Income": -1548000.0,
        "Interest Expense": 1548000.0,
        "Normalized Income": 53552540.0,
        "Net Income From Continuing And Discontinued Operation": 48878000.0,
        "Total Expenses": 1090518000.0,
        "Total Operating Income As Reported": 64229000.0,
        "Diluted Average Shares": 108442000.0,
        "Basic Average Shares": 107455000.0,
        "Diluted EPS": 0.45,
        "Basic EPS": 0.45,
        "Diluted NI Availto Com Stockholders": 48878000.0,
        "Net Income Common Stockholders": 48878000.0,
        "Net Income": 48878000.0,
        "Net Income Including Noncontrolling Interests": 48878000.0,
        "Net Income Continuous Operations": 48878000.0,
        "Tax Provision": 13803000.0,
        "Pretax Income": 62681000.0,
        "Other Income Expense": -5993000.0,
        "Special Income Charges": -5993000.0,
        "Other Special Charges": 5993000.0,
        "Net Non Operating Interest Income Expense": -1548000.0,
        "Interest Expense Non Operating": 1548000.0,
        "Operating Income": 70222000.0,
        "Operating Expense": 437946000.0,
        "Other Operating Expenses": NaN,
        "Selling General And Administration": 437946000.0,
        "Selling And Marketing Expense": 368805000.0,
        "General And Administrative Expense": 69141000.0,
        "Other Gand A": 69141000.0,
        "Gross Profit": 508168000.0,
        "Cost Of Revenue": 652572000.0,
        "Total Revenue": 1160740000.0,
        "Operating Revenue": 1160740000.0
    },
    "2025-06-30": {
        "Tax Effect Of Unusual Items": -1118406.295627,
        "Tax Rate For Calcs": 0.218,
        "Normalized EBITDA": 147006000.0,
        "Total Unusual Items": -5124000.0,
        "Total Unusual Items Excluding Goodwill": -5124000.0,
        "Net Income From Continuing Operation Net Minority Interest": 63178000.0,
        "Reconciled Depreciation": 59988000.0,
        "Reconciled Cost Of Revenue": 681462000.0,
        "EBITDA": 141882000.0,
        "EBIT": 81894000.0,
        "Net Interest Income": -1076000.0,
        "Interest Expense": 1076000.0,
        "Normalized Income": 67183593.704373,
        "Net Income From Continuing And Discontinued Operation": 63178000.0,
        "Total Expenses": 1127132000.0,
        "Total Operating Income As Reported": 81894000.0,
        "Diluted Average Shares": NaN,
        "Basic Average Shares": NaN,
        "Diluted EPS": NaN,
        "Basic EPS": 0.59,
        "Diluted NI Availto Com Stockholders": 63178000.0,
        "Net Income Common Stockholders": 63178000.0,
        "Net Income": 63178000.0,
        "Net Income Including Noncontrolling Interests": 63178000.0,
        "Net Income Continuous Operations": 63178000.0,
        "Tax Provision": 17640000.0,
        "Pretax Income": 80818000.0,
        "Other Income Expense": -5124000.0,
        "Special Income Charges": -5124000.0,
        "Other Special Charges": 5124000.0,
        "Net Non Operating Interest Income Expense": -1076000.0,
        "Interest Expense Non Operating": 1076000.0,
        "Operating Income": 87018000.0,
        "Operating Expense": 445670000.0,
        "Other Operating Expenses": NaN,
        "Selling General And Administration": 445670000.0,
        "Selling And Marketing Expense": 376240000.0,
        "General And Administrative Expense": 69430000.0,
        "Other Gand A": 69430000.0,
        "Gross Profit": 532688000.0,
        "Cost Of Revenue": 681462000.0,
        "Total Revenue": 1214150000.0,
        "Operating Revenue": 1214150000.0
    }
}