{
    "2023-03-31": {
        "Tax Effect Of Unusual Items": NaN,
        "Tax Rate For Calcs": NaN,
        "Normalized EBITDA": NaN,
        "Total Unusual Items": NaN,
        "Total Unusual Items Excluding Goodwill": NaN,
        "Net Income From Continuing Operation Net Minority Interest": NaN,
        "Reconciled Depreciation": NaN,
        "Reconciled Cost Of Revenue": NaN,
        "EBITDA": NaN,
        "EBIT": NaN,
        "Net Interest Income": NaN,
        "Interest Expense": NaN,
        "Interest Income": NaN,
        "Normalized Income": NaN,
        "Net Income From Continuing And Discontinued Operation": NaN,
        "Total Expenses": NaN,
        "Total Operating Income As Reported": NaN,
        "Diluted Average Shares": 192200000.0,
        "Basic Average Shares": 191900000.0,
        "Diluted EPS": 0.81,
        "Basic EPS": 0.82,
        "Diluted NI Availto Com Stockholders": NaN,
        "Net Income Common Stockholders": NaN,
        "Net Income": NaN,
        "Net Income Including Noncontrolling Interests": NaN,
        "Net Income Continuous Operations": NaN,
        "Tax Provision": NaN,
        "Pretax Income": NaN,
        "Other Income Expense": NaN,
        "Special Income Charges": NaN,
        "Gain On Sale Of Ppe": NaN,
        "Other Special Charges": NaN,
        "Gain On Sale Of Security": NaN,
        "Net Non Operating Interest Income Expense": NaN,
        "Total Other Finance Cost": NaN,
        "Interest Expense Non Operating": NaN,
        "Interest Income Non Operating": NaN,
        "Operating Income": NaN,
        "Operating Expense": NaN,
        "Selling General And Administration": NaN,
        "General And Administrative Expense": NaN,
        "Other Gand A": NaN,
        "Insurance And Claims": NaN,
        "Salaries And Wages": NaN,
        "Gross Profit": NaN,
        "Cost Of Revenue": NaN,
        "Total Revenue": NaN,
        "Operating Revenue": NaN
    },
    "2022-12-31": {
        "Tax Effect Of Unusual Items": NaN,
        "Tax Rate For Calcs": NaN,
        "Normalized EBITDA": NaN,
        "Total Unusual Items": NaN,
        "Total Unusual Items Excluding Goodwill": NaN,
        "Net Income From Continuing Operation Net Minority Interest": NaN,
        "Reconciled Depreciation": NaN,
        "Reconciled Cost Of Revenue": NaN,
        "EBITDA": NaN,
        "EBIT": NaN,
        "Net Interest Income": NaN,
        "Interest Expense": NaN,
        "Interest Income": NaN,
        "Normalized Income": NaN,
        "Net Income From Continuing And Discontinued Operation": NaN,
        "Total Expenses": NaN,
        "Total Operating Income As Reported": NaN,
        "Diluted Average Shares": NaN,
        "Basic Average Shares": NaN,
        "Diluted EPS": NaN,
        "Basic EPS": NaN,
        "Diluted NI Availto Com Stockholders": NaN,
        "Net Income Common Stockholders": NaN,
        "Net Income": NaN,
        "Net Income Including Noncontrolling Interests": NaN,
        "Net Income Continuous Operations": NaN,
        "Tax Provision": NaN,
        "Pretax Income": NaN,
        "Other Income Expense": NaN,
        "Special Income Charges": NaN,
        "Gain On Sale Of Ppe": NaN,
        "Other Special Charges": NaN,
        "Impairment Of Capital Assets": 0.0,
        "Gain On Sale Of Security": NaN,
        "Net Non Operating Interest Income Expense": NaN,
        "Total Other Finance Cost": NaN,
        "Interest Expense Non Operating": NaN,
        "Interest Income Non Operating": NaN,
        "Operating Income": NaN,
        "Operating Expense": NaN,
        "Selling General And Administration": NaN,
        "General And Administrative Expense": NaN,
        "Other Gand A": NaN,
        "Insurance And Claims": NaN,
        "Salaries And Wages": NaN,
        "Gross Profit": NaN,
        "Cost Of Revenue": NaN,
        "Total Revenue": NaN,
        "Operating Revenue": NaN
    },
    "2022-09-30": {
        "Tax Effect Of Unusual Items": NaN,
        "Tax Rate For Calcs": NaN,
        "Normalized EBITDA": NaN,
        "Total Unusual Items": NaN,
        "Total Unusual Items Excluding Goodwill": NaN,
        "Net Income From Continuing Operation Net Minority Interest": NaN,
        "Reconciled Depreciation": NaN,
        "Reconciled Cost Of Revenue": NaN,
        "EBITDA": NaN,
        "EBIT": NaN,
        "Net Interest Income": NaN,
        "Interest Expense": NaN,
        "Interest Income": NaN,
        "Normalized Income": NaN,
        "Net Income From Continuing And Discontinued Operation": NaN,
        "Total Expenses": NaN,
        "Total Operating Income As Reported": NaN,
        "Diluted Average Shares": 191900000.0,
        "Basic Average Shares": 191600000.0,
        "Diluted EPS": 0.82,
        "Basic EPS": 0.82,
        "Diluted NI Availto Com Stockholders": NaN,
        "Net Income Common Stockholders": NaN,
        "Net Income": NaN,
        "Net Income Including Noncontrolling Interests": NaN,
        "Net Income Continuous Operations": NaN,
        "Tax Provision": NaN,
        "Pretax Income": NaN,
        "Other Income Expense": NaN,
        "Special Income Charges": NaN,
        "Gain On Sale Of Ppe": NaN,
        "Write Off": 0.0,
        "Gain On Sale Of Security": NaN,
        "Net Non Operating Interest Income Expense": NaN,
        "Interest Expense Non Operating": NaN,
        "Interest Income Non Operating": NaN,
        "Operating Income": NaN,
        "Operating Expense": NaN,
        "Selling General And Administration": NaN,
        "General And Administrative Expense": NaN,
        "Other Gand A": NaN,
        "Salaries And Wages": NaN,
        "Gross Profit": NaN,
        "Cost Of Revenue": NaN,
        "Total Revenue": NaN,
        "Operating Revenue": NaN
    },
    "2022-06-30": {
        "Tax Effect Of Unusual Items": -31475.128645,
        "Tax Rate For Calcs": 0.157376,
        "Normalized EBITDA": 303000000.0,
        "Total Unusual Items": -200000.0,
        "Total Unusual Items Excluding Goodwill": -200000.0,
        "Net Income From Continuing Operation Net Minority Interest": 196500000.0,
        "Reconciled Depreciation": 69600000.0,
        "Reconciled Cost Of Revenue": 115100000.0,
        "EBITDA": 302800000.0,
        "EBIT": 233200000.0,
        "Net Interest Income": 2000000.0,
        "Interest Expense": 0.0,
        "Interest Income": 2800000.0,
        "Normalized Income": 196668524.871355,
        "Net Income From Continuing And Discontinued Operation": 196500000.0,
        "Total Expenses": 120900000.0,
        "Total Operating Income As Reported": 231600000.0,
        "Diluted Average Shares": 191900000.0,
        "Basic Average Shares": 191500000.0,
        "Diluted EPS": 1.02,
        "Basic EPS": 1.03,
        "Diluted NI Availto Com Stockholders": 196500000.0,
        "Net Income Common Stockholders": 196500000.0,
        "Net Income": 196500000.0,
        "Net Income Including Noncontrolling Interests": 196500000.0,
        "Net Income Continuous Operations": 196500000.0,
        "Tax Provision": 36700000.0,
        "Pretax Income": 233200000.0,
        "Other Income Expense": -200000.0,
        "Special Income Charges": 200000.0,
        "Gain On Sale Of Ppe": 200000.0,
        "Write Off": 0.0,
        "Gain On Sale Of Security": -400000.0,
        "Net Non Operating Interest Income Expense": 2000000.0,
        "Total Other Finance Cost": 800000.0,
        "Interest Expense Non Operating": 0.0,
        "Interest Income Non Operating": 2800000.0,
        "Operating Income": 231400000.0,
        "Operating Expense": 5800000.0,
        "Selling General And Administration": 5800000.0,
        "General And Administrative Expense": 5800000.0,
        "Other Gand A": 5800000.0,
        "Salaries And Wages": 0.0,
        "Gross Profit": 237200000.0,
        "Cost Of Revenue": 115100000.0,
        "Total Revenue": 352300000.0,
        "Operating Revenue": 339800000.0
    },
    "2022-03-31": {
        "Diluted EPS": 0.95,
        "Total Revenue": 339,
        "Gross Profit": 221,
        "Operating Income": 212,
        "EBIT": 287,
        "Net Income": 182
    },
    "2021-12-31": {
        "Diluted EPS": 1.14,
        "Total Revenue": 328,
        "Gross Profit": 201,
        "Operating Income": 192,
        "EBIT": 270,
        "Net Income": 221
    },
    "2021-09-30": {
        "Diluted EPS": 0.87,
        "Total Revenue": 316,
        "Gross Profit": 201,
        "Operating Income": 197,
        "EBIT": 270,
        "Net Income": 166
    },
    "2021-06-30": {
        "Diluted EPS": 0.92,
        "Total Revenue": 347,
        "Gross Profit": 223,
        "Operating Income": 213,
        "EBIT": 290,
        "Net Income": 175
    },
    "2021-03-31": {
        "Diluted EPS": 0.9,
        "Total Revenue": 309,
        "Gross Profit": 197,
        "Operating Income": 192,
        "EBIT": 263,
        "Net Income": 172
    },
    "2020-12-31": {
        "Diluted EPS": 0.92,
        "Total Revenue": 305,
        "Gross Profit": 190,
        "Operating Income": 186,
        "EBIT": 254,
        "Net Income": 177
    },
    "2020-09-30": {
        "Diluted EPS": 0.81,
        "Total Revenue": 280,
        "Gross Profit": 183,
        "Operating Income": 178,
        "EBIT": 235,
        "Net Income": 154
    },
    "2020-06-30": {
        "Diluted EPS": 0.5,
        "Total Revenue": 195,
        "Gross Profit": 115,
        "Operating Income": 106,
        "EBIT": 158,
        "Net Income": 94
    },
    "2020-03-31": {
        "Diluted EPS": -0.52,
        "Total Revenue": 241,
        "Gross Profit": 133,
        "Operating Income": 128,
        "EBIT": 193,
        "Net Income": -99
    },
    "2019-12-31": {
        "Diluted EPS": 0.6,
        "Total Revenue": 258,
        "Gross Profit": 139,
        "Operating Income": 129,
        "EBIT": 202,
        "Net Income": 113
    },
    "2019-09-30": {
        "Diluted EPS": 0.54,
        "Total Revenue": 236,
        "Gross Profit": 126,
        "Operating Income": 122,
        "EBIT": 193,
        "Net Income": 102
    },
    "2019-06-30": {
        "Diluted EPS": 0.34,
        "Total Revenue": 171,
        "Gross Profit": 84,
        "Operating Income": 79,
        "EBIT": 138,
        "Net Income": 64
    },
    "2019-03-31": {
        "Diluted EPS": 0.35,
        "Total Revenue": 180,
        "Gross Profit": 87,
        "Operating Income": 80,
        "EBIT": 141,
        "Net Income": 65
    },
    "2018-12-31": {
        "Diluted EPS": -0.17,
        "Total Revenue": 148,
        "Gross Profit": 2,
        "Operating Income": 57,
        "EBIT": 118,
        "Net Income": -31
    },
    "2018-09-30": {
        "Diluted EPS": 0.28,
        "Total Revenue": 171,
        "Gross Profit": 71,
        "Operating Income": 66,
        "EBIT": 132,
        "Net Income": 52
    },
    "2018-06-30": {
        "Diluted EPS": 0.29,
        "Total Revenue": 161,
        "Gross Profit": 132,
        "Operating Income": 65,
        "EBIT": 125,
        "Net Income": 54
    },
    "2018-03-31": {
        "Diluted EPS": 0.35,
        "Total Revenue": 173,
        "Gross Profit": 82,
        "Operating Income": 77,
        "EBIT": 138,
        "Net Income": 65
    },
    "2017-12-31": {
        "Diluted EPS": 0.24,
        "Total Revenue": 167,
        "Gross Profit": -141,
        "Operating Income": 61,
        "EBIT": 125,
        "Net Income": 44
    },
    "2017-09-30": {
        "Diluted EPS": 0.32,
        "Total Revenue": 172,
        "Gross Profit": 139,
        "Operating Income": 63,
        "EBIT": 134,
        "Net Income": 60
    },
    "2017-06-30": {
        "Diluted EPS": 0.25,
        "Total Revenue": 164,
        "Gross Profit": 130,
        "Operating Income": 56,
        "EBIT": 123,
        "Net Income": 46
    },
    "2017-03-31": {
        "Diluted EPS": 0.25,
        "Total Revenue": 173,
        "Gross Profit": 133,
        "Operating Income": 55,
        "EBIT": 127,
        "Net Income": 46
    },
    "2016-12-31": {
        "Diluted EPS": -0.03,
        "Total Revenue": 155,
        "Gross Profit": 130,
        "Operating Income": 68,
        "EBIT": 135,
        "Net Income": -5
    },
    "2016-09-30": {
        "Diluted EPS": 0.3,
        "Total Revenue": 172,
        "Gross Profit": 144,
        "Operating Income": 68,
        "EBIT": 140,
        "Net Income": 54
    },
    "2016-06-30": {
        "Diluted EPS": 0.24,
        "Total Revenue": 151,
        "Gross Profit": 123,
        "Operating Income": 51,
        "EBIT": 119,
        "Net Income": 42
    },
    "2016-03-31": {
        "Diluted EPS": 0.18,
        "Total Revenue": 132,
        "Gross Profit": 108,
        "Operating Income": 37,
        "EBIT": 103,
        "Net Income": 30
    },
    "2015-12-31": {
        "Diluted EPS": -0.2,
        "Total Revenue": 121,
        "Gross Profit": 97,
        "Operating Income": 27,
        "EBIT": 93,
        "Net Income": -31
    },
    "2015-09-30": {
        "Diluted EPS": 0.1,
        "Total Revenue": 104,
        "Gross Profit": 81,
        "Operating Income": 26,
        "EBIT": 76,
        "Net Income": 15
    },
    "2015-06-30": {
        "Diluted EPS": 0.14,
        "Total Revenue": 109,
        "Gross Profit": 85,
        "Operating Income": 31,
        "EBIT": 80,
        "Net Income": 22
    },
    "2015-03-31": {
        "Diluted EPS": 0.12,
        "Total Revenue": 109,
        "Gross Profit": 87,
        "Operating Income": 31,
        "EBIT": 82,
        "Net Income": 19
    },
    "2014-12-31": {
        "Diluted EPS": 0.01,
        "Total Revenue": 123,
        "Gross Profit": 98,
        "Operating Income": 45,
        "EBIT": 94,
        "Net Income": 1
    },
    "2014-09-30": {
        "Diluted EPS": 0.22,
        "Total Revenue": 108,
        "Gross Profit": 89,
        "Operating Income": 47,
        "EBIT": 85,
        "Net Income": 33
    },
    "2014-06-30": {
        "Diluted EPS": 0.25,
        "Total Revenue": 108,
        "Gross Profit": 93,
        "Operating Income": 48,
        "EBIT": 87,
        "Net Income": 37
    },
    "2014-03-31": {
        "Diluted EPS": 0.24,
        "Total Revenue": 104,
        "Gross Profit": 90,
        "Operating Income": 49,
        "EBIT": 85,
        "Net Income": 35
    },
    "2013-12-31": {
        "Diluted EPS": -0.55,
        "Total Revenue": 100,
        "Gross Profit": 83,
        "Operating Income": 45,
        "EBIT": 79,
        "Net Income": -81
    },
    "2013-09-30": {
        "Diluted EPS": 0.24,
        "Total Revenue": 99,
        "Gross Profit": 85,
        "Operating Income": 48,
        "EBIT": 80,
        "Net Income": 35
    },
    "2013-06-30": {
        "Diluted EPS": 0.15,
        "Total Revenue": 93,
        "Gross Profit": 79,
        "Operating Income": 47,
        "EBIT": 75,
        "Net Income": 22
    },
    "2013-03-31": {
        "Diluted EPS": 0.24,
        "Total Revenue": 109,
        "Gross Profit": 94,
        "Operating Income": 53,
        "EBIT": 88,
        "Net Income": 35
    },
    "2012-12-31": {
        "Diluted EPS": -0.23,
        "Total Revenue": 114,
        "Gross Profit": 100,
        "Operating Income": 61,
        "EBIT": 61,
        "Net Income": -33
    },
    "2012-09-30": {
        "Diluted EPS": 0.36,
        "Total Revenue": 105,
        "Gross Profit": 91,
        "Operating Income": 55,
        "EBIT": 55,
        "Net Income": 52
    },
    "2012-06-30": {
        "Diluted EPS": 0.26,
        "Total Revenue": 103,
        "Gross Profit": 87,
        "Operating Income": 52,
        "EBIT": 83,
        "Net Income": 37
    },
    "2012-03-31": {
        "Diluted EPS": 0.33,
        "Total Revenue": 105,
        "Gross Profit": 89,
        "Operating Income": 54,
        "EBIT": 85,
        "Net Income": 47
    },
    "2011-12-31": {
        "Diluted EPS": -0.8,
        "Total Revenue": 119,
        "Gross Profit": 119,
        "Operating Income": 119,
        "EBIT": 152,
        "Net Income": -105
    },
    "2011-09-30": {
        "Diluted EPS": 0.35,
        "Total Revenue": 113,
        "Gross Profit": 97,
        "Operating Income": 58,
        "EBIT": 58,
        "Net Income": 44
    },
    "2011-06-30": {
        "Diluted EPS": 0.26,
        "Total Revenue": 106,
        "Gross Profit": 106,
        "Operating Income": 106,
        "EBIT": 106,
        "Net Income": 33
    },
    "2011-03-31": {
        "Diluted EPS": 0.18,
        "Total Revenue": 73,
        "Gross Profit": 73,
        "Operating Income": 73,
        "EBIT": 73,
        "Net Income": 21
    },
    "2010-12-31": {
        "Diluted EPS": 0.15,
        "Total Revenue": 75,
        "Gross Profit": 75,
        "Operating Income": 75,
        "EBIT": 75,
        "Net Income": 17
    },
    "2023-06-30": {
        "Tax Effect Of Unusual Items": NaN,
        "Tax Rate For Calcs": NaN,
        "Normalized EBITDA": NaN,
        "Total Unusual Items": NaN,
        "Total Unusual Items Excluding Goodwill": NaN,
        "Net Income From Continuing Operation Net Minority Interest": NaN,
        "Reconciled Depreciation": NaN,
        "Reconciled Cost Of Revenue": NaN,
        "EBITDA": NaN,
        "EBIT": NaN,
        "Net Interest Income": NaN,
        "Interest Expense": NaN,
        "Interest Income": NaN,
        "Normalized Income": NaN,
        "Net Income From Continuing And Discontinued Operation": NaN,
        "Total Expenses": NaN,
        "Total Operating Income As Reported": NaN,
        "Diluted Average Shares": 192200000.0,
        "Basic Average Shares": 191900000.0,
        "Diluted EPS": 0.96,
        "Basic EPS": 0.96,
        "Diluted NI Availto Com Stockholders": NaN,
        "Net Income Common Stockholders": NaN,
        "Net Income": NaN,
        "Net Income Including Noncontrolling Interests": NaN,
        "Net Income Continuous Operations": NaN,
        "Tax Provision": NaN,
        "Pretax Income": NaN,
        "Other Income Expense": NaN,
        "Special Income Charges": NaN,
        "Gain On Sale Of Ppe": NaN,
        "Other Special Charges": NaN,
        "Gain On Sale Of Security": NaN,
        "Net Non Operating Interest Income Expense": NaN,
        "Total Other Finance Cost": 100000.0,
        "Interest Expense Non Operating": NaN,
        "Interest Income Non Operating": NaN,
        "Operating Income": NaN,
        "Operating Expense": NaN,
        "Selling General And Administration": NaN,
        "General And Administrative Expense": NaN,
        "Other Gand A": NaN,
        "Insurance And Claims": 1800000.0,
        "Salaries And Wages": NaN,
        "Gross Profit": NaN,
        "Cost Of Revenue": NaN,
        "Total Revenue": NaN,
        "Operating Revenue": NaN
    },
    "2023-09-30": {
        "Tax Effect Of Unusual Items": -199200.0,
        "Tax Rate For Calcs": 0.1245,
        "Normalized EBITDA": 270400000.0,
        "Total Unusual Items": -1600000.0,
        "Total Unusual Items Excluding Goodwill": -1600000.0,
        "Net Income From Continuing Operation Net Minority Interest": 175100000.0,
        "Reconciled Depreciation": 68100000.0,
        "Reconciled Cost Of Revenue": 117000000.0,
        "EBITDA": 268800000.0,
        "EBIT": 200700000.0,
        "Net Interest Income": 14800000.0,
        "Interest Expense": 700000.0,
        "Interest Income": 15500000.0,
        "Normalized Income": 176500800.0,
        "Net Income From Continuing And Discontinued Operation": 175100000.0,
        "Total Expenses": 122700000.0,
        "Total Operating Income As Reported": 187000000.0,
        "Diluted Average Shares": 192400000.0,
        "Basic Average Shares": 192100000.0,
        "Diluted EPS": 0.91,
        "Basic EPS": 0.91,
        "Diluted NI Availto Com Stockholders": 175100000.0,
        "Net Income Common Stockholders": 175100000.0,
        "Net Income": 175100000.0,
        "Net Income Including Noncontrolling Interests": 175100000.0,
        "Net Income Continuous Operations": 175100000.0,
        "Tax Provision": 24900000.0,
        "Pretax Income": 200000000.0,
        "Other Income Expense": -1600000.0,
        "Special Income Charges": 200000.0,
        "Gain On Sale Of Ppe": 200000.0,
        "Other Special Charges": NaN,
        "Gain On Sale Of Security": -1800000.0,
        "Net Non Operating Interest Income Expense": 14800000.0,
        "Total Other Finance Cost": NaN,
        "Interest Expense Non Operating": 700000.0,
        "Interest Income Non Operating": 15500000.0,
        "Operating Income": 186800000.0,
        "Operating Expense": 5700000.0,
        "Selling General And Administration": 5700000.0,
        "General And Administrative Expense": 5700000.0,
        "Other Gand A": 5000000.0,
        "Insurance And Claims": NaN,
        "Salaries And Wages": 700000.0,
        "Gross Profit": 192500000.0,
        "Cost Of Revenue": 117000000.0,
        "Total Revenue": 309500000.0,
        "Operating Revenue": 309500000.0
    },
    "2023-12-31": {
        "Tax Effect Of Unusual Items": -463760000.0,
        "Tax Rate For Calcs": 0.4,
        "Normalized EBITDA": 266500000.0,
        "Total Unusual Items": -1159400000.0,
        "Total Unusual Items Excluding Goodwill": -1159400000.0,
        "Net Income From Continuing Operation Net Minority Interest": -982500000.0,
        "Reconciled Depreciation": 68900000.0,
        "Reconciled Cost Of Revenue": 114000000.0,
        "EBITDA": -892900000.0,
        "EBIT": -961800000.0,
        "Net Interest Income": 15500000.0,
        "Interest Expense": -2000000.0,
        "Interest Income": 16300000.0,
        "Normalized Income": -286860000.0,
        "Net Income From Continuing And Discontinued Operation": -982500000.0,
        "Total Expenses": 119200000.0,
        "Total Operating Income As Reported": -987600000.0,
        "Diluted Average Shares": NaN,
        "Basic Average Shares": NaN,
        "Diluted EPS": NaN,
        "Basic EPS": NaN,
        "Diluted NI Availto Com Stockholders": -982500000.0,
        "Net Income Common Stockholders": -982500000.0,
        "Net Income": -982500000.0,
        "Net Income Including Noncontrolling Interests": -982500000.0,
        "Net Income Continuous Operations": -982500000.0,
        "Tax Provision": 22700000.0,
        "Pretax Income": -959800000.0,
        "Other Income Expense": -1159400000.0,
        "Special Income Charges": -1171700000.0,
        "Gain On Sale Of Ppe": 1600000.0,
        "Other Special Charges": NaN,
        "Gain On Sale Of Security": 12300000.0,
        "Net Non Operating Interest Income Expense": 15500000.0,
        "Total Other Finance Cost": NaN,
        "Interest Expense Non Operating": -2000000.0,
        "Interest Income Non Operating": 16300000.0,
        "Operating Income": 184100000.0,
        "Operating Expense": 5200000.0,
        "Selling General And Administration": 5200000.0,
        "General And Administrative Expense": 5200000.0,
        "Other Gand A": 7100000.0,
        "Insurance And Claims": NaN,
        "Salaries And Wages": -1900000.0,
        "Gross Profit": 189300000.0,
        "Cost Of Revenue": 114000000.0,
        "Total Revenue": 303300000.0,
        "Operating Revenue": 255900000.0
    },
    "2024-03-31": {
        "Tax Effect Of Unusual Items": 15988.372093,
        "Tax Rate For Calcs": 0.159884,
        "Normalized EBITDA": 230700000.0,
        "Total Unusual Items": 100000.0,
        "Total Unusual Items Excluding Goodwill": 100000.0,
        "Net Income From Continuing Operation Net Minority Interest": 144500000.0,
        "Reconciled Depreciation": 58200000.0,
        "Reconciled Cost Of Revenue": 91800000.0,
        "EBITDA": 230800000.0,
        "EBIT": 172600000.0,
        "Net Interest Income": 15400000.0,
        "Interest Expense": 600000.0,
        "Interest Income": 16000000.0,
        "Normalized Income": 144415988.372093,
        "Net Income From Continuing And Discontinued Operation": 144500000.0,
        "Total Expenses": 100300000.0,
        "Total Operating Income As Reported": 158200000.0,
        "Diluted Average Shares": 192400000.0,
        "Basic Average Shares": 192200000.0,
        "Diluted EPS": 0.75,
        "Basic EPS": 0.75,
        "Diluted NI Availto Com Stockholders": 144500000.0,
        "Net Income Common Stockholders": 144500000.0,
        "Net Income": 144500000.0,
        "Net Income Including Noncontrolling Interests": 144500000.0,
        "Net Income Continuous Operations": 144500000.0,
        "Tax Provision": 27500000.0,
        "Pretax Income": 172000000.0,
        "Other Income Expense": 100000.0,
        "Special Income Charges": 1700000.0,
        "Gain On Sale Of Ppe": 1700000.0,
        "Other Special Charges": NaN,
        "Gain On Sale Of Security": -1600000.0,
        "Net Non Operating Interest Income Expense": 15400000.0,
        "Total Other Finance Cost": NaN,
        "Interest Expense Non Operating": 600000.0,
        "Interest Income Non Operating": 16000000.0,
        "Operating Income": 156500000.0,
        "Operating Expense": 8500000.0,
        "Selling General And Administration": 8500000.0,
        "General And Administrative Expense": 8500000.0,
        "Other Gand A": 5700000.0,
        "Insurance And Claims": NaN,
        "Salaries And Wages": 2800000.0,
        "Gross Profit": 165000000.0,
        "Cost Of Revenue": 91800000.0,
        "Total Revenue": 256800000.0,
        "Operating Revenue": 256800000.0
    },
    "2024-06-30": {
        "Tax Effect Of Unusual Items": -1425000.0,
        "Tax Rate For Calcs": 0.15,
        "Normalized EBITDA": 237700000.0,
        "Total Unusual Items": -9500000.0,
        "Total Unusual Items Excluding Goodwill": -9500000.0,
        "Net Income From Continuing Operation Net Minority Interest": 79500000.0,
        "Reconciled Depreciation": 52900000.0,
        "Reconciled Cost Of Revenue": 82000000.0,
        "EBITDA": 228200000.0,
        "EBIT": 175300000.0,
        "Net Interest Income": 15600000.0,
        "Interest Expense": 500000.0,
        "Interest Income": 16200000.0,
        "Normalized Income": 87575000.0,
        "Net Income From Continuing And Discontinued Operation": 79500000.0,
        "Total Expenses": 91400000.0,
        "Total Operating Income As Reported": 169000000.0,
        "Diluted Average Shares": 192500000.0,
        "Basic Average Shares": 192300000.0,
        "Diluted EPS": 0.41,
        "Basic EPS": 0.41,
        "Diluted NI Availto Com Stockholders": 79500000.0,
        "Net Income Common Stockholders": 79500000.0,
        "Net Income": 79500000.0,
        "Net Income Including Noncontrolling Interests": 79500000.0,
        "Net Income Continuous Operations": 79500000.0,
        "Tax Provision": 95300000.0,
        "Pretax Income": 174800000.0,
        "Other Income Expense": -9500000.0,
        "Special Income Charges": 300000.0,
        "Gain On Sale Of Ppe": 1100000.0,
        "Other Special Charges": 800000.0,
        "Gain On Sale Of Security": -9800000.0,
        "Net Non Operating Interest Income Expense": 15600000.0,
        "Total Other Finance Cost": 100000.0,
        "Interest Expense Non Operating": 500000.0,
        "Interest Income Non Operating": 16200000.0,
        "Operating Income": 168700000.0,
        "Operating Expense": 9400000.0,
        "Selling General And Administration": 9400000.0,
        "General And Administrative Expense": 9400000.0,
        "Other Gand A": 2600000.0,
        "Insurance And Claims": 2400000.0,
        "Salaries And Wages": 4400000.0,
        "Gross Profit": 178100000.0,
        "Cost Of Revenue": 82000000.0,
        "Total Revenue": 260100000.0,
        "Operating Revenue": 257600000.0
    },
    "2024-09-30": {
        "Tax Effect Of Unusual Items": 281477.680862,
        "Tax Rate For Calcs": 0.216521,
        "Normalized EBITDA": 248500000.0,
        "Total Unusual Items": 1300000.0,
        "Total Unusual Items Excluding Goodwill": 1300000.0,
        "Net Income From Continuing Operation Net Minority Interest": 152700000.0,
        "Reconciled Depreciation": 54200000.0,
        "Reconciled Cost Of Revenue": 86100000.0,
        "EBITDA": 249800000.0,
        "EBIT": 195600000.0,
        "Net Interest Income": 14200000.0,
        "Interest Expense": 700000.0,
        "Interest Income": 14900000.0,
        "Normalized Income": 151681477.680862,
        "Net Income From Continuing And Discontinued Operation": 152700000.0,
        "Total Expenses": 96300000.0,
        "Total Operating Income As Reported": 182000000.0,
        "Diluted Average Shares": 192500000.0,
        "Basic Average Shares": 192300000.0,
        "Diluted EPS": 0.79,
        "Basic EPS": 0.79,
        "Diluted NI Availto Com Stockholders": 152700000.0,
        "Net Income Common Stockholders": 152700000.0,
        "Net Income": 152700000.0,
        "Net Income Including Noncontrolling Interests": 152700000.0,
        "Net Income Continuous Operations": 152700000.0,
        "Tax Provision": 42200000.0,
        "Pretax Income": 194900000.0,
        "Other Income Expense": 1300000.0,
        "Special Income Charges": 2600000.0,
        "Gain On Sale Of Ppe": 2600000.0,
        "Other Special Charges": NaN,
        "Gain On Sale Of Security": -1300000.0,
        "Net Non Operating Interest Income Expense": 14200000.0,
        "Total Other Finance Cost": NaN,
        "Interest Expense Non Operating": 700000.0,
        "Interest Income Non Operating": 14900000.0,
        "Operating Income": 179400000.0,
        "Operating Expense": 10200000.0,
        "Selling General And Administration": 10200000.0,
        "General And Administrative Expense": 10200000.0,
        "Other Gand A": 7800000.0,
        "Insurance And Claims": NaN,
        "Salaries And Wages": 2400000.0,
        "Gross Profit": 189600000.0,
        "Cost Of Revenue": 86100000.0,
        "Total Revenue": 275700000.0,
        "Operating Revenue": 275700000.0
    }
}