{
    "2023-06-30": {
        "Tax Effect Of Unusual Items": NaN,
        "Tax Rate For Calcs": NaN,
        "Total Unusual Items": 0.0,
        "Total Unusual Items Excluding Goodwill": 0.0,
        "Net Income From Continuing Operation Net Minority Interest": NaN,
        "Reconciled Depreciation": NaN,
        "Net Interest Income": NaN,
        "Interest Expense": NaN,
        "Interest Income": NaN,
        "Normalized Income": NaN,
        "Net Income From Continuing And Discontinued Operation": NaN,
        "Diluted Average Shares": NaN,
        "Basic Average Shares": NaN,
        "Diluted EPS": NaN,
        "Basic EPS": NaN,
        "Diluted NI Availto Com Stockholders": NaN,
        "Net Income Common Stockholders": NaN,
        "Otherunder Preferred Stock Dividend": NaN,
        "Net Income": NaN,
        "Minority Interests": NaN,
        "Net Income Including Noncontrolling Interests": NaN,
        "Net Income Continuous Operations": NaN,
        "Tax Provision": NaN,
        "Pretax Income": NaN,
        "Special Income Charges": 0.0,
        "Other Special Charges": NaN,
        "Gain On Sale Of Security": NaN,
        "Selling General And Administration": NaN,
        "Selling And Marketing Expense": NaN,
        "General And Administrative Expense": NaN,
        "Insurance And Claims": NaN,
        "Salaries And Wages": NaN,
        "Total Revenue": NaN,
        "Operating Revenue": NaN,
        "Occupancy And Equipment": NaN,
        "Professional Expense And Contract Services Expense": NaN,
        "Other Non Interest Expense": NaN
    },
    "2023-03-31": {
        "Tax Effect Of Unusual Items": NaN,
        "Tax Rate For Calcs": NaN,
        "Total Unusual Items": NaN,
        "Total Unusual Items Excluding Goodwill": NaN,
        "Net Income From Continuing Operation Net Minority Interest": NaN,
        "Reconciled Depreciation": NaN,
        "Net Interest Income": NaN,
        "Interest Expense": NaN,
        "Interest Income": NaN,
        "Normalized Income": NaN,
        "Net Income From Continuing And Discontinued Operation": NaN,
        "Diluted Average Shares": NaN,
        "Basic Average Shares": NaN,
        "Diluted EPS": NaN,
        "Basic EPS": NaN,
        "Diluted NI Availto Com Stockholders": NaN,
        "Net Income Common Stockholders": NaN,
        "Otherunder Preferred Stock Dividend": 20000.0,
        "Net Income": NaN,
        "Minority Interests": NaN,
        "Net Income Including Noncontrolling Interests": NaN,
        "Net Income Continuous Operations": NaN,
        "Tax Provision": NaN,
        "Pretax Income": NaN,
        "Special Income Charges": NaN,
        "Other Special Charges": NaN,
        "Gain On Sale Of Security": NaN,
        "Selling General And Administration": NaN,
        "Selling And Marketing Expense": NaN,
        "General And Administrative Expense": NaN,
        "Insurance And Claims": NaN,
        "Salaries And Wages": NaN,
        "Total Revenue": NaN,
        "Operating Revenue": NaN,
        "Occupancy And Equipment": NaN,
        "Professional Expense And Contract Services Expense": NaN,
        "Other Non Interest Expense": NaN
    },
    "2022-12-31": {
        "Tax Effect Of Unusual Items": NaN,
        "Tax Rate For Calcs": NaN,
        "Total Unusual Items": NaN,
        "Total Unusual Items Excluding Goodwill": NaN,
        "Net Income From Continuing Operation Net Minority Interest": NaN,
        "Reconciled Depreciation": NaN,
        "Net Interest Income": NaN,
        "Interest Expense": NaN,
        "Interest Income": NaN,
        "Normalized Income": NaN,
        "Net Income From Continuing And Discontinued Operation": NaN,
        "Diluted Average Shares": NaN,
        "Basic Average Shares": NaN,
        "Diluted EPS": NaN,
        "Basic EPS": NaN,
        "Diluted NI Availto Com Stockholders": NaN,
        "Net Income Common Stockholders": NaN,
        "Otherunder Preferred Stock Dividend": 49000.0,
        "Net Income": NaN,
        "Minority Interests": NaN,
        "Net Income Including Noncontrolling Interests": NaN,
        "Net Income Continuous Operations": NaN,
        "Tax Provision": NaN,
        "Pretax Income": NaN,
        "Special Income Charges": NaN,
        "Other Special Charges": NaN,
        "Gain On Sale Of Security": NaN,
        "Selling General And Administration": NaN,
        "Selling And Marketing Expense": NaN,
        "General And Administrative Expense": NaN,
        "Other Gand A": -5087000.0,
        "Insurance And Claims": NaN,
        "Salaries And Wages": NaN,
        "Total Revenue": NaN,
        "Operating Revenue": NaN,
        "Occupancy And Equipment": NaN,
        "Professional Expense And Contract Services Expense": NaN,
        "Other Non Interest Expense": NaN
    },
    "2022-09-30": {
        "Tax Effect Of Unusual Items": NaN,
        "Tax Rate For Calcs": NaN,
        "Net Income From Continuing Operation Net Minority Interest": NaN,
        "Reconciled Depreciation": NaN,
        "Net Interest Income": NaN,
        "Interest Expense": NaN,
        "Interest Income": NaN,
        "Normalized Income": NaN,
        "Net Income From Continuing And Discontinued Operation": NaN,
        "Diluted Average Shares": NaN,
        "Basic Average Shares": NaN,
        "Diluted EPS": NaN,
        "Basic EPS": NaN,
        "Diluted NI Availto Com Stockholders": NaN,
        "Net Income Common Stockholders": NaN,
        "Otherunder Preferred Stock Dividend": 35000.0,
        "Net Income": NaN,
        "Minority Interests": NaN,
        "Net Income Including Noncontrolling Interests": NaN,
        "Net Income Continuous Operations": NaN,
        "Tax Provision": NaN,
        "Pretax Income": NaN,
        "Gain On Sale Of Security": NaN,
        "Selling General And Administration": NaN,
        "Selling And Marketing Expense": NaN,
        "General And Administrative Expense": NaN,
        "Other Gand A": 2100000.0,
        "Insurance And Claims": NaN,
        "Salaries And Wages": NaN,
        "Total Revenue": NaN,
        "Operating Revenue": NaN
    },
    "2022-06-30": {
        "Tax Effect Of Unusual Items": 0.0,
        "Tax Rate For Calcs": 0.233,
        "Net Income From Continuing Operation Net Minority Interest": 2488000.0,
        "Reconciled Depreciation": 615000.0,
        "Net Interest Income": 17124000.0,
        "Interest Expense": 1718000.0,
        "Interest Income": 18842000.0,
        "Normalized Income": 2488000.0,
        "Net Income From Continuing And Discontinued Operation": 2488000.0,
        "Diluted Average Shares": 9166131.0,
        "Basic Average Shares": 9094894.0,
        "Diluted EPS": 0.27,
        "Basic EPS": 0.27,
        "Diluted NI Availto Com Stockholders": 2488000.0,
        "Net Income Common Stockholders": 2488000.0,
        "Otherunder Preferred Stock Dividend": 25000.0,
        "Net Income": 2488000.0,
        "Minority Interests": 953000.0,
        "Net Income Including Noncontrolling Interests": 1535000.0,
        "Net Income Continuous Operations": 1535000.0,
        "Tax Provision": 467000.0,
        "Pretax Income": 2002000.0,
        "Gain On Sale Of Security": -8000.0,
        "Selling General And Administration": 13594000.0,
        "Selling And Marketing Expense": 1370000.0,
        "General And Administrative Expense": 12224000.0,
        "Other Gand A": 2278000.0,
        "Insurance And Claims": 211000.0,
        "Salaries And Wages": 9735000.0,
        "Total Revenue": 19465000.0,
        "Operating Revenue": 19465000.0
    },
    "2022-03-31": {
        "Diluted EPS": 0.3,
        "Total Revenue": 19,
        "Gross Profit": 18,
        "Operating Income": 3,
        "EBIT": NaN,
        "Net Income": 3
    },
    "2021-12-31": {
        "Diluted EPS": 0.54,
        "Total Revenue": 22,
        "Gross Profit": 21,
        "Operating Income": 6,
        "EBIT": NaN,
        "Net Income": 5
    },
    "2021-09-30": {
        "Diluted EPS": 0.44,
        "Total Revenue": 21,
        "Gross Profit": 20,
        "Operating Income": 5,
        "EBIT": NaN,
        "Net Income": 4
    },
    "2021-06-30": {
        "Diluted EPS": 0.32,
        "Total Revenue": 19,
        "Gross Profit": 18,
        "Operating Income": 4,
        "EBIT": NaN,
        "Net Income": 3
    },
    "2021-03-31": {
        "Diluted EPS": 0.33,
        "Total Revenue": 17,
        "Gross Profit": 16,
        "Operating Income": 4,
        "EBIT": NaN,
        "Net Income": 3
    },
    "2020-12-31": {
        "Diluted EPS": 0.37,
        "Total Revenue": 19,
        "Gross Profit": 17,
        "Operating Income": 5,
        "EBIT": NaN,
        "Net Income": 4
    },
    "2020-09-30": {
        "Diluted EPS": 0.4,
        "Total Revenue": 18,
        "Gross Profit": 17,
        "Operating Income": 5,
        "EBIT": NaN,
        "Net Income": 4
    },
    "2020-06-30": {
        "Diluted EPS": 0.21,
        "Total Revenue": 16,
        "Gross Profit": 14,
        "Operating Income": 2,
        "EBIT": NaN,
        "Net Income": 2
    },
    "2020-03-31": {
        "Diluted EPS": 0.09,
        "Total Revenue": 14,
        "Gross Profit": 12,
        "Operating Income": 1,
        "EBIT": NaN,
        "Net Income": 1
    },
    "2019-12-31": {
        "Diluted EPS": 0.23,
        "Total Revenue": 14,
        "Gross Profit": 12,
        "Operating Income": 3,
        "EBIT": NaN,
        "Net Income": 2
    },
    "2019-09-30": {
        "Diluted EPS": 0.25,
        "Total Revenue": 14,
        "Gross Profit": 11,
        "Operating Income": 3,
        "EBIT": NaN,
        "Net Income": 3
    },
    "2019-06-30": {
        "Diluted EPS": 0.21,
        "Total Revenue": 14,
        "Gross Profit": 11,
        "Operating Income": 3,
        "EBIT": NaN,
        "Net Income": 2
    },
    "2019-03-31": {
        "Diluted EPS": 0.22,
        "Total Revenue": 14,
        "Gross Profit": 11,
        "Operating Income": 3,
        "EBIT": NaN,
        "Net Income": 2
    },
    "2018-12-31": {
        "Diluted EPS": 0.2,
        "Total Revenue": 14,
        "Gross Profit": 11,
        "Operating Income": 3,
        "EBIT": NaN,
        "Net Income": 2
    },
    "2018-09-30": {
        "Diluted EPS": 0.19,
        "Total Revenue": 13,
        "Gross Profit": 11,
        "Operating Income": 2,
        "EBIT": NaN,
        "Net Income": 2
    },
    "2018-06-30": {
        "Diluted EPS": 0.15,
        "Total Revenue": 13,
        "Gross Profit": 11,
        "Operating Income": 2,
        "EBIT": NaN,
        "Net Income": 2
    },
    "2018-03-31": {
        "Diluted EPS": 0.14,
        "Total Revenue": 12,
        "Gross Profit": 10,
        "Operating Income": 2,
        "EBIT": NaN,
        "Net Income": 2
    },
    "2017-12-31": {
        "Diluted EPS": 0.0,
        "Total Revenue": NaN,
        "Gross Profit": NaN,
        "Operating Income": NaN,
        "EBIT": NaN,
        "Net Income": NaN
    },
    "2017-09-30": {
        "Diluted EPS": 0.17,
        "Total Revenue": 12,
        "Gross Profit": 10,
        "Operating Income": 2,
        "EBIT": NaN,
        "Net Income": 2
    },
    "2017-06-30": {
        "Diluted EPS": 0.1,
        "Total Revenue": 11,
        "Gross Profit": 10,
        "Operating Income": 1,
        "EBIT": NaN,
        "Net Income": 1
    },
    "2017-03-31": {
        "Diluted EPS": 0.2,
        "Total Revenue": 12,
        "Gross Profit": 10,
        "Operating Income": 3,
        "EBIT": NaN,
        "Net Income": 2
    },
    "2016-12-31": {
        "Diluted EPS": 0.11,
        "Total Revenue": NaN,
        "Gross Profit": -1,
        "Operating Income": -5,
        "EBIT": NaN,
        "Net Income": 1
    },
    "2016-09-30": {
        "Diluted EPS": 0.06,
        "Total Revenue": 10,
        "Gross Profit": 9,
        "Operating Income": 1,
        "EBIT": NaN,
        "Net Income": 1
    },
    "2016-06-30": {
        "Diluted EPS": 0.0,
        "Total Revenue": NaN,
        "Gross Profit": NaN,
        "Operating Income": NaN,
        "EBIT": NaN,
        "Net Income": NaN
    },
    "2016-03-31": {
        "Diluted EPS": 0.07,
        "Total Revenue": 9,
        "Gross Profit": 8,
        "Operating Income": 1,
        "EBIT": NaN,
        "Net Income": 1
    },
    "2015-12-31": {
        "Diluted EPS": 0.06,
        "Total Revenue": 10,
        "Gross Profit": 9,
        "Operating Income": 1,
        "EBIT": NaN,
        "Net Income": 1
    },
    "2015-09-30": {
        "Diluted EPS": 0.1,
        "Total Revenue": 9,
        "Gross Profit": 8,
        "Operating Income": 2,
        "EBIT": NaN,
        "Net Income": 1
    },
    "2015-06-30": {
        "Diluted EPS": 0.0,
        "Total Revenue": 9,
        "Gross Profit": 9,
        "Operating Income": 2,
        "EBIT": NaN,
        "Net Income": 1
    },
    "2015-03-31": {
        "Diluted EPS": -0.62,
        "Total Revenue": 8,
        "Gross Profit": 7,
        "Operating Income": -9,
        "EBIT": NaN,
        "Net Income": -8
    },
    "2014-12-31": {
        "Diluted EPS": 0.0,
        "Total Revenue": NaN,
        "Gross Profit": -1,
        "Operating Income": -3,
        "EBIT": NaN,
        "Net Income": 1
    },
    "2014-09-30": {
        "Diluted EPS": 0.0,
        "Total Revenue": 8,
        "Gross Profit": 7,
        "Operating Income": 1,
        "EBIT": NaN,
        "Net Income": 1
    },
    "2014-06-30": {
        "Diluted EPS": 0.0,
        "Total Revenue": NaN,
        "Gross Profit": NaN,
        "Operating Income": NaN,
        "EBIT": NaN,
        "Net Income": NaN
    },
    "2013-06-30": {
        "Diluted EPS": 0.0,
        "Total Revenue": NaN,
        "Gross Profit": NaN,
        "Operating Income": NaN,
        "EBIT": NaN,
        "Net Income": NaN
    },
    "2023-09-30": {
        "Tax Effect Of Unusual Items": NaN,
        "Tax Rate For Calcs": NaN,
        "Total Unusual Items": 0.0,
        "Total Unusual Items Excluding Goodwill": 0.0,
        "Net Income From Continuing Operation Net Minority Interest": NaN,
        "Reconciled Depreciation": NaN,
        "Net Interest Income": NaN,
        "Interest Expense": NaN,
        "Interest Income": NaN,
        "Normalized Income": NaN,
        "Net Income From Continuing And Discontinued Operation": NaN,
        "Diluted Average Shares": 8934882.0,
        "Basic Average Shares": 8906526.0,
        "Diluted EPS": 0.28,
        "Basic EPS": 0.28,
        "Diluted NI Availto Com Stockholders": NaN,
        "Net Income Common Stockholders": NaN,
        "Otherunder Preferred Stock Dividend": NaN,
        "Net Income": NaN,
        "Minority Interests": NaN,
        "Net Income Including Noncontrolling Interests": NaN,
        "Net Income Continuous Operations": NaN,
        "Tax Provision": NaN,
        "Pretax Income": NaN,
        "Special Income Charges": 0.0,
        "Other Special Charges": NaN,
        "Gain On Sale Of Security": NaN,
        "Selling General And Administration": NaN,
        "Selling And Marketing Expense": NaN,
        "General And Administrative Expense": NaN,
        "Insurance And Claims": NaN,
        "Salaries And Wages": NaN,
        "Total Revenue": NaN,
        "Operating Revenue": NaN,
        "Occupancy And Equipment": NaN,
        "Professional Expense And Contract Services Expense": NaN,
        "Other Non Interest Expense": NaN
    },
    "2023-12-31": {
        "Tax Effect Of Unusual Items": 0.0,
        "Tax Rate For Calcs": 0.196917,
        "Total Unusual Items": NaN,
        "Total Unusual Items Excluding Goodwill": NaN,
        "Net Income From Continuing Operation Net Minority Interest": -5522000.0,
        "Reconciled Depreciation": 412000.0,
        "Net Interest Income": 13943000.0,
        "Interest Expense": 12114000.0,
        "Interest Income": 26057000.0,
        "Normalized Income": -5522000.0,
        "Net Income From Continuing And Discontinued Operation": -5522000.0,
        "Diluted Average Shares": 8968828.0,
        "Basic Average Shares": 8928620.0,
        "Diluted EPS": -0.62,
        "Basic EPS": -0.62,
        "Diluted NI Availto Com Stockholders": -5533000.0,
        "Net Income Common Stockholders": -5533000.0,
        "Otherunder Preferred Stock Dividend": NaN,
        "Net Income": -5522000.0,
        "Minority Interests": 0.0,
        "Net Income Including Noncontrolling Interests": -5522000.0,
        "Net Income Continuous Operations": -5522000.0,
        "Tax Provision": -1354000.0,
        "Pretax Income": -6876000.0,
        "Special Income Charges": NaN,
        "Other Special Charges": NaN,
        "Gain On Sale Of Security": -5397000.0,
        "Selling General And Administration": 9483000.0,
        "Selling And Marketing Expense": 235000.0,
        "General And Administrative Expense": 9248000.0,
        "Insurance And Claims": 418000.0,
        "Salaries And Wages": 7397000.0,
        "Total Revenue": 11266000.0,
        "Operating Revenue": 11266000.0,
        "Occupancy And Equipment": 1262000.0,
        "Professional Expense And Contract Services Expense": 1119000.0,
        "Other Non Interest Expense": 5126000.0
    },
    "2024-03-31": {
        "Tax Effect Of Unusual Items": 0.0,
        "Tax Rate For Calcs": 0.21,
        "Total Unusual Items": NaN,
        "Total Unusual Items Excluding Goodwill": NaN,
        "Net Income From Continuing Operation Net Minority Interest": 396000.0,
        "Reconciled Depreciation": 383000.0,
        "Net Interest Income": 13646000.0,
        "Interest Expense": 13398000.0,
        "Interest Income": 27044000.0,
        "Normalized Income": 396000.0,
        "Net Income From Continuing And Discontinued Operation": 396000.0,
        "Diluted Average Shares": 8907184.0,
        "Basic Average Shares": 8876236.0,
        "Diluted EPS": 0.04,
        "Basic EPS": 0.04,
        "Diluted NI Availto Com Stockholders": 395000.0,
        "Net Income Common Stockholders": 395000.0,
        "Otherunder Preferred Stock Dividend": 1000.0,
        "Net Income": 396000.0,
        "Minority Interests": 0.0,
        "Net Income Including Noncontrolling Interests": 396000.0,
        "Net Income Continuous Operations": 396000.0,
        "Tax Provision": 447000.0,
        "Pretax Income": 843000.0,
        "Special Income Charges": NaN,
        "Other Special Charges": NaN,
        "Gain On Sale Of Security": 0.0,
        "Selling General And Administration": 8823000.0,
        "Selling And Marketing Expense": 309000.0,
        "General And Administrative Expense": 8514000.0,
        "Insurance And Claims": 386000.0,
        "Salaries And Wages": 8128000.0,
        "Total Revenue": 16116000.0,
        "Operating Revenue": 16116000.0,
        "Occupancy And Equipment": 1240000.0,
        "Professional Expense And Contract Services Expense": 910000.0,
        "Other Non Interest Expense": 3330000.0
    },
    "2024-06-30": {
        "Tax Effect Of Unusual Items": 1566049.530007,
        "Tax Rate For Calcs": 0.197758,
        "Total Unusual Items": 7919000.0,
        "Total Unusual Items Excluding Goodwill": 7919000.0,
        "Net Income From Continuing Operation Net Minority Interest": -2219000.0,
        "Reconciled Depreciation": 364000.0,
        "Net Interest Income": 13877000.0,
        "Interest Expense": 14376000.0,
        "Interest Income": 28253000.0,
        "Normalized Income": -8571950.469993,
        "Net Income From Continuing And Discontinued Operation": -2219000.0,
        "Diluted Average Shares": 8783086.0,
        "Basic Average Shares": 8783086.0,
        "Diluted EPS": -0.25,
        "Basic EPS": -0.25,
        "Diluted NI Availto Com Stockholders": -2219000.0,
        "Net Income Common Stockholders": -2219000.0,
        "Otherunder Preferred Stock Dividend": NaN,
        "Net Income": -2219000.0,
        "Minority Interests": 0.0,
        "Net Income Including Noncontrolling Interests": -2219000.0,
        "Net Income Continuous Operations": -2219000.0,
        "Tax Provision": -547000.0,
        "Pretax Income": -2766000.0,
        "Special Income Charges": 7919000.0,
        "Other Special Charges": -7919000.0,
        "Gain On Sale Of Security": -2117000.0,
        "Selling General And Administration": 9438000.0,
        "Selling And Marketing Expense": 377000.0,
        "General And Administrative Expense": 9061000.0,
        "Insurance And Claims": 473000.0,
        "Salaries And Wages": 8588000.0,
        "Total Revenue": 13663000.0,
        "Operating Revenue": 13663000.0,
        "Occupancy And Equipment": 1799000.0,
        "Professional Expense And Contract Services Expense": 684000.0,
        "Other Non Interest Expense": 3688000.0
    },
    "2024-09-30": {
        "Tax Effect Of Unusual Items": 0.0,
        "Tax Rate For Calcs": 0.377945,
        "Total Unusual Items": 0.0,
        "Total Unusual Items Excluding Goodwill": 0.0,
        "Net Income From Continuing Operation Net Minority Interest": -1980000.0,
        "Reconciled Depreciation": 347000.0,
        "Net Interest Income": 13718000.0,
        "Interest Expense": 14186000.0,
        "Interest Income": 27904000.0,
        "Normalized Income": -1980000.0,
        "Net Income From Continuing And Discontinued Operation": -1980000.0,
        "Diluted Average Shares": 8756765.0,
        "Basic Average Shares": 8756765.0,
        "Diluted EPS": -0.23,
        "Basic EPS": -0.23,
        "Diluted NI Availto Com Stockholders": -1980000.0,
        "Net Income Common Stockholders": -1980000.0,
        "Otherunder Preferred Stock Dividend": NaN,
        "Net Income": -1980000.0,
        "Minority Interests": 0.0,
        "Net Income Including Noncontrolling Interests": -1980000.0,
        "Net Income Continuous Operations": -1980000.0,
        "Tax Provision": -1203000.0,
        "Pretax Income": -3183000.0,
        "Special Income Charges": 0.0,
        "Other Special Charges": NaN,
        "Gain On Sale Of Security": 0.0,
        "Selling General And Administration": 9524000.0,
        "Selling And Marketing Expense": 409000.0,
        "General And Administrative Expense": 9115000.0,
        "Insurance And Claims": 533000.0,
        "Salaries And Wages": 8582000.0,
        "Total Revenue": 15799000.0,
        "Operating Revenue": 15799000.0,
        "Occupancy And Equipment": 1553000.0,
        "Professional Expense And Contract Services Expense": 698000.0,
        "Other Non Interest Expense": 4073000.0
    },
    "2024-12-31": {
        "Tax Effect Of Unusual Items": 0.0,
        "Tax Rate For Calcs": 0.21,
        "Total Unusual Items": 0.0,
        "Total Unusual Items Excluding Goodwill": 0.0,
        "Net Income From Continuing Operation Net Minority Interest": -2810000.0,
        "Reconciled Depreciation": 321000.0,
        "Net Interest Income": 13864000.0,
        "Interest Expense": 14060000.0,
        "Interest Income": 27924000.0,
        "Normalized Income": -2810000.0,
        "Net Income From Continuing And Discontinued Operation": -2810000.0,
        "Diluted Average Shares": NaN,
        "Basic Average Shares": NaN,
        "Diluted EPS": NaN,
        "Basic EPS": NaN,
        "Diluted NI Availto Com Stockholders": -2814000.0,
        "Net Income Common Stockholders": -2814000.0,
        "Otherunder Preferred Stock Dividend": NaN,
        "Net Income": -2810000.0,
        "Minority Interests": 0.0,
        "Net Income Including Noncontrolling Interests": -2810000.0,
        "Net Income Continuous Operations": -2810000.0,
        "Tax Provision": 359000.0,
        "Pretax Income": -2451000.0,
        "Special Income Charges": 0.0,
        "Other Special Charges": 0.0,
        "Gain On Sale Of Security": 0.0,
        "Selling General And Administration": 9486000.0,
        "Selling And Marketing Expense": 362000.0,
        "General And Administrative Expense": 9124000.0,
        "Insurance And Claims": 491000.0,
        "Salaries And Wages": 7367000.0,
        "Total Revenue": 15437000.0,
        "Operating Revenue": 15437000.0,
        "Occupancy And Equipment": 1559000.0,
        "Professional Expense And Contract Services Expense": 813000.0,
        "Other Non Interest Expense": 2375000.0
    }
}