{
    "2023-06-30": {
        "Tax Effect Of Unusual Items": -585.0,
        "Tax Rate For Calcs": 0.039,
        "Total Unusual Items": -15000.0,
        "Total Unusual Items Excluding Goodwill": -15000.0,
        "Net Income From Continuing Operation Net Minority Interest": 2438000.0,
        "Reconciled Depreciation": 2238000.0,
        "Net Interest Income": 14039000.0,
        "Interest Expense": 7574000.0,
        "Interest Income": 21613000.0,
        "Normalized Income": 2452415.0,
        "Net Income From Continuing And Discontinued Operation": 2438000.0,
        "Diluted Average Shares": 4258611.0,
        "Basic Average Shares": 4250304.0,
        "Diluted EPS": 0.57,
        "Basic EPS": 0.57,
        "Diluted NI Availto Com Stockholders": 2438000.0,
        "Net Income Common Stockholders": 2438000.0,
        "Net Income": 2438000.0,
        "Net Income Including Noncontrolling Interests": 2438000.0,
        "Net Income Continuous Operations": 2438000.0,
        "Tax Provision": 98000.0,
        "Pretax Income": 2536000.0,
        "Special Income Charges": NaN,
        "Write Off": NaN,
        "Gain On Sale Of Security": -48000.0,
        "Selling General And Administration": 7829000.0,
        "Selling And Marketing Expense": 159000.0,
        "General And Administrative Expense": 7670000.0,
        "Insurance And Claims": 572000.0,
        "Salaries And Wages": 7098000.0,
        "Total Revenue": 17045000.0,
        "Operating Revenue": 17045000.0,
        "Occupancy And Equipment": 1636000.0,
        "Other Non Interest Expense": 4530000.0
    },
    "2023-03-31": {
        "Tax Effect Of Unusual Items": 0.0,
        "Tax Rate For Calcs": 0.125,
        "Total Unusual Items": 0.0,
        "Total Unusual Items Excluding Goodwill": 0.0,
        "Net Income From Continuing Operation Net Minority Interest": 2240000.0,
        "Reconciled Depreciation": 1078000.0,
        "Net Interest Income": 14668000.0,
        "Interest Expense": 5468000.0,
        "Interest Income": 20136000.0,
        "Normalized Income": 2240000.0,
        "Net Income From Continuing And Discontinued Operation": 2240000.0,
        "Diluted Average Shares": 4353873.0,
        "Basic Average Shares": 4342386.0,
        "Diluted EPS": 0.51,
        "Basic EPS": 0.52,
        "Diluted NI Availto Com Stockholders": 2240000.0,
        "Net Income Common Stockholders": 2240000.0,
        "Net Income": 2240000.0,
        "Net Income Including Noncontrolling Interests": 2240000.0,
        "Net Income Continuous Operations": 2240000.0,
        "Tax Provision": 321000.0,
        "Pretax Income": 2561000.0,
        "Special Income Charges": NaN,
        "Other Special Charges": NaN,
        "Write Off": NaN,
        "Gain On Sale Of Security": 0.0,
        "Selling General And Administration": 8258000.0,
        "Selling And Marketing Expense": 255000.0,
        "General And Administrative Expense": 8003000.0,
        "Insurance And Claims": 465000.0,
        "Salaries And Wages": 7538000.0,
        "Total Revenue": 17276000.0,
        "Operating Revenue": 17276000.0,
        "Occupancy And Equipment": 1690000.0,
        "Other Non Interest Expense": 4279000.0
    },
    "2022-12-31": {
        "Tax Effect Of Unusual Items": NaN,
        "Tax Rate For Calcs": NaN,
        "Total Unusual Items": NaN,
        "Total Unusual Items Excluding Goodwill": NaN,
        "Net Income From Continuing Operation Net Minority Interest": NaN,
        "Reconciled Depreciation": NaN,
        "Net Interest Income": NaN,
        "Interest Expense": NaN,
        "Interest Income": NaN,
        "Normalized Income": NaN,
        "Net Income From Continuing And Discontinued Operation": NaN,
        "Diluted Average Shares": NaN,
        "Basic Average Shares": NaN,
        "Diluted EPS": NaN,
        "Basic EPS": NaN,
        "Diluted NI Availto Com Stockholders": NaN,
        "Net Income Common Stockholders": NaN,
        "Net Income": NaN,
        "Net Income Including Noncontrolling Interests": NaN,
        "Net Income Continuous Operations": NaN,
        "Tax Provision": NaN,
        "Pretax Income": NaN,
        "Special Income Charges": -1281000.0,
        "Other Special Charges": 49000.0,
        "Write Off": NaN,
        "Gain On Sale Of Security": NaN,
        "Selling General And Administration": NaN,
        "Selling And Marketing Expense": NaN,
        "General And Administrative Expense": NaN,
        "Insurance And Claims": NaN,
        "Salaries And Wages": NaN,
        "Total Revenue": NaN,
        "Operating Revenue": NaN,
        "Occupancy And Equipment": NaN,
        "Other Non Interest Expense": NaN
    },
    "2022-09-30": {
        "Tax Effect Of Unusual Items": NaN,
        "Tax Rate For Calcs": NaN,
        "Total Unusual Items": NaN,
        "Total Unusual Items Excluding Goodwill": NaN,
        "Net Income From Continuing Operation Net Minority Interest": NaN,
        "Reconciled Depreciation": NaN,
        "Net Interest Income": NaN,
        "Interest Expense": NaN,
        "Interest Income": NaN,
        "Normalized Income": NaN,
        "Net Income From Continuing And Discontinued Operation": NaN,
        "Diluted Average Shares": NaN,
        "Basic Average Shares": NaN,
        "Diluted EPS": NaN,
        "Basic EPS": NaN,
        "Diluted NI Availto Com Stockholders": NaN,
        "Net Income Common Stockholders": NaN,
        "Net Income": NaN,
        "Net Income Including Noncontrolling Interests": NaN,
        "Net Income Continuous Operations": NaN,
        "Tax Provision": NaN,
        "Pretax Income": NaN,
        "Special Income Charges": -254000.0,
        "Other Special Charges": 254000.0,
        "Write Off": 254000.0,
        "Gain On Sale Of Security": NaN,
        "Selling General And Administration": NaN,
        "Selling And Marketing Expense": NaN,
        "General And Administrative Expense": NaN,
        "Insurance And Claims": NaN,
        "Salaries And Wages": NaN,
        "Total Revenue": NaN,
        "Operating Revenue": NaN
    },
    "2022-06-30": {
        "Tax Effect Of Unusual Items": 0.0,
        "Tax Rate For Calcs": 0.117,
        "Total Unusual Items": 0.0,
        "Total Unusual Items Excluding Goodwill": 0.0,
        "Net Income From Continuing Operation Net Minority Interest": 4431000.0,
        "Reconciled Depreciation": 1930000.0,
        "Net Interest Income": 17298000.0,
        "Interest Expense": 442000.0,
        "Interest Income": 17740000.0,
        "Normalized Income": 4431000.0,
        "Net Income From Continuing And Discontinued Operation": 4431000.0,
        "Diluted Average Shares": 4258503.0,
        "Basic Average Shares": 4242559.0,
        "Diluted EPS": 1.04,
        "Basic EPS": 1.04,
        "Diluted NI Availto Com Stockholders": 4431000.0,
        "Net Income Common Stockholders": 4431000.0,
        "Net Income": 4431000.0,
        "Net Income Including Noncontrolling Interests": 4431000.0,
        "Net Income Continuous Operations": 4431000.0,
        "Tax Provision": 587000.0,
        "Pretax Income": 5018000.0,
        "Special Income Charges": NaN,
        "Other Special Charges": NaN,
        "Write Off": NaN,
        "Gain On Sale Of Security": 258000.0,
        "Selling General And Administration": 8303000.0,
        "Selling And Marketing Expense": 380000.0,
        "General And Administrative Expense": 7923000.0,
        "Other Gand A": 1729000.0,
        "Insurance And Claims": 385000.0,
        "Salaries And Wages": 7538000.0,
        "Total Revenue": 20194000.0,
        "Operating Revenue": 20194000.0
    },
    "2022-03-31": {
        "Diluted EPS": 0.53,
        "Total Revenue": 19,
        "Gross Profit": 19,
        "Operating Income": 2,
        "EBIT": NaN,
        "Net Income": 2
    },
    "2021-12-31": {
        "Diluted EPS": 0.94,
        "Total Revenue": 17,
        "Gross Profit": 16,
        "Operating Income": 3,
        "EBIT": NaN,
        "Net Income": 3
    },
    "2021-09-30": {
        "Diluted EPS": 1.02,
        "Total Revenue": 17,
        "Gross Profit": 16,
        "Operating Income": 4,
        "EBIT": NaN,
        "Net Income": 4
    },
    "2021-06-30": {
        "Diluted EPS": 1.03,
        "Total Revenue": 16,
        "Gross Profit": 16,
        "Operating Income": 4,
        "EBIT": NaN,
        "Net Income": 4
    },
    "2021-03-31": {
        "Diluted EPS": 1.31,
        "Total Revenue": 17,
        "Gross Profit": 16,
        "Operating Income": 5,
        "EBIT": NaN,
        "Net Income": 5
    },
    "2020-12-31": {
        "Diluted EPS": 0.93,
        "Total Revenue": 18,
        "Gross Profit": 17,
        "Operating Income": 3,
        "EBIT": NaN,
        "Net Income": 3
    },
    "2020-09-30": {
        "Diluted EPS": 1.35,
        "Total Revenue": 18,
        "Gross Profit": 17,
        "Operating Income": 6,
        "EBIT": NaN,
        "Net Income": 5
    },
    "2020-06-30": {
        "Diluted EPS": 1.4,
        "Total Revenue": 18,
        "Gross Profit": 16,
        "Operating Income": 6,
        "EBIT": NaN,
        "Net Income": 5
    },
    "2020-03-31": {
        "Diluted EPS": 0.92,
        "Total Revenue": 16,
        "Gross Profit": 14,
        "Operating Income": 4,
        "EBIT": NaN,
        "Net Income": 3
    },
    "2019-12-31": {
        "Diluted EPS": 0.66,
        "Total Revenue": 16,
        "Gross Profit": 13,
        "Operating Income": 2,
        "EBIT": NaN,
        "Net Income": 2
    },
    "2019-09-30": {
        "Diluted EPS": 1.04,
        "Total Revenue": 16,
        "Gross Profit": 14,
        "Operating Income": 4,
        "EBIT": NaN,
        "Net Income": 4
    },
    "2019-06-30": {
        "Diluted EPS": 1.17,
        "Total Revenue": 16,
        "Gross Profit": 14,
        "Operating Income": 5,
        "EBIT": NaN,
        "Net Income": 4
    },
    "2019-03-31": {
        "Diluted EPS": 0.66,
        "Total Revenue": 15,
        "Gross Profit": 13,
        "Operating Income": 3,
        "EBIT": NaN,
        "Net Income": 2
    },
    "2018-12-31": {
        "Diluted EPS": 0.86,
        "Total Revenue": 14,
        "Gross Profit": 12,
        "Operating Income": 3,
        "EBIT": NaN,
        "Net Income": 3
    },
    "2018-09-30": {
        "Diluted EPS": 0.54,
        "Total Revenue": 13,
        "Gross Profit": 11,
        "Operating Income": 2,
        "EBIT": NaN,
        "Net Income": 2
    },
    "2018-06-30": {
        "Diluted EPS": 0.88,
        "Total Revenue": 11,
        "Gross Profit": 10,
        "Operating Income": 3,
        "EBIT": NaN,
        "Net Income": 3
    },
    "2018-03-31": {
        "Diluted EPS": 0.89,
        "Total Revenue": 11,
        "Gross Profit": 10,
        "Operating Income": 3,
        "EBIT": NaN,
        "Net Income": 3
    },
    "2017-12-31": {
        "Diluted EPS": 0.66,
        "Total Revenue": 11,
        "Gross Profit": 10,
        "Operating Income": 2,
        "EBIT": NaN,
        "Net Income": 2
    },
    "2017-09-30": {
        "Diluted EPS": 0.78,
        "Total Revenue": 11,
        "Gross Profit": 10,
        "Operating Income": 3,
        "EBIT": NaN,
        "Net Income": 2
    },
    "2017-06-30": {
        "Diluted EPS": 0.89,
        "Total Revenue": 10,
        "Gross Profit": 10,
        "Operating Income": 3,
        "EBIT": NaN,
        "Net Income": 3
    },
    "2017-03-31": {
        "Diluted EPS": 0.8,
        "Total Revenue": 10,
        "Gross Profit": 9,
        "Operating Income": 3,
        "EBIT": NaN,
        "Net Income": 2
    },
    "2016-12-31": {
        "Diluted EPS": 0.0,
        "Total Revenue": NaN,
        "Gross Profit": NaN,
        "Operating Income": NaN,
        "EBIT": NaN,
        "Net Income": NaN
    },
    "2015-12-31": {
        "Diluted EPS": 0.0,
        "Total Revenue": NaN,
        "Gross Profit": NaN,
        "Operating Income": NaN,
        "EBIT": NaN,
        "Net Income": NaN
    },
    "2014-12-31": {
        "Diluted EPS": 0.0,
        "Total Revenue": NaN,
        "Gross Profit": NaN,
        "Operating Income": NaN,
        "EBIT": NaN,
        "Net Income": NaN
    },
    "2013-12-31": {
        "Diluted EPS": 0.0,
        "Total Revenue": NaN,
        "Gross Profit": NaN,
        "Operating Income": NaN,
        "EBIT": NaN,
        "Net Income": NaN
    },
    "2012-12-31": {
        "Diluted EPS": 0.0,
        "Total Revenue": NaN,
        "Gross Profit": NaN,
        "Operating Income": NaN,
        "EBIT": NaN,
        "Net Income": NaN
    },
    "2011-12-31": {
        "Diluted EPS": 0.0,
        "Total Revenue": NaN,
        "Gross Profit": NaN,
        "Operating Income": NaN,
        "EBIT": NaN,
        "Net Income": NaN
    },
    "2010-12-31": {
        "Diluted EPS": 0.0,
        "Total Revenue": NaN,
        "Gross Profit": NaN,
        "Operating Income": NaN,
        "EBIT": NaN,
        "Net Income": NaN
    },
    "2009-12-31": {
        "Diluted EPS": 0.0,
        "Total Revenue": NaN,
        "Gross Profit": NaN,
        "Operating Income": NaN,
        "EBIT": NaN,
        "Net Income": NaN
    },
    "2023-09-30": {
        "Tax Effect Of Unusual Items": NaN,
        "Tax Rate For Calcs": NaN,
        "Total Unusual Items": NaN,
        "Total Unusual Items Excluding Goodwill": NaN,
        "Net Income From Continuing Operation Net Minority Interest": NaN,
        "Reconciled Depreciation": NaN,
        "Net Interest Income": NaN,
        "Interest Expense": NaN,
        "Interest Income": NaN,
        "Normalized Income": NaN,
        "Net Income From Continuing And Discontinued Operation": NaN,
        "Diluted Average Shares": NaN,
        "Basic Average Shares": NaN,
        "Diluted EPS": NaN,
        "Basic EPS": NaN,
        "Diluted NI Availto Com Stockholders": NaN,
        "Net Income Common Stockholders": NaN,
        "Net Income": NaN,
        "Net Income Including Noncontrolling Interests": NaN,
        "Net Income Continuous Operations": NaN,
        "Tax Provision": NaN,
        "Pretax Income": NaN,
        "Special Income Charges": 0.0,
        "Write Off": 0.0,
        "Gain On Sale Of Security": NaN,
        "Selling General And Administration": NaN,
        "Selling And Marketing Expense": NaN,
        "General And Administrative Expense": NaN,
        "Insurance And Claims": NaN,
        "Salaries And Wages": NaN,
        "Total Revenue": NaN,
        "Operating Revenue": NaN,
        "Occupancy And Equipment": NaN,
        "Professional Expense And Contract Services Expense": 1077000.0,
        "Other Non Interest Expense": NaN
    },
    "2023-12-31": {
        "Tax Effect Of Unusual Items": NaN,
        "Tax Rate For Calcs": NaN,
        "Total Unusual Items": NaN,
        "Total Unusual Items Excluding Goodwill": NaN,
        "Net Income From Continuing Operation Net Minority Interest": NaN,
        "Reconciled Depreciation": NaN,
        "Net Interest Income": NaN,
        "Interest Expense": NaN,
        "Interest Income": NaN,
        "Normalized Income": NaN,
        "Net Income From Continuing And Discontinued Operation": NaN,
        "Diluted Average Shares": NaN,
        "Basic Average Shares": NaN,
        "Diluted EPS": NaN,
        "Basic EPS": NaN,
        "Diluted NI Availto Com Stockholders": NaN,
        "Net Income Common Stockholders": NaN,
        "Net Income": NaN,
        "Net Income Including Noncontrolling Interests": NaN,
        "Net Income Continuous Operations": NaN,
        "Tax Provision": NaN,
        "Pretax Income": NaN,
        "Special Income Charges": 276000.0,
        "Write Off": 0.0,
        "Gain On Sale Of Security": NaN,
        "Selling General And Administration": NaN,
        "Selling And Marketing Expense": NaN,
        "General And Administrative Expense": NaN,
        "Insurance And Claims": NaN,
        "Salaries And Wages": NaN,
        "Total Revenue": NaN,
        "Operating Revenue": NaN,
        "Occupancy And Equipment": NaN,
        "Professional Expense And Contract Services Expense": NaN,
        "Other Non Interest Expense": NaN
    },
    "2024-03-31": {
        "Tax Effect Of Unusual Items": NaN,
        "Tax Rate For Calcs": NaN,
        "Total Unusual Items": NaN,
        "Total Unusual Items Excluding Goodwill": NaN,
        "Net Income From Continuing Operation Net Minority Interest": NaN,
        "Reconciled Depreciation": NaN,
        "Net Interest Income": NaN,
        "Interest Expense": NaN,
        "Interest Income": NaN,
        "Normalized Income": NaN,
        "Net Income From Continuing And Discontinued Operation": NaN,
        "Diluted Average Shares": 4276037.0,
        "Basic Average Shares": 4256422.0,
        "Diluted EPS": 2.17,
        "Basic EPS": 2.18,
        "Diluted NI Availto Com Stockholders": NaN,
        "Net Income Common Stockholders": NaN,
        "Net Income": NaN,
        "Net Income Including Noncontrolling Interests": NaN,
        "Net Income Continuous Operations": NaN,
        "Tax Provision": NaN,
        "Pretax Income": NaN,
        "Gain On Sale Of Security": NaN,
        "Selling General And Administration": NaN,
        "Selling And Marketing Expense": NaN,
        "General And Administrative Expense": NaN,
        "Insurance And Claims": NaN,
        "Salaries And Wages": NaN,
        "Total Revenue": NaN,
        "Operating Revenue": NaN,
        "Occupancy And Equipment": NaN,
        "Professional Expense And Contract Services Expense": NaN,
        "Other Non Interest Expense": NaN
    },
    "2024-06-30": {
        "Tax Effect Of Unusual Items": NaN,
        "Tax Rate For Calcs": NaN,
        "Total Unusual Items": NaN,
        "Total Unusual Items Excluding Goodwill": NaN,
        "Net Income From Continuing Operation Net Minority Interest": NaN,
        "Reconciled Depreciation": NaN,
        "Net Interest Income": NaN,
        "Interest Expense": NaN,
        "Interest Income": NaN,
        "Normalized Income": NaN,
        "Net Income From Continuing And Discontinued Operation": NaN,
        "Diluted Average Shares": 4766667.0,
        "Basic Average Shares": 4766667.0,
        "Diluted EPS": 0.03,
        "Basic EPS": 0.03,
        "Diluted NI Availto Com Stockholders": NaN,
        "Net Income Common Stockholders": NaN,
        "Net Income": NaN,
        "Net Income Including Noncontrolling Interests": NaN,
        "Net Income Continuous Operations": NaN,
        "Tax Provision": NaN,
        "Pretax Income": NaN,
        "Gain On Sale Of Security": NaN,
        "Selling General And Administration": NaN,
        "Selling And Marketing Expense": NaN,
        "General And Administrative Expense": NaN,
        "Insurance And Claims": NaN,
        "Salaries And Wages": NaN,
        "Total Revenue": NaN,
        "Operating Revenue": NaN,
        "Occupancy And Equipment": NaN,
        "Professional Expense And Contract Services Expense": NaN,
        "Other Non Interest Expense": NaN
    },
    "2024-09-30": {
        "Tax Effect Of Unusual Items": 0.0,
        "Tax Rate For Calcs": 0.21,
        "Total Unusual Items": 0.0,
        "Total Unusual Items Excluding Goodwill": 0.0,
        "Net Income From Continuing Operation Net Minority Interest": 606000.0,
        "Reconciled Depreciation": 2096000.0,
        "Net Interest Income": 12006000.0,
        "Interest Expense": 10466000.0,
        "Interest Income": 22472000.0,
        "Normalized Income": 606000.0,
        "Net Income From Continuing And Discontinued Operation": 606000.0,
        "Diluted Average Shares": 4328571.0,
        "Basic Average Shares": 4328571.0,
        "Diluted EPS": 0.14,
        "Basic EPS": 0.14,
        "Diluted NI Availto Com Stockholders": 606000.0,
        "Net Income Common Stockholders": 606000.0,
        "Net Income": 606000.0,
        "Net Income Including Noncontrolling Interests": 606000.0,
        "Net Income Continuous Operations": 606000.0,
        "Tax Provision": -207000.0,
        "Pretax Income": 399000.0,
        "Gain On Sale Of Security": 0.0,
        "Selling General And Administration": 7607000.0,
        "Selling And Marketing Expense": 209000.0,
        "General And Administrative Expense": 7398000.0,
        "Insurance And Claims": 435000.0,
        "Salaries And Wages": 6963000.0,
        "Total Revenue": 14873000.0,
        "Operating Revenue": 14873000.0,
        "Occupancy And Equipment": 2181000.0,
        "Professional Expense And Contract Services Expense": 1251000.0,
        "Other Non Interest Expense": 3435000.0
    },
    "2024-12-31": {
        "Tax Effect Of Unusual Items": -44965.917603,
        "Tax Rate For Calcs": 0.213109,
        "Total Unusual Items": -211000.0,
        "Total Unusual Items Excluding Goodwill": -211000.0,
        "Net Income From Continuing Operation Net Minority Interest": 2101000.0,
        "Reconciled Depreciation": 1759000.0,
        "Net Interest Income": 12607000.0,
        "Interest Expense": 9988000.0,
        "Interest Income": 22595000.0,
        "Normalized Income": 2267034.082397,
        "Net Income From Continuing And Discontinued Operation": 2101000.0,
        "Diluted Average Shares": NaN,
        "Basic Average Shares": NaN,
        "Diluted EPS": NaN,
        "Basic EPS": NaN,
        "Diluted NI Availto Com Stockholders": 2101000.0,
        "Net Income Common Stockholders": 2101000.0,
        "Net Income": 2101000.0,
        "Net Income Including Noncontrolling Interests": 2101000.0,
        "Net Income Continuous Operations": 2101000.0,
        "Tax Provision": 569000.0,
        "Pretax Income": 2670000.0,
        "Gain On Sale Of Security": 1236000.0,
        "Selling General And Administration": 7305000.0,
        "Selling And Marketing Expense": 220000.0,
        "General And Administrative Expense": 7085000.0,
        "Insurance And Claims": 457000.0,
        "Salaries And Wages": 6628000.0,
        "Total Revenue": 16338000.0,
        "Operating Revenue": 16338000.0,
        "Occupancy And Equipment": 2045000.0,
        "Professional Expense And Contract Services Expense": 1341000.0,
        "Other Non Interest Expense": 3556000.0
    },
    "2025-03-31": {
        "Tax Effect Of Unusual Items": 0.0,
        "Tax Rate For Calcs": 0.261,
        "Total Unusual Items": 0.0,
        "Total Unusual Items Excluding Goodwill": 0.0,
        "Net Income From Continuing Operation Net Minority Interest": 455000.0,
        "Reconciled Depreciation": 1600000.0,
        "Net Interest Income": 13313000.0,
        "Interest Expense": 9028000.0,
        "Interest Income": 22341000.0,
        "Normalized Income": 455000.0,
        "Net Income From Continuing And Discontinued Operation": 455000.0,
        "Diluted Average Shares": 4145455.0,
        "Basic Average Shares": 4145455.0,
        "Diluted EPS": 0.11,
        "Basic EPS": 0.11,
        "Diluted NI Availto Com Stockholders": 455000.0,
        "Net Income Common Stockholders": 455000.0,
        "Net Income": 455000.0,
        "Net Income Including Noncontrolling Interests": 455000.0,
        "Net Income Continuous Operations": 455000.0,
        "Tax Provision": 161000.0,
        "Pretax Income": 616000.0,
        "Gain On Sale Of Security": 67000.0,
        "Selling General And Administration": 7891000.0,
        "Selling And Marketing Expense": 86000.0,
        "General And Administrative Expense": 7805000.0,
        "Insurance And Claims": 433000.0,
        "Salaries And Wages": 7372000.0,
        "Total Revenue": 15542000.0,
        "Operating Revenue": 15542000.0,
        "Occupancy And Equipment": 2111000.0,
        "Professional Expense And Contract Services Expense": 1260000.0,
        "Other Non Interest Expense": 3210000.0
    },
    "2025-06-30": {
        "Tax Effect Of Unusual Items": 0.0,
        "Tax Rate For Calcs": 0.21,
        "Total Unusual Items": 0.0,
        "Total Unusual Items Excluding Goodwill": 0.0,
        "Net Income From Continuing Operation Net Minority Interest": 2151000.0,
        "Reconciled Depreciation": 1631000.0,
        "Net Interest Income": 13945000.0,
        "Interest Expense": 8725000.0,
        "Interest Income": 22670000.0,
        "Normalized Income": 2151000.0,
        "Net Income From Continuing And Discontinued Operation": 2151000.0,
        "Diluted Average Shares": 4291319.0,
        "Basic Average Shares": 4302000.0,
        "Diluted EPS": 0.5,
        "Basic EPS": 0.5,
        "Diluted NI Availto Com Stockholders": 2151000.0,
        "Net Income Common Stockholders": 2151000.0,
        "Net Income": 2151000.0,
        "Net Income Including Noncontrolling Interests": 2151000.0,
        "Net Income Continuous Operations": 2151000.0,
        "Tax Provision": -35000.0,
        "Pretax Income": 2116000.0,
        "Gain On Sale Of Security": 0.0,
        "Selling General And Administration": 7998000.0,
        "Selling And Marketing Expense": 214000.0,
        "General And Administrative Expense": 7784000.0,
        "Insurance And Claims": 471000.0,
        "Salaries And Wages": 7313000.0,
        "Total Revenue": 16628000.0,
        "Operating Revenue": 16628000.0,
        "Occupancy And Equipment": 1935000.0,
        "Professional Expense And Contract Services Expense": 1115000.0,
        "Other Non Interest Expense": 3738000.0
    },
    "2025-09-30": {
        "Tax Effect Of Unusual Items": -1008.0,
        "Tax Rate For Calcs": 0.018,
        "Total Unusual Items": -56000.0,
        "Total Unusual Items Excluding Goodwill": -56000.0,
        "Net Income From Continuing Operation Net Minority Interest": 3497000.0,
        "Reconciled Depreciation": 1453000.0,
        "Net Interest Income": 14443000.0,
        "Interest Expense": 8897000.0,
        "Interest Income": 23340000.0,
        "Normalized Income": 3551992.0,
        "Net Income From Continuing And Discontinued Operation": 3497000.0,
        "Diluted Average Shares": 4299007.0,
        "Basic Average Shares": 4273022.0,
        "Diluted EPS": 0.81,
        "Basic EPS": 0.82,
        "Diluted NI Availto Com Stockholders": 3497000.0,
        "Net Income Common Stockholders": 3497000.0,
        "Net Income": 3497000.0,
        "Net Income Including Noncontrolling Interests": 3497000.0,
        "Net Income Continuous Operations": 3497000.0,
        "Tax Provision": 63000.0,
        "Pretax Income": 3560000.0,
        "Gain On Sale Of Security": 23000.0,
        "Selling General And Administration": 7986000.0,
        "Selling And Marketing Expense": 257000.0,
        "General And Administrative Expense": 7729000.0,
        "Insurance And Claims": 399000.0,
        "Salaries And Wages": 7330000.0,
        "Total Revenue": 17356000.0,
        "Operating Revenue": 17356000.0,
        "Occupancy And Equipment": 2004000.0,
        "Professional Expense And Contract Services Expense": 945000.0,
        "Other Non Interest Expense": 3162000.0
    }
}