{
    "2023-03-31": {
        "Tax Effect Of Unusual Items": NaN,
        "Tax Rate For Calcs": NaN,
        "Normalized EBITDA": NaN,
        "Total Unusual Items": NaN,
        "Total Unusual Items Excluding Goodwill": NaN,
        "Net Income From Continuing Operation Net Minority Interest": NaN,
        "Reconciled Depreciation": NaN,
        "Reconciled Cost Of Revenue": NaN,
        "EBITDA": NaN,
        "EBIT": NaN,
        "Net Interest Income": NaN,
        "Interest Expense": NaN,
        "Interest Income": NaN,
        "Normalized Income": NaN,
        "Net Income From Continuing And Discontinued Operation": NaN,
        "Total Expenses": NaN,
        "Total Operating Income As Reported": NaN,
        "Diluted Average Shares": 291336750.0,
        "Basic Average Shares": 291336750.0,
        "Diluted EPS": -0.18,
        "Basic EPS": -0.18,
        "Diluted NI Availto Com Stockholders": NaN,
        "Net Income Common Stockholders": NaN,
        "Net Income": NaN,
        "Net Income Including Noncontrolling Interests": NaN,
        "Net Income Continuous Operations": NaN,
        "Tax Provision": NaN,
        "Pretax Income": NaN,
        "Other Income Expense": NaN,
        "Other Non Operating Income Expenses": NaN,
        "Special Income Charges": NaN,
        "Write Off": 0.0,
        "Restructuring And Mergern Acquisition": NaN,
        "Net Non Operating Interest Income Expense": NaN,
        "Interest Expense Non Operating": NaN,
        "Interest Income Non Operating": NaN,
        "Operating Income": NaN,
        "Operating Expense": NaN,
        "Depreciation Amortization Depletion Income Statement": NaN,
        "Depreciation And Amortization In Income Statement": NaN,
        "Research And Development": NaN,
        "Selling General And Administration": NaN,
        "Gross Profit": NaN,
        "Cost Of Revenue": NaN,
        "Total Revenue": NaN,
        "Operating Revenue": NaN
    },
    "2022-12-31": {
        "Tax Effect Of Unusual Items": NaN,
        "Tax Rate For Calcs": NaN,
        "Normalized EBITDA": NaN,
        "Total Unusual Items": NaN,
        "Total Unusual Items Excluding Goodwill": NaN,
        "Net Income From Continuing Operation Net Minority Interest": NaN,
        "Reconciled Depreciation": NaN,
        "Reconciled Cost Of Revenue": NaN,
        "EBITDA": NaN,
        "EBIT": NaN,
        "Net Interest Income": NaN,
        "Interest Expense": NaN,
        "Interest Income": NaN,
        "Normalized Income": NaN,
        "Net Income From Continuing And Discontinued Operation": NaN,
        "Total Expenses": NaN,
        "Total Operating Income As Reported": NaN,
        "Diluted Average Shares": NaN,
        "Basic Average Shares": NaN,
        "Diluted EPS": NaN,
        "Basic EPS": NaN,
        "Diluted NI Availto Com Stockholders": NaN,
        "Net Income Common Stockholders": NaN,
        "Net Income": NaN,
        "Net Income Including Noncontrolling Interests": NaN,
        "Net Income Continuous Operations": NaN,
        "Tax Provision": NaN,
        "Pretax Income": NaN,
        "Other Income Expense": NaN,
        "Other Non Operating Income Expenses": NaN,
        "Special Income Charges": NaN,
        "Write Off": 0.0,
        "Restructuring And Mergern Acquisition": NaN,
        "Net Non Operating Interest Income Expense": NaN,
        "Interest Expense Non Operating": NaN,
        "Interest Income Non Operating": NaN,
        "Operating Income": NaN,
        "Operating Expense": NaN,
        "Depreciation Amortization Depletion Income Statement": NaN,
        "Depreciation And Amortization In Income Statement": NaN,
        "Research And Development": NaN,
        "Selling General And Administration": NaN,
        "Gross Profit": NaN,
        "Cost Of Revenue": NaN,
        "Total Revenue": NaN,
        "Operating Revenue": NaN
    },
    "2022-09-30": {
        "Tax Effect Of Unusual Items": NaN,
        "Tax Rate For Calcs": NaN,
        "Normalized EBITDA": NaN,
        "Total Unusual Items": NaN,
        "Total Unusual Items Excluding Goodwill": NaN,
        "Net Income From Continuing Operation Net Minority Interest": NaN,
        "Reconciled Depreciation": NaN,
        "Reconciled Cost Of Revenue": NaN,
        "EBITDA": NaN,
        "EBIT": NaN,
        "Net Interest Income": NaN,
        "Interest Expense": NaN,
        "Interest Income": NaN,
        "Normalized Income": NaN,
        "Net Income From Continuing And Discontinued Operation": NaN,
        "Total Expenses": NaN,
        "Total Operating Income As Reported": NaN,
        "Diluted Average Shares": 289223709.0,
        "Basic Average Shares": 289223709.0,
        "Diluted EPS": -0.12,
        "Basic EPS": -0.12,
        "Diluted NI Availto Com Stockholders": NaN,
        "Net Income Common Stockholders": NaN,
        "Net Income": NaN,
        "Net Income Including Noncontrolling Interests": NaN,
        "Net Income Continuous Operations": NaN,
        "Tax Provision": NaN,
        "Pretax Income": NaN,
        "Other Income Expense": NaN,
        "Other Non Operating Income Expenses": NaN,
        "Special Income Charges": NaN,
        "Write Off": NaN,
        "Restructuring And Mergern Acquisition": NaN,
        "Net Non Operating Interest Income Expense": NaN,
        "Interest Expense Non Operating": NaN,
        "Interest Income Non Operating": NaN,
        "Operating Income": NaN,
        "Operating Expense": NaN,
        "Depreciation Amortization Depletion Income Statement": NaN,
        "Depreciation And Amortization In Income Statement": NaN,
        "Research And Development": NaN,
        "Selling General And Administration": NaN,
        "Gross Profit": NaN,
        "Cost Of Revenue": NaN,
        "Total Revenue": NaN,
        "Operating Revenue": NaN
    },
    "2022-06-30": {
        "Tax Effect Of Unusual Items": -46000.0,
        "Tax Rate For Calcs": 0.4,
        "Normalized EBITDA": -51540000.0,
        "Total Unusual Items": -115000.0,
        "Total Unusual Items Excluding Goodwill": -115000.0,
        "Net Income From Continuing Operation Net Minority Interest": -62157000.0,
        "Reconciled Depreciation": 1334000.0,
        "Reconciled Cost Of Revenue": 8197000.0,
        "EBITDA": -51655000.0,
        "EBIT": -52989000.0,
        "Net Interest Income": -7901000.0,
        "Interest Expense": 8257000.0,
        "Interest Income": 356000.0,
        "Normalized Income": -62088000.0,
        "Net Income From Continuing And Discontinued Operation": -62157000.0,
        "Total Expenses": 141229000.0,
        "Total Operating Income As Reported": -60613000.0,
        "Diluted Average Shares": 291970562.0,
        "Basic Average Shares": 291970562.0,
        "Diluted EPS": -0.21,
        "Basic EPS": -0.21,
        "Diluted NI Availto Com Stockholders": -62157000.0,
        "Net Income Common Stockholders": -62157000.0,
        "Net Income": -62157000.0,
        "Net Income Including Noncontrolling Interests": -62157000.0,
        "Net Income Continuous Operations": -62157000.0,
        "Tax Provision": 911000.0,
        "Pretax Income": -61246000.0,
        "Other Income Expense": 7153000.0,
        "Other Non Operating Income Expenses": 7268000.0,
        "Special Income Charges": -115000.0,
        "Write Off": 0.0,
        "Restructuring And Mergern Acquisition": 115000.0,
        "Net Non Operating Interest Income Expense": -7901000.0,
        "Interest Expense Non Operating": 8257000.0,
        "Interest Income Non Operating": 356000.0,
        "Operating Income": -60498000.0,
        "Operating Expense": 133032000.0,
        "Depreciation Amortization Depletion Income Statement": 1334000.0,
        "Depreciation And Amortization In Income Statement": 1334000.0,
        "Research And Development": 78319000.0,
        "Selling General And Administration": 53379000.0,
        "Gross Profit": 72534000.0,
        "Cost Of Revenue": 8197000.0,
        "Total Revenue": 80731000.0,
        "Operating Revenue": 80731000.0
    },
    "2022-03-31": {
        "Diluted EPS": -0.3,
        "Total Revenue": 79,
        "Gross Profit": 71,
        "Operating Income": -75,
        "EBIT": -73,
        "Net Income": -85
    },
    "2021-12-31": {
        "Diluted EPS": -0.29,
        "Total Revenue": 82,
        "Gross Profit": 74,
        "Operating Income": -72,
        "EBIT": -70,
        "Net Income": -83
    },
    "2021-09-30": {
        "Diluted EPS": -0.19,
        "Total Revenue": 80,
        "Gross Profit": 68,
        "Operating Income": -42,
        "EBIT": -40,
        "Net Income": -50
    },
    "2021-06-30": {
        "Diluted EPS": -0.19,
        "Total Revenue": 77,
        "Gross Profit": 69,
        "Operating Income": -39,
        "EBIT": -37,
        "Net Income": -51
    },
    "2021-03-31": {
        "Diluted EPS": -0.25,
        "Total Revenue": 66,
        "Gross Profit": 60,
        "Operating Income": -53,
        "EBIT": -51,
        "Net Income": -66
    },
    "2020-12-31": {
        "Diluted EPS": -0.27,
        "Total Revenue": 71,
        "Gross Profit": 61,
        "Operating Income": -65,
        "EBIT": -62,
        "Net Income": -71
    },
    "2020-09-30": {
        "Diluted EPS": -0.25,
        "Total Revenue": 67,
        "Gross Profit": 59,
        "Operating Income": -53,
        "EBIT": -50,
        "Net Income": -64
    },
    "2020-06-30": {
        "Diluted EPS": -0.2,
        "Total Revenue": 62,
        "Gross Profit": 56,
        "Operating Income": -51,
        "EBIT": -49,
        "Net Income": -52
    },
    "2020-03-31": {
        "Diluted EPS": -0.35,
        "Total Revenue": 61,
        "Gross Profit": 54,
        "Operating Income": -78,
        "EBIT": -76,
        "Net Income": -89
    },
    "2019-12-31": {
        "Diluted EPS": -0.32,
        "Total Revenue": 55,
        "Gross Profit": 48,
        "Operating Income": -89,
        "EBIT": -87,
        "Net Income": -90
    },
    "2019-09-30": {
        "Diluted EPS": -0.24,
        "Total Revenue": 49,
        "Gross Profit": 43,
        "Operating Income": -57,
        "EBIT": -56,
        "Net Income": -62
    },
    "2019-06-30": {
        "Diluted EPS": -0.36,
        "Total Revenue": 44,
        "Gross Profit": 39,
        "Operating Income": -76,
        "EBIT": -75,
        "Net Income": -85
    },
    "2019-03-31": {
        "Diluted EPS": -0.56,
        "Total Revenue": 34,
        "Gross Profit": 30,
        "Operating Income": -81,
        "EBIT": -79,
        "Net Income": -120
    },
    "2018-12-31": {
        "Diluted EPS": -0.43,
        "Total Revenue": 33,
        "Gross Profit": 28,
        "Operating Income": -69,
        "EBIT": -65,
        "Net Income": -78
    },
    "2018-09-30": {
        "Diluted EPS": -0.84,
        "Total Revenue": 21,
        "Gross Profit": 16,
        "Operating Income": -156,
        "EBIT": -153,
        "Net Income": -159
    },
    "2018-06-30": {
        "Diluted EPS": -0.33,
        "Total Revenue": 21,
        "Gross Profit": 18,
        "Operating Income": -47,
        "EBIT": -43,
        "Net Income": -62
    },
    "2018-03-31": {
        "Diluted EPS": -0.28,
        "Total Revenue": 17,
        "Gross Profit": 14,
        "Operating Income": -56,
        "EBIT": -53,
        "Net Income": -50
    },
    "2017-12-31": {
        "Diluted EPS": -0.43,
        "Total Revenue": 15,
        "Gross Profit": 12,
        "Operating Income": -68,
        "EBIT": -64,
        "Net Income": -69
    },
    "2017-09-30": {
        "Diluted EPS": -0.69,
        "Total Revenue": 11,
        "Gross Profit": 9,
        "Operating Income": -275,
        "EBIT": -272,
        "Net Income": -112
    },
    "2017-06-30": {
        "Diluted EPS": -0.34,
        "Total Revenue": 7,
        "Gross Profit": 6,
        "Operating Income": -47,
        "EBIT": -44,
        "Net Income": -48
    },
    "2017-03-31": {
        "Diluted EPS": -0.39,
        "Total Revenue": 4,
        "Gross Profit": 3,
        "Operating Income": -52,
        "EBIT": -49,
        "Net Income": -55
    },
    "2016-12-31": {
        "Diluted EPS": -0.41,
        "Total Revenue": 3,
        "Gross Profit": 2,
        "Operating Income": -45,
        "EBIT": -44,
        "Net Income": -59
    },
    "2016-09-30": {
        "Diluted EPS": -0.33,
        "Total Revenue": 2,
        "Gross Profit": 2,
        "Operating Income": -45,
        "EBIT": -42,
        "Net Income": -47
    },
    "2016-06-30": {
        "Diluted EPS": -0.4,
        "Total Revenue": NaN,
        "Gross Profit": NaN,
        "Operating Income": -49,
        "EBIT": -48,
        "Net Income": -51
    },
    "2016-03-31": {
        "Diluted EPS": -0.35,
        "Total Revenue": NaN,
        "Gross Profit": NaN,
        "Operating Income": -43,
        "EBIT": -42,
        "Net Income": -44
    },
    "2015-12-31": {
        "Diluted EPS": -0.36,
        "Total Revenue": NaN,
        "Gross Profit": NaN,
        "Operating Income": -41,
        "EBIT": -41,
        "Net Income": -43
    },
    "2015-09-30": {
        "Diluted EPS": -0.32,
        "Total Revenue": NaN,
        "Gross Profit": NaN,
        "Operating Income": -38,
        "EBIT": -38,
        "Net Income": -38
    },
    "2015-06-30": {
        "Diluted EPS": -0.27,
        "Total Revenue": NaN,
        "Gross Profit": NaN,
        "Operating Income": -27,
        "EBIT": -27,
        "Net Income": -27
    },
    "2015-03-31": {
        "Diluted EPS": -0.25,
        "Total Revenue": NaN,
        "Gross Profit": NaN,
        "Operating Income": -24,
        "EBIT": -24,
        "Net Income": -24
    },
    "2014-12-31": {
        "Diluted EPS": -0.24,
        "Total Revenue": NaN,
        "Gross Profit": NaN,
        "Operating Income": -22,
        "EBIT": -22,
        "Net Income": -21
    },
    "2014-09-30": {
        "Diluted EPS": -0.22,
        "Total Revenue": 0,
        "Gross Profit": 0,
        "Operating Income": -17,
        "EBIT": -16,
        "Net Income": -17
    },
    "2014-06-30": {
        "Diluted EPS": -0.22,
        "Total Revenue": 0,
        "Gross Profit": 0,
        "Operating Income": -14,
        "EBIT": -14,
        "Net Income": -15
    },
    "2014-03-31": {
        "Diluted EPS": -0.25,
        "Total Revenue": 0,
        "Gross Profit": 0,
        "Operating Income": -16,
        "EBIT": -15,
        "Net Income": -16
    },
    "2013-12-31": {
        "Diluted EPS": -0.21,
        "Total Revenue": 0,
        "Gross Profit": 0,
        "Operating Income": -16,
        "EBIT": -15,
        "Net Income": -12
    },
    "2013-09-30": {
        "Diluted EPS": -0.29,
        "Total Revenue": 0,
        "Gross Profit": 0,
        "Operating Income": -15,
        "EBIT": -15,
        "Net Income": -15
    },
    "2013-06-30": {
        "Diluted EPS": -0.31,
        "Total Revenue": NaN,
        "Gross Profit": NaN,
        "Operating Income": -16,
        "EBIT": -16,
        "Net Income": -15
    },
    "2013-03-31": {
        "Diluted EPS": -0.35,
        "Total Revenue": NaN,
        "Gross Profit": NaN,
        "Operating Income": -17,
        "EBIT": -17,
        "Net Income": -17
    },
    "2012-12-31": {
        "Diluted EPS": -0.18,
        "Total Revenue": 0,
        "Gross Profit": 0,
        "Operating Income": -16,
        "EBIT": -16,
        "Net Income": -10
    },
    "2012-09-30": {
        "Diluted EPS": -0.34,
        "Total Revenue": NaN,
        "Gross Profit": NaN,
        "Operating Income": -17,
        "EBIT": -16,
        "Net Income": -16
    },
    "2012-06-30": {
        "Diluted EPS": -0.2,
        "Total Revenue": 11,
        "Gross Profit": 11,
        "Operating Income": -9,
        "EBIT": -9,
        "Net Income": -9
    },
    "2012-03-31": {
        "Diluted EPS": -0.35,
        "Total Revenue": 8,
        "Gross Profit": 8,
        "Operating Income": -11,
        "EBIT": -10,
        "Net Income": -13
    },
    "2011-12-31": {
        "Diluted EPS": -0.24,
        "Total Revenue": 6,
        "Gross Profit": 6,
        "Operating Income": -13,
        "EBIT": -13,
        "Net Income": -9
    },
    "2011-09-30": {
        "Diluted EPS": -0.28,
        "Total Revenue": 6,
        "Gross Profit": 6,
        "Operating Income": -13,
        "EBIT": -13,
        "Net Income": -10
    },
    "2011-06-30": {
        "Diluted EPS": -0.37,
        "Total Revenue": 4,
        "Gross Profit": 4,
        "Operating Income": -15,
        "EBIT": -14,
        "Net Income": -13
    },
    "2011-03-31": {
        "Diluted EPS": -0.39,
        "Total Revenue": 6,
        "Gross Profit": 6,
        "Operating Income": -10,
        "EBIT": -10,
        "Net Income": -13
    },
    "2010-12-31": {
        "Diluted EPS": -0.47,
        "Total Revenue": NaN,
        "Gross Profit": NaN,
        "Operating Income": -17,
        "EBIT": -17,
        "Net Income": -15
    },
    "2010-09-30": {
        "Diluted EPS": -0.56,
        "Total Revenue": NaN,
        "Gross Profit": NaN,
        "Operating Income": -13,
        "EBIT": -13,
        "Net Income": -15
    },
    "2010-06-30": {
        "Diluted EPS": -0.41,
        "Total Revenue": NaN,
        "Gross Profit": NaN,
        "Operating Income": -13,
        "EBIT": -12,
        "Net Income": -11
    },
    "2010-03-31": {
        "Diluted EPS": -0.54,
        "Total Revenue": NaN,
        "Gross Profit": NaN,
        "Operating Income": -13,
        "EBIT": -13,
        "Net Income": -13
    },
    "2009-12-31": {
        "Diluted EPS": 1.45,
        "Total Revenue": 49,
        "Gross Profit": 49,
        "Operating Income": 33,
        "EBIT": 33,
        "Net Income": 33
    },
    "2009-09-30": {
        "Diluted EPS": -0.59,
        "Total Revenue": 5,
        "Gross Profit": 5,
        "Operating Income": -13,
        "EBIT": -13,
        "Net Income": -13
    },
    "2009-06-30": {
        "Diluted EPS": -0.6,
        "Total Revenue": 5,
        "Gross Profit": 5,
        "Operating Income": -14,
        "EBIT": -13,
        "Net Income": -14
    },
    "2009-03-31": {
        "Diluted EPS": -0.55,
        "Total Revenue": 5,
        "Gross Profit": 5,
        "Operating Income": -13,
        "EBIT": -12,
        "Net Income": -12
    },
    "2023-06-30": {
        "Tax Effect Of Unusual Items": NaN,
        "Tax Rate For Calcs": NaN,
        "Normalized EBITDA": NaN,
        "Total Unusual Items": NaN,
        "Total Unusual Items Excluding Goodwill": NaN,
        "Net Income From Continuing Operation Net Minority Interest": NaN,
        "Reconciled Depreciation": NaN,
        "Reconciled Cost Of Revenue": NaN,
        "EBITDA": NaN,
        "EBIT": NaN,
        "Net Interest Income": NaN,
        "Interest Expense": NaN,
        "Interest Income": NaN,
        "Normalized Income": NaN,
        "Net Income From Continuing And Discontinued Operation": NaN,
        "Total Expenses": NaN,
        "Total Operating Income As Reported": NaN,
        "Diluted Average Shares": 292797002.0,
        "Basic Average Shares": 292797002.0,
        "Diluted EPS": -0.15,
        "Basic EPS": -0.15,
        "Diluted NI Availto Com Stockholders": NaN,
        "Net Income Common Stockholders": NaN,
        "Net Income": NaN,
        "Net Income Including Noncontrolling Interests": NaN,
        "Net Income Continuous Operations": NaN,
        "Tax Provision": NaN,
        "Pretax Income": NaN,
        "Other Income Expense": NaN,
        "Other Non Operating Income Expenses": NaN,
        "Special Income Charges": NaN,
        "Write Off": NaN,
        "Restructuring And Mergern Acquisition": NaN,
        "Net Non Operating Interest Income Expense": NaN,
        "Interest Expense Non Operating": NaN,
        "Interest Income Non Operating": NaN,
        "Operating Income": NaN,
        "Operating Expense": NaN,
        "Depreciation Amortization Depletion Income Statement": NaN,
        "Depreciation And Amortization In Income Statement": NaN,
        "Research And Development": NaN,
        "Selling General And Administration": NaN,
        "Gross Profit": NaN,
        "Cost Of Revenue": NaN,
        "Total Revenue": NaN,
        "Operating Revenue": NaN
    },
    "2023-09-30": {
        "Tax Effect Of Unusual Items": NaN,
        "Tax Rate For Calcs": NaN,
        "Normalized EBITDA": NaN,
        "Total Unusual Items": NaN,
        "Total Unusual Items Excluding Goodwill": NaN,
        "Net Income From Continuing Operation Net Minority Interest": NaN,
        "Reconciled Depreciation": NaN,
        "Reconciled Cost Of Revenue": NaN,
        "EBITDA": NaN,
        "EBIT": NaN,
        "Net Interest Income": NaN,
        "Interest Expense": NaN,
        "Interest Income": NaN,
        "Normalized Income": NaN,
        "Net Income From Continuing And Discontinued Operation": NaN,
        "Total Expenses": NaN,
        "Total Operating Income As Reported": NaN,
        "Diluted Average Shares": 295759435.0,
        "Basic Average Shares": 295759435.0,
        "Diluted EPS": -0.07,
        "Basic EPS": -0.07,
        "Diluted NI Availto Com Stockholders": NaN,
        "Net Income Common Stockholders": NaN,
        "Net Income": NaN,
        "Net Income Including Noncontrolling Interests": NaN,
        "Net Income Continuous Operations": NaN,
        "Tax Provision": NaN,
        "Pretax Income": NaN,
        "Other Income Expense": NaN,
        "Other Non Operating Income Expenses": NaN,
        "Special Income Charges": NaN,
        "Write Off": 0.0,
        "Restructuring And Mergern Acquisition": NaN,
        "Net Non Operating Interest Income Expense": NaN,
        "Interest Expense Non Operating": NaN,
        "Interest Income Non Operating": NaN,
        "Operating Income": NaN,
        "Operating Expense": NaN,
        "Depreciation Amortization Depletion Income Statement": NaN,
        "Depreciation And Amortization In Income Statement": NaN,
        "Research And Development": NaN,
        "Selling General And Administration": NaN,
        "Gross Profit": NaN,
        "Cost Of Revenue": NaN,
        "Total Revenue": NaN,
        "Operating Revenue": NaN
    },
    "2023-12-31": {
        "Tax Effect Of Unusual Items": NaN,
        "Tax Rate For Calcs": NaN,
        "Normalized EBITDA": NaN,
        "Total Unusual Items": NaN,
        "Total Unusual Items Excluding Goodwill": NaN,
        "Net Income From Continuing Operation Net Minority Interest": NaN,
        "Reconciled Depreciation": NaN,
        "Reconciled Cost Of Revenue": NaN,
        "EBITDA": NaN,
        "EBIT": NaN,
        "Net Interest Income": NaN,
        "Interest Expense": NaN,
        "Interest Income": NaN,
        "Normalized Income": NaN,
        "Net Income From Continuing And Discontinued Operation": NaN,
        "Total Expenses": NaN,
        "Total Operating Income As Reported": NaN,
        "Diluted Average Shares": NaN,
        "Basic Average Shares": NaN,
        "Diluted EPS": NaN,
        "Basic EPS": NaN,
        "Diluted NI Availto Com Stockholders": NaN,
        "Net Income Common Stockholders": NaN,
        "Net Income": NaN,
        "Net Income Including Noncontrolling Interests": NaN,
        "Net Income Continuous Operations": NaN,
        "Tax Provision": NaN,
        "Pretax Income": NaN,
        "Other Income Expense": NaN,
        "Other Non Operating Income Expenses": NaN,
        "Special Income Charges": NaN,
        "Write Off": 0.0,
        "Restructuring And Mergern Acquisition": NaN,
        "Net Non Operating Interest Income Expense": NaN,
        "Interest Expense Non Operating": NaN,
        "Interest Income Non Operating": NaN,
        "Operating Income": NaN,
        "Operating Expense": NaN,
        "Depreciation Amortization Depletion Income Statement": NaN,
        "Depreciation And Amortization In Income Statement": NaN,
        "Research And Development": NaN,
        "Selling General And Administration": NaN,
        "Gross Profit": NaN,
        "Cost Of Revenue": NaN,
        "Total Revenue": NaN,
        "Operating Revenue": NaN
    },
    "2024-03-31": {
        "Tax Effect Of Unusual Items": NaN,
        "Tax Rate For Calcs": NaN,
        "Normalized EBITDA": NaN,
        "Total Unusual Items": NaN,
        "Total Unusual Items Excluding Goodwill": NaN,
        "Net Income From Continuing Operation Net Minority Interest": NaN,
        "Reconciled Depreciation": NaN,
        "Reconciled Cost Of Revenue": NaN,
        "EBITDA": NaN,
        "EBIT": NaN,
        "Net Interest Income": NaN,
        "Interest Expense": NaN,
        "Interest Income": NaN,
        "Normalized Income": NaN,
        "Net Income From Continuing And Discontinued Operation": NaN,
        "Total Expenses": NaN,
        "Total Operating Income As Reported": NaN,
        "Diluted Average Shares": 302903009.0,
        "Basic Average Shares": 302903009.0,
        "Diluted EPS": -0.16,
        "Basic EPS": -0.16,
        "Diluted NI Availto Com Stockholders": NaN,
        "Net Income Common Stockholders": NaN,
        "Net Income": NaN,
        "Net Income Including Noncontrolling Interests": NaN,
        "Net Income Continuous Operations": NaN,
        "Tax Provision": NaN,
        "Pretax Income": NaN,
        "Other Income Expense": NaN,
        "Other Non Operating Income Expenses": NaN,
        "Special Income Charges": NaN,
        "Write Off": NaN,
        "Restructuring And Mergern Acquisition": NaN,
        "Net Non Operating Interest Income Expense": NaN,
        "Interest Expense Non Operating": NaN,
        "Interest Income Non Operating": NaN,
        "Operating Income": NaN,
        "Operating Expense": NaN,
        "Depreciation Amortization Depletion Income Statement": NaN,
        "Depreciation And Amortization In Income Statement": NaN,
        "Research And Development": NaN,
        "Selling General And Administration": NaN,
        "Gross Profit": NaN,
        "Cost Of Revenue": NaN,
        "Total Revenue": NaN,
        "Operating Revenue": NaN
    },
    "2024-06-30": {
        "Tax Effect Of Unusual Items": 0.0,
        "Tax Rate For Calcs": 0.21,
        "Normalized EBITDA": 14802000.0,
        "Total Unusual Items": 0.0,
        "Total Unusual Items Excluding Goodwill": 0.0,
        "Net Income From Continuing Operation Net Minority Interest": -15697000.0,
        "Reconciled Depreciation": 2182000.0,
        "Reconciled Cost Of Revenue": 11261000.0,
        "EBITDA": 14802000.0,
        "EBIT": 12620000.0,
        "Net Interest Income": -11142000.0,
        "Interest Expense": 12512000.0,
        "Interest Income": 1370000.0,
        "Normalized Income": -15697000.0,
        "Net Income From Continuing And Discontinued Operation": -15697000.0,
        "Total Expenses": 111702000.0,
        "Total Operating Income As Reported": 14967000.0,
        "Diluted Average Shares": 303773922.0,
        "Basic Average Shares": 303773922.0,
        "Diluted EPS": -0.05,
        "Basic EPS": -0.05,
        "Diluted NI Availto Com Stockholders": -15697000.0,
        "Net Income Common Stockholders": -15697000.0,
        "Net Income": -15697000.0,
        "Net Income Including Noncontrolling Interests": -15697000.0,
        "Net Income Continuous Operations": -15697000.0,
        "Tax Provision": 15805000.0,
        "Pretax Income": 108000.0,
        "Other Income Expense": -3717000.0,
        "Other Non Operating Income Expenses": -3717000.0,
        "Special Income Charges": 0.0,
        "Write Off": 0.0,
        "Restructuring And Mergern Acquisition": 0.0,
        "Net Non Operating Interest Income Expense": -11142000.0,
        "Interest Expense Non Operating": 12512000.0,
        "Interest Income Non Operating": 1370000.0,
        "Operating Income": 14967000.0,
        "Operating Expense": 100441000.0,
        "Depreciation Amortization Depletion Income Statement": 2182000.0,
        "Depreciation And Amortization In Income Statement": 2182000.0,
        "Research And Development": 24683000.0,
        "Selling General And Administration": 73576000.0,
        "Gross Profit": 115408000.0,
        "Cost Of Revenue": 11261000.0,
        "Total Revenue": 126669000.0,
        "Operating Revenue": 126669000.0
    },
    "2024-09-30": {
        "Tax Effect Of Unusual Items": -660030.0,
        "Tax Rate For Calcs": 0.21,
        "Normalized EBITDA": 24790000.0,
        "Total Unusual Items": -3143000.0,
        "Total Unusual Items Excluding Goodwill": -3143000.0,
        "Net Income From Continuing Operation Net Minority Interest": -6729000.0,
        "Reconciled Depreciation": 2170000.0,
        "Reconciled Cost Of Revenue": 13279000.0,
        "EBITDA": 21647000.0,
        "EBIT": 19477000.0,
        "Net Interest Income": -11611000.0,
        "Interest Expense": 12692000.0,
        "Interest Income": 1081000.0,
        "Normalized Income": -4246030.0,
        "Net Income From Continuing And Discontinued Operation": -6729000.0,
        "Total Expenses": 116715000.0,
        "Total Operating Income As Reported": 21659000.0,
        "Diluted Average Shares": 304690596.0,
        "Basic Average Shares": 304690596.0,
        "Diluted EPS": -0.02,
        "Basic EPS": -0.02,
        "Diluted NI Availto Com Stockholders": -6729000.0,
        "Net Income Common Stockholders": -6729000.0,
        "Net Income": -6729000.0,
        "Net Income Including Noncontrolling Interests": -6729000.0,
        "Net Income Continuous Operations": -6729000.0,
        "Tax Provision": 13514000.0,
        "Pretax Income": 6785000.0,
        "Other Income Expense": -6406000.0,
        "Other Non Operating Income Expenses": -3263000.0,
        "Special Income Charges": -3143000.0,
        "Write Off": 0.0,
        "Restructuring And Mergern Acquisition": 3143000.0,
        "Net Non Operating Interest Income Expense": -11611000.0,
        "Interest Expense Non Operating": 12692000.0,
        "Interest Income Non Operating": 1081000.0,
        "Operating Income": 24802000.0,
        "Operating Expense": 103436000.0,
        "Depreciation Amortization Depletion Income Statement": 2170000.0,
        "Depreciation And Amortization In Income Statement": 2170000.0,
        "Research And Development": 26160000.0,
        "Selling General And Administration": 75106000.0,
        "Gross Profit": 128238000.0,
        "Cost Of Revenue": 13279000.0,
        "Total Revenue": 141517000.0,
        "Operating Revenue": 141517000.0
    },
    "2024-12-31": {
        "Tax Effect Of Unusual Items": 0.0,
        "Tax Rate For Calcs": 0.21,
        "Normalized EBITDA": 21933000.0,
        "Total Unusual Items": 0.0,
        "Total Unusual Items Excluding Goodwill": 0.0,
        "Net Income From Continuing Operation Net Minority Interest": 14739000.0,
        "Reconciled Depreciation": 2041000.0,
        "Reconciled Cost Of Revenue": 14836000.0,
        "EBITDA": 21933000.0,
        "EBIT": 19892000.0,
        "Net Interest Income": -10542000.0,
        "Interest Expense": 11958000.0,
        "Interest Income": 1416000.0,
        "Normalized Income": 14739000.0,
        "Net Income From Continuing And Discontinued Operation": 14739000.0,
        "Total Expenses": 133735000.0,
        "Total Operating Income As Reported": 15971000.0,
        "Diluted Average Shares": NaN,
        "Basic Average Shares": NaN,
        "Diluted EPS": NaN,
        "Basic EPS": NaN,
        "Diluted NI Availto Com Stockholders": 14739000.0,
        "Net Income Common Stockholders": 14739000.0,
        "Net Income": 14739000.0,
        "Net Income Including Noncontrolling Interests": 14739000.0,
        "Net Income Continuous Operations": 14739000.0,
        "Tax Provision": -6805000.0,
        "Pretax Income": 7934000.0,
        "Other Income Expense": 2505000.0,
        "Other Non Operating Income Expenses": 2505000.0,
        "Special Income Charges": 0.0,
        "Write Off": 0.0,
        "Restructuring And Mergern Acquisition": 0.0,
        "Net Non Operating Interest Income Expense": -10542000.0,
        "Interest Expense Non Operating": 11958000.0,
        "Interest Income Non Operating": 1416000.0,
        "Operating Income": 15971000.0,
        "Operating Expense": 118899000.0,
        "Depreciation Amortization Depletion Income Statement": 2041000.0,
        "Depreciation And Amortization In Income Statement": 2041000.0,
        "Research And Development": 30190000.0,
        "Selling General And Administration": 86668000.0,
        "Gross Profit": 134870000.0,
        "Cost Of Revenue": 14836000.0,
        "Total Revenue": 149706000.0,
        "Operating Revenue": 149706000.0
    },
    "2025-03-31": {
        "Tax Effect Of Unusual Items": 0.0,
        "Tax Rate For Calcs": 0.21,
        "Normalized EBITDA": -4753000.0,
        "Total Unusual Items": 0.0,
        "Total Unusual Items Excluding Goodwill": 0.0,
        "Net Income From Continuing Operation Net Minority Interest": -21686000.0,
        "Reconciled Depreciation": 1837000.0,
        "Reconciled Cost Of Revenue": 11698000.0,
        "EBITDA": -4753000.0,
        "EBIT": -6590000.0,
        "Net Interest Income": -10643000.0,
        "Interest Expense": 11455000.0,
        "Interest Income": 812000.0,
        "Normalized Income": -21686000.0,
        "Net Income From Continuing And Discontinued Operation": -21686000.0,
        "Total Expenses": 133201000.0,
        "Total Operating Income As Reported": -7952000.0,
        "Diluted Average Shares": 307689207.0,
        "Basic Average Shares": 307689207.0,
        "Diluted EPS": -0.07,
        "Basic EPS": -0.07,
        "Diluted NI Availto Com Stockholders": -21686000.0,
        "Net Income Common Stockholders": -21686000.0,
        "Net Income": -21686000.0,
        "Net Income Including Noncontrolling Interests": -21686000.0,
        "Net Income Continuous Operations": -21686000.0,
        "Tax Provision": 3641000.0,
        "Pretax Income": -18045000.0,
        "Other Income Expense": 550000.0,
        "Other Non Operating Income Expenses": 550000.0,
        "Special Income Charges": 0.0,
        "Write Off": NaN,
        "Restructuring And Mergern Acquisition": 0.0,
        "Net Non Operating Interest Income Expense": -10643000.0,
        "Interest Expense Non Operating": 11455000.0,
        "Interest Income Non Operating": 812000.0,
        "Operating Income": -7952000.0,
        "Operating Expense": 121503000.0,
        "Depreciation Amortization Depletion Income Statement": 1837000.0,
        "Depreciation And Amortization In Income Statement": 1837000.0,
        "Research And Development": 27839000.0,
        "Selling General And Administration": 91827000.0,
        "Gross Profit": 113551000.0,
        "Cost Of Revenue": 11698000.0,
        "Total Revenue": 125249000.0,
        "Operating Revenue": 125249000.0
    },
    "2025-06-30": {
        "Tax Effect Of Unusual Items": -357420.0,
        "Tax Rate For Calcs": 0.21,
        "Normalized EBITDA": -4062000.0,
        "Total Unusual Items": -1702000.0,
        "Total Unusual Items Excluding Goodwill": -1702000.0,
        "Net Income From Continuing Operation Net Minority Interest": -24420000.0,
        "Reconciled Depreciation": 1852000.0,
        "Reconciled Cost Of Revenue": 15217000.0,
        "EBITDA": -5764000.0,
        "EBIT": -7616000.0,
        "Net Interest Income": -10722000.0,
        "Interest Expense": 11565000.0,
        "Interest Income": 843000.0,
        "Normalized Income": -23075420.0,
        "Net Income From Continuing And Discontinued Operation": -24420000.0,
        "Total Expenses": 162460000.0,
        "Total Operating Income As Reported": -9474000.0,
        "Diluted Average Shares": 308254256.0,
        "Basic Average Shares": 308254256.0,
        "Diluted EPS": -0.08,
        "Basic EPS": -0.08,
        "Diluted NI Availto Com Stockholders": -24420000.0,
        "Net Income Common Stockholders": -24420000.0,
        "Net Income": -24420000.0,
        "Net Income Including Noncontrolling Interests": -24420000.0,
        "Net Income Continuous Operations": -24420000.0,
        "Tax Provision": 5239000.0,
        "Pretax Income": -19181000.0,
        "Other Income Expense": -687000.0,
        "Other Non Operating Income Expenses": 1015000.0,
        "Special Income Charges": -1702000.0,
        "Write Off": 1702000.0,
        "Restructuring And Mergern Acquisition": 0.0,
        "Net Non Operating Interest Income Expense": -10722000.0,
        "Interest Expense Non Operating": 11565000.0,
        "Interest Income Non Operating": 843000.0,
        "Operating Income": -7772000.0,
        "Operating Expense": 147243000.0,
        "Depreciation Amortization Depletion Income Statement": 1852000.0,
        "Depreciation And Amortization In Income Statement": 1852000.0,
        "Research And Development": 60848000.0,
        "Selling General And Administration": 84543000.0,
        "Gross Profit": 139471000.0,
        "Cost Of Revenue": 15217000.0,
        "Total Revenue": 154688000.0,
        "Operating Revenue": 154688000.0
    }
}