{
    "2023-03-31": {
        "Tax Effect Of Unusual Items": NaN,
        "Tax Rate For Calcs": NaN,
        "Normalized EBITDA": NaN,
        "Total Unusual Items": NaN,
        "Total Unusual Items Excluding Goodwill": NaN,
        "Net Income From Continuing Operation Net Minority Interest": NaN,
        "Reconciled Depreciation": NaN,
        "Reconciled Cost Of Revenue": NaN,
        "EBITDA": NaN,
        "EBIT": NaN,
        "Net Interest Income": NaN,
        "Interest Expense": NaN,
        "Normalized Income": NaN,
        "Net Income From Continuing And Discontinued Operation": NaN,
        "Total Expenses": NaN,
        "Total Operating Income As Reported": NaN,
        "Diluted Average Shares": 6609000.0,
        "Basic Average Shares": 6481000.0,
        "Diluted EPS": 0.55,
        "Basic EPS": 0.56,
        "Diluted NI Availto Com Stockholders": NaN,
        "Net Income Common Stockholders": NaN,
        "Otherunder Preferred Stock Dividend": NaN,
        "Preferred Stock Dividends": NaN,
        "Net Income": NaN,
        "Minority Interests": NaN,
        "Net Income Including Noncontrolling Interests": NaN,
        "Net Income Continuous Operations": NaN,
        "Tax Provision": NaN,
        "Pretax Income": NaN,
        "Other Income Expense": NaN,
        "Other Non Operating Income Expenses": NaN,
        "Gain On Sale Of Security": NaN,
        "Net Non Operating Interest Income Expense": NaN,
        "Interest Expense Non Operating": NaN,
        "Operating Income": NaN,
        "Operating Expense": NaN,
        "Research And Development": NaN,
        "Selling General And Administration": NaN,
        "Gross Profit": NaN,
        "Cost Of Revenue": NaN,
        "Total Revenue": NaN,
        "Operating Revenue": NaN
    },
    "2022-12-31": {
        "Tax Effect Of Unusual Items": NaN,
        "Tax Rate For Calcs": NaN,
        "Normalized EBITDA": NaN,
        "Total Unusual Items": NaN,
        "Total Unusual Items Excluding Goodwill": NaN,
        "Net Income From Continuing Operation Net Minority Interest": NaN,
        "Reconciled Depreciation": NaN,
        "Reconciled Cost Of Revenue": NaN,
        "EBITDA": NaN,
        "EBIT": NaN,
        "Net Interest Income": NaN,
        "Interest Expense": NaN,
        "Normalized Income": NaN,
        "Net Income From Continuing And Discontinued Operation": NaN,
        "Total Expenses": NaN,
        "Total Operating Income As Reported": NaN,
        "Diluted Average Shares": 6655000.0,
        "Basic Average Shares": 6527000.0,
        "Diluted EPS": 0.32,
        "Basic EPS": 0.32,
        "Diluted NI Availto Com Stockholders": NaN,
        "Net Income Common Stockholders": NaN,
        "Otherunder Preferred Stock Dividend": NaN,
        "Preferred Stock Dividends": NaN,
        "Net Income": NaN,
        "Minority Interests": NaN,
        "Net Income Including Noncontrolling Interests": NaN,
        "Net Income Continuous Operations": NaN,
        "Tax Provision": NaN,
        "Pretax Income": NaN,
        "Other Income Expense": NaN,
        "Other Non Operating Income Expenses": -208000.0,
        "Gain On Sale Of Security": NaN,
        "Net Non Operating Interest Income Expense": NaN,
        "Interest Expense Non Operating": NaN,
        "Operating Income": NaN,
        "Operating Expense": NaN,
        "Research And Development": NaN,
        "Selling General And Administration": NaN,
        "Gross Profit": NaN,
        "Cost Of Revenue": NaN,
        "Total Revenue": NaN,
        "Operating Revenue": NaN
    },
    "2022-09-30": {
        "Tax Effect Of Unusual Items": 52416.605075,
        "Tax Rate For Calcs": 0.34713,
        "Normalized EBITDA": 6101000.0,
        "Total Unusual Items": 151000.0,
        "Total Unusual Items Excluding Goodwill": 151000.0,
        "Net Income From Continuing Operation Net Minority Interest": 2047000.0,
        "Reconciled Depreciation": 2179000.0,
        "Reconciled Cost Of Revenue": 12597000.0,
        "EBITDA": 6252000.0,
        "EBIT": 4073000.0,
        "Net Interest Income": -14000.0,
        "Interest Expense": 14000.0,
        "Normalized Income": 1948416.605075,
        "Net Income From Continuing And Discontinued Operation": 2047000.0,
        "Total Expenses": 19280000.0,
        "Total Operating Income As Reported": 3911000.0,
        "Diluted Average Shares": 6673000.0,
        "Basic Average Shares": 6545000.0,
        "Diluted EPS": 0.29,
        "Basic EPS": 0.29,
        "Diluted NI Availto Com Stockholders": 1923000.0,
        "Net Income Common Stockholders": 1923000.0,
        "Otherunder Preferred Stock Dividend": 32000.0,
        "Preferred Stock Dividends": 92000.0,
        "Net Income": 2047000.0,
        "Minority Interests": -603000.0,
        "Net Income Including Noncontrolling Interests": 2650000.0,
        "Net Income Continuous Operations": 2650000.0,
        "Tax Provision": 1409000.0,
        "Pretax Income": 4059000.0,
        "Other Income Expense": 162000.0,
        "Other Non Operating Income Expenses": 11000.0,
        "Gain On Sale Of Security": 151000.0,
        "Net Non Operating Interest Income Expense": -14000.0,
        "Interest Expense Non Operating": 14000.0,
        "Operating Income": 3911000.0,
        "Operating Expense": 6683000.0,
        "Research And Development": 349000.0,
        "Selling General And Administration": 6334000.0,
        "Gross Profit": 10594000.0,
        "Cost Of Revenue": 12597000.0,
        "Total Revenue": 23191000.0,
        "Operating Revenue": 23191000.0
    },
    "2022-06-30": {
        "Tax Effect Of Unusual Items": 3871.401566,
        "Tax Rate For Calcs": 0.057646,
        "Normalized EBITDA": 6186636.0,
        "Total Unusual Items": 67158.0,
        "Total Unusual Items Excluding Goodwill": 67158.0,
        "Net Income From Continuing Operation Net Minority Interest": 2242906.0,
        "Reconciled Depreciation": 2039367.0,
        "Reconciled Cost Of Revenue": 12698201.0,
        "EBITDA": 6253794.0,
        "EBIT": 4214427.0,
        "Net Interest Income": -337552.0,
        "Interest Expense": 337552.0,
        "Normalized Income": 2179619.401566,
        "Net Income From Continuing And Discontinued Operation": 2242906.0,
        "Total Expenses": 20667963.0,
        "Total Operating Income As Reported": 4144182.0,
        "Diluted Average Shares": 6680852.0,
        "Basic Average Shares": 6554836.0,
        "Diluted EPS": 0.32,
        "Basic EPS": 0.32,
        "Diluted NI Availto Com Stockholders": 2107796.0,
        "Net Income Common Stockholders": 2107796.0,
        "Otherunder Preferred Stock Dividend": 34038.0,
        "Preferred Stock Dividends": 101072.0,
        "Net Income": 2242906.0,
        "Minority Interests": -1410482.0,
        "Net Income Including Noncontrolling Interests": 3653388.0,
        "Net Income Continuous Operations": 3653388.0,
        "Tax Provision": 223487.0,
        "Pretax Income": 3876875.0,
        "Other Income Expense": 70245.0,
        "Other Non Operating Income Expenses": 3087.0,
        "Gain On Sale Of Security": 67158.0,
        "Net Non Operating Interest Income Expense": -337552.0,
        "Interest Expense Non Operating": 337552.0,
        "Operating Income": 4144182.0,
        "Operating Expense": 7969762.0,
        "Research And Development": 385181.0,
        "Selling General And Administration": 7584581.0,
        "Gross Profit": 12113944.0,
        "Cost Of Revenue": 12698201.0,
        "Total Revenue": 24812145.0,
        "Operating Revenue": 24812145.0
    },
    "2022-03-31": {
        "Diluted EPS": 0.3,
        "Total Revenue": 25,
        "Gross Profit": 12,
        "Operating Income": 6,
        "EBIT": 8,
        "Net Income": 2
    },
    "2021-12-31": {
        "Diluted EPS": 0.53,
        "Total Revenue": 24,
        "Gross Profit": 12,
        "Operating Income": 6,
        "EBIT": 9,
        "Net Income": 4
    },
    "2021-09-30": {
        "Diluted EPS": 0.52,
        "Total Revenue": 24,
        "Gross Profit": 11,
        "Operating Income": 6,
        "EBIT": 8,
        "Net Income": 4
    },
    "2021-06-30": {
        "Diluted EPS": 0.1,
        "Total Revenue": 25,
        "Gross Profit": 12,
        "Operating Income": 4,
        "EBIT": 5,
        "Net Income": 1
    },
    "2021-03-31": {
        "Diluted EPS": 0.51,
        "Total Revenue": 23,
        "Gross Profit": 11,
        "Operating Income": 4,
        "EBIT": 5,
        "Net Income": 4
    },
    "2020-12-31": {
        "Diluted EPS": 0.42,
        "Total Revenue": 21,
        "Gross Profit": 10,
        "Operating Income": 5,
        "EBIT": 7,
        "Net Income": 3
    },
    "2020-09-30": {
        "Diluted EPS": 0.34,
        "Total Revenue": 21,
        "Gross Profit": 11,
        "Operating Income": 4,
        "EBIT": 6,
        "Net Income": 2
    },
    "2020-06-30": {
        "Diluted EPS": 0.07,
        "Total Revenue": 21,
        "Gross Profit": 12,
        "Operating Income": 1,
        "EBIT": 0,
        "Net Income": 1
    },
    "2020-03-31": {
        "Diluted EPS": 0.17,
        "Total Revenue": 22,
        "Gross Profit": 10,
        "Operating Income": 3,
        "EBIT": 4,
        "Net Income": 1
    },
    "2019-12-31": {
        "Diluted EPS": 0.42,
        "Total Revenue": 21,
        "Gross Profit": 10,
        "Operating Income": 5,
        "EBIT": 7,
        "Net Income": 3
    },
    "2019-09-30": {
        "Diluted EPS": 0.45,
        "Total Revenue": 22,
        "Gross Profit": 10,
        "Operating Income": 5,
        "EBIT": 7,
        "Net Income": 3
    },
    "2019-06-30": {
        "Diluted EPS": 0.62,
        "Total Revenue": 22,
        "Gross Profit": 11,
        "Operating Income": 4,
        "EBIT": 5,
        "Net Income": 4
    },
    "2019-03-31": {
        "Diluted EPS": 0.53,
        "Total Revenue": 23,
        "Gross Profit": 12,
        "Operating Income": 7,
        "EBIT": 8,
        "Net Income": 4
    },
    "2018-12-31": {
        "Diluted EPS": 0.49,
        "Total Revenue": 21,
        "Gross Profit": 10,
        "Operating Income": 6,
        "EBIT": 7,
        "Net Income": 3
    },
    "2018-09-30": {
        "Diluted EPS": 0.45,
        "Total Revenue": 21,
        "Gross Profit": 10,
        "Operating Income": 6,
        "EBIT": 6,
        "Net Income": 3
    },
    "2018-06-30": {
        "Diluted EPS": 1.36,
        "Total Revenue": 21,
        "Gross Profit": 10,
        "Operating Income": 5,
        "EBIT": 6,
        "Net Income": 9
    },
    "2018-03-31": {
        "Diluted EPS": 0.48,
        "Total Revenue": 21,
        "Gross Profit": 10,
        "Operating Income": 4,
        "EBIT": 5,
        "Net Income": 3
    },
    "2017-12-31": {
        "Diluted EPS": 0.58,
        "Total Revenue": 20,
        "Gross Profit": 10,
        "Operating Income": 6,
        "EBIT": 7,
        "Net Income": 4
    },
    "2017-09-30": {
        "Diluted EPS": 0.51,
        "Total Revenue": 19,
        "Gross Profit": 9,
        "Operating Income": 5,
        "EBIT": 6,
        "Net Income": 3
    },
    "2017-06-30": {
        "Diluted EPS": 0.77,
        "Total Revenue": 21,
        "Gross Profit": 11,
        "Operating Income": 4,
        "EBIT": 5,
        "Net Income": 6
    },
    "2017-03-31": {
        "Diluted EPS": 0.88,
        "Total Revenue": 20,
        "Gross Profit": 11,
        "Operating Income": 6,
        "EBIT": 7,
        "Net Income": 6
    },
    "2016-12-31": {
        "Diluted EPS": 0.6,
        "Total Revenue": 18,
        "Gross Profit": 9,
        "Operating Income": 5,
        "EBIT": 5,
        "Net Income": 4
    },
    "2016-09-30": {
        "Diluted EPS": 0.51,
        "Total Revenue": 19,
        "Gross Profit": 9,
        "Operating Income": 5,
        "EBIT": 6,
        "Net Income": 3
    },
    "2016-06-30": {
        "Diluted EPS": 0.9,
        "Total Revenue": 19,
        "Gross Profit": 9,
        "Operating Income": 2,
        "EBIT": 3,
        "Net Income": 6
    },
    "2016-03-31": {
        "Diluted EPS": 0.43,
        "Total Revenue": 19,
        "Gross Profit": 9,
        "Operating Income": 4,
        "EBIT": 5,
        "Net Income": 3
    },
    "2015-12-31": {
        "Diluted EPS": 0.5,
        "Total Revenue": 18,
        "Gross Profit": 9,
        "Operating Income": 4,
        "EBIT": 5,
        "Net Income": 3
    },
    "2015-09-30": {
        "Diluted EPS": 0.41,
        "Total Revenue": 18,
        "Gross Profit": 8,
        "Operating Income": 4,
        "EBIT": 4,
        "Net Income": 3
    },
    "2015-06-30": {
        "Diluted EPS": 0.81,
        "Total Revenue": 17,
        "Gross Profit": 9,
        "Operating Income": 3,
        "EBIT": 4,
        "Net Income": 5
    },
    "2015-03-31": {
        "Diluted EPS": 0.29,
        "Total Revenue": 17,
        "Gross Profit": 7,
        "Operating Income": 3,
        "EBIT": 4,
        "Net Income": 2
    },
    "2014-12-31": {
        "Diluted EPS": 0.38,
        "Total Revenue": 17,
        "Gross Profit": 8,
        "Operating Income": 4,
        "EBIT": 4,
        "Net Income": 2
    },
    "2014-09-30": {
        "Diluted EPS": 0.36,
        "Total Revenue": 18,
        "Gross Profit": 8,
        "Operating Income": 3,
        "EBIT": 4,
        "Net Income": 2
    },
    "2014-06-30": {
        "Diluted EPS": 0.58,
        "Total Revenue": 17,
        "Gross Profit": 9,
        "Operating Income": 3,
        "EBIT": 4,
        "Net Income": 4
    },
    "2014-03-31": {
        "Diluted EPS": 0.25,
        "Total Revenue": 17,
        "Gross Profit": 8,
        "Operating Income": 2,
        "EBIT": 3,
        "Net Income": 2
    },
    "2013-12-31": {
        "Diluted EPS": 0.31,
        "Total Revenue": 18,
        "Gross Profit": 8,
        "Operating Income": 3,
        "EBIT": 4,
        "Net Income": 2
    },
    "2013-09-30": {
        "Diluted EPS": 0.35,
        "Total Revenue": 17,
        "Gross Profit": 8,
        "Operating Income": 4,
        "EBIT": 5,
        "Net Income": 2
    },
    "2013-06-30": {
        "Diluted EPS": 0.69,
        "Total Revenue": 18,
        "Gross Profit": 8,
        "Operating Income": 2,
        "EBIT": 3,
        "Net Income": 4
    },
    "2013-03-31": {
        "Diluted EPS": 0.16,
        "Total Revenue": 12,
        "Gross Profit": 6,
        "Operating Income": 2,
        "EBIT": 2,
        "Net Income": 1
    },
    "2012-12-31": {
        "Diluted EPS": 0.2,
        "Total Revenue": 10,
        "Gross Profit": 5,
        "Operating Income": 2,
        "EBIT": 2,
        "Net Income": 1
    },
    "2012-09-30": {
        "Diluted EPS": 0.21,
        "Total Revenue": 10,
        "Gross Profit": 5,
        "Operating Income": 2,
        "EBIT": 2,
        "Net Income": 1
    },
    "2012-06-30": {
        "Diluted EPS": 0.21,
        "Total Revenue": 11,
        "Gross Profit": 5,
        "Operating Income": 2,
        "EBIT": 3,
        "Net Income": 1
    },
    "2012-03-31": {
        "Diluted EPS": 0.19,
        "Total Revenue": 10,
        "Gross Profit": 4,
        "Operating Income": 2,
        "EBIT": 2,
        "Net Income": 1
    },
    "2011-12-31": {
        "Diluted EPS": 0.23,
        "Total Revenue": 9,
        "Gross Profit": 4,
        "Operating Income": 2,
        "EBIT": 2,
        "Net Income": 1
    },
    "2011-09-30": {
        "Diluted EPS": 0.23,
        "Total Revenue": 10,
        "Gross Profit": 4,
        "Operating Income": 2,
        "EBIT": 2,
        "Net Income": 1
    },
    "2011-06-30": {
        "Diluted EPS": 0.0,
        "Total Revenue": 8,
        "Gross Profit": 4,
        "Operating Income": 1,
        "EBIT": 1,
        "Net Income": 0
    },
    "2011-03-31": {
        "Diluted EPS": 0.2,
        "Total Revenue": 9,
        "Gross Profit": 4,
        "Operating Income": 1,
        "EBIT": 2,
        "Net Income": 1
    },
    "2010-12-31": {
        "Diluted EPS": 0.24,
        "Total Revenue": 8,
        "Gross Profit": 4,
        "Operating Income": 1,
        "EBIT": 2,
        "Net Income": 1
    },
    "2010-09-30": {
        "Diluted EPS": 0.07,
        "Total Revenue": 9,
        "Gross Profit": 3,
        "Operating Income": 0,
        "EBIT": 1,
        "Net Income": 0
    },
    "2010-06-30": {
        "Diluted EPS": 0.0,
        "Total Revenue": 9,
        "Gross Profit": 4,
        "Operating Income": 0,
        "EBIT": 0,
        "Net Income": 0
    },
    "2010-03-31": {
        "Diluted EPS": -0.0,
        "Total Revenue": 8,
        "Gross Profit": 4,
        "Operating Income": 0,
        "EBIT": 0,
        "Net Income": 0
    },
    "2009-12-31": {
        "Diluted EPS": -0.26,
        "Total Revenue": 8,
        "Gross Profit": 3,
        "Operating Income": -1,
        "EBIT": -1,
        "Net Income": -1
    },
    "2009-09-30": {
        "Diluted EPS": -0.35,
        "Total Revenue": 7,
        "Gross Profit": 3,
        "Operating Income": -1,
        "EBIT": -1,
        "Net Income": -2
    },
    "2009-06-30": {
        "Diluted EPS": 0.01,
        "Total Revenue": 10,
        "Gross Profit": 4,
        "Operating Income": 0,
        "EBIT": 0,
        "Net Income": 0
    },
    "2009-03-31": {
        "Diluted EPS": 0.14,
        "Total Revenue": 11,
        "Gross Profit": 5,
        "Operating Income": 1,
        "EBIT": 1,
        "Net Income": 1
    },
    "2023-06-30": {
        "Tax Effect Of Unusual Items": NaN,
        "Tax Rate For Calcs": NaN,
        "Normalized EBITDA": NaN,
        "Total Unusual Items": NaN,
        "Total Unusual Items Excluding Goodwill": NaN,
        "Net Income From Continuing Operation Net Minority Interest": NaN,
        "Reconciled Depreciation": NaN,
        "Reconciled Cost Of Revenue": NaN,
        "EBITDA": NaN,
        "EBIT": NaN,
        "Net Interest Income": NaN,
        "Interest Expense": NaN,
        "Normalized Income": NaN,
        "Net Income From Continuing And Discontinued Operation": NaN,
        "Total Expenses": NaN,
        "Total Operating Income As Reported": NaN,
        "Diluted Average Shares": NaN,
        "Basic Average Shares": NaN,
        "Diluted EPS": NaN,
        "Basic EPS": NaN,
        "Diluted NI Availto Com Stockholders": NaN,
        "Net Income Common Stockholders": NaN,
        "Otherunder Preferred Stock Dividend": NaN,
        "Preferred Stock Dividends": NaN,
        "Net Income": NaN,
        "Minority Interests": NaN,
        "Net Income Including Noncontrolling Interests": NaN,
        "Net Income Continuous Operations": NaN,
        "Tax Provision": NaN,
        "Pretax Income": NaN,
        "Other Income Expense": NaN,
        "Other Non Operating Income Expenses": 280.0,
        "Gain On Sale Of Security": NaN,
        "Net Non Operating Interest Income Expense": NaN,
        "Interest Expense Non Operating": NaN,
        "Operating Income": NaN,
        "Operating Expense": NaN,
        "Research And Development": NaN,
        "Selling General And Administration": NaN,
        "Gross Profit": NaN,
        "Cost Of Revenue": NaN,
        "Total Revenue": NaN,
        "Operating Revenue": NaN
    },
    "2023-09-30": {
        "Tax Effect Of Unusual Items": NaN,
        "Tax Rate For Calcs": NaN,
        "Normalized EBITDA": NaN,
        "Total Unusual Items": NaN,
        "Total Unusual Items Excluding Goodwill": NaN,
        "Net Income From Continuing Operation Net Minority Interest": NaN,
        "Reconciled Depreciation": NaN,
        "Reconciled Cost Of Revenue": NaN,
        "EBITDA": NaN,
        "EBIT": NaN,
        "Net Interest Income": NaN,
        "Interest Expense": NaN,
        "Normalized Income": NaN,
        "Net Income From Continuing And Discontinued Operation": NaN,
        "Total Expenses": NaN,
        "Total Operating Income As Reported": NaN,
        "Diluted Average Shares": 6563000.0,
        "Basic Average Shares": 6408000.0,
        "Diluted EPS": 0.59,
        "Basic EPS": 0.6,
        "Diluted NI Availto Com Stockholders": NaN,
        "Net Income Common Stockholders": NaN,
        "Otherunder Preferred Stock Dividend": NaN,
        "Preferred Stock Dividends": NaN,
        "Net Income": NaN,
        "Minority Interests": NaN,
        "Net Income Including Noncontrolling Interests": NaN,
        "Net Income Continuous Operations": NaN,
        "Tax Provision": NaN,
        "Pretax Income": NaN,
        "Other Income Expense": NaN,
        "Other Non Operating Income Expenses": NaN,
        "Gain On Sale Of Security": NaN,
        "Net Non Operating Interest Income Expense": NaN,
        "Interest Expense Non Operating": NaN,
        "Operating Income": NaN,
        "Operating Expense": NaN,
        "Research And Development": NaN,
        "Selling General And Administration": NaN,
        "Gross Profit": NaN,
        "Cost Of Revenue": NaN,
        "Total Revenue": NaN,
        "Operating Revenue": NaN
    },
    "2023-12-31": {
        "Tax Effect Of Unusual Items": NaN,
        "Tax Rate For Calcs": NaN,
        "Normalized EBITDA": NaN,
        "Total Unusual Items": NaN,
        "Total Unusual Items Excluding Goodwill": NaN,
        "Net Income From Continuing Operation Net Minority Interest": NaN,
        "Reconciled Depreciation": NaN,
        "Reconciled Cost Of Revenue": NaN,
        "EBITDA": NaN,
        "EBIT": NaN,
        "Net Interest Income": NaN,
        "Interest Expense": NaN,
        "Normalized Income": NaN,
        "Net Income From Continuing And Discontinued Operation": NaN,
        "Total Expenses": NaN,
        "Total Operating Income As Reported": NaN,
        "Diluted Average Shares": 6565000.0,
        "Basic Average Shares": 6437000.0,
        "Diluted EPS": 0.54,
        "Basic EPS": 0.55,
        "Diluted NI Availto Com Stockholders": NaN,
        "Net Income Common Stockholders": NaN,
        "Otherunder Preferred Stock Dividend": NaN,
        "Preferred Stock Dividends": NaN,
        "Net Income": NaN,
        "Minority Interests": NaN,
        "Net Income Including Noncontrolling Interests": NaN,
        "Net Income Continuous Operations": NaN,
        "Tax Provision": NaN,
        "Pretax Income": NaN,
        "Other Income Expense": NaN,
        "Other Non Operating Income Expenses": NaN,
        "Gain On Sale Of Security": NaN,
        "Net Non Operating Interest Income Expense": NaN,
        "Interest Expense Non Operating": NaN,
        "Operating Income": NaN,
        "Operating Expense": NaN,
        "Research And Development": NaN,
        "Selling General And Administration": NaN,
        "Gross Profit": NaN,
        "Cost Of Revenue": NaN,
        "Total Revenue": NaN,
        "Operating Revenue": NaN
    },
    "2024-03-31": {
        "Tax Effect Of Unusual Items": 115290.0,
        "Tax Rate For Calcs": 0.21,
        "Normalized EBITDA": 4922000.0,
        "Total Unusual Items": 549000.0,
        "Total Unusual Items Excluding Goodwill": 549000.0,
        "Net Income From Continuing Operation Net Minority Interest": 1872000.0,
        "Reconciled Depreciation": 1131000.0,
        "Reconciled Cost Of Revenue": 13965000.0,
        "EBITDA": 5471000.0,
        "EBIT": 4340000.0,
        "Net Interest Income": -9000.0,
        "Interest Expense": 9000.0,
        "Normalized Income": 1438290.0,
        "Net Income From Continuing And Discontinued Operation": 1872000.0,
        "Total Expenses": 21972000.0,
        "Total Operating Income As Reported": 3746000.0,
        "Diluted Average Shares": 6463000.0,
        "Basic Average Shares": 6335000.0,
        "Diluted EPS": 0.27,
        "Basic EPS": 0.28,
        "Diluted NI Availto Com Stockholders": 1755000.0,
        "Net Income Common Stockholders": 1755000.0,
        "Otherunder Preferred Stock Dividend": 30000.0,
        "Preferred Stock Dividends": 87000.0,
        "Net Income": 1872000.0,
        "Minority Interests": -611000.0,
        "Net Income Including Noncontrolling Interests": 2483000.0,
        "Net Income Continuous Operations": 2483000.0,
        "Tax Provision": 1848000.0,
        "Pretax Income": 4331000.0,
        "Other Income Expense": 594000.0,
        "Other Non Operating Income Expenses": 45000.0,
        "Gain On Sale Of Security": 549000.0,
        "Net Non Operating Interest Income Expense": -9000.0,
        "Interest Expense Non Operating": 9000.0,
        "Operating Income": 3746000.0,
        "Operating Expense": 8007000.0,
        "Research And Development": 414000.0,
        "Selling General And Administration": 7593000.0,
        "Gross Profit": 11753000.0,
        "Cost Of Revenue": 13965000.0,
        "Total Revenue": 25718000.0,
        "Operating Revenue": 25718000.0
    },
    "2024-06-30": {
        "Tax Effect Of Unusual Items": 83646.793772,
        "Tax Rate For Calcs": 0.148468,
        "Normalized EBITDA": 3444167.0,
        "Total Unusual Items": 563398.0,
        "Total Unusual Items Excluding Goodwill": 563398.0,
        "Net Income From Continuing Operation Net Minority Interest": 830396.0,
        "Reconciled Depreciation": 2078183.0,
        "Reconciled Cost Of Revenue": 15348044.0,
        "EBITDA": 4007565.0,
        "EBIT": 1929382.0,
        "Net Interest Income": -9997.0,
        "Interest Expense": 9997.0,
        "Normalized Income": 350644.793772,
        "Net Income From Continuing And Discontinued Operation": 830396.0,
        "Total Expenses": 24609725.0,
        "Total Operating Income As Reported": 1333364.0,
        "Diluted Average Shares": NaN,
        "Basic Average Shares": NaN,
        "Diluted EPS": NaN,
        "Basic EPS": NaN,
        "Diluted NI Availto Com Stockholders": 778920.0,
        "Net Income Common Stockholders": 778920.0,
        "Otherunder Preferred Stock Dividend": 12700.0,
        "Preferred Stock Dividends": 38776.0,
        "Net Income": 830396.0,
        "Minority Interests": -804021.0,
        "Net Income Including Noncontrolling Interests": 1634417.0,
        "Net Income Continuous Operations": 1634417.0,
        "Tax Provision": 284968.0,
        "Pretax Income": 1919385.0,
        "Other Income Expense": 596018.0,
        "Other Non Operating Income Expenses": 32620.0,
        "Gain On Sale Of Security": 563398.0,
        "Net Non Operating Interest Income Expense": -9997.0,
        "Interest Expense Non Operating": 9997.0,
        "Operating Income": 1333364.0,
        "Operating Expense": 9261681.0,
        "Research And Development": 438949.0,
        "Selling General And Administration": 8822732.0,
        "Gross Profit": 10595045.0,
        "Cost Of Revenue": 15348044.0,
        "Total Revenue": 25943089.0,
        "Operating Revenue": 25943089.0
    },
    "2024-09-30": {
        "Tax Effect Of Unusual Items": 155143.455896,
        "Tax Rate For Calcs": 0.23795,
        "Normalized EBITDA": 6701000.0,
        "Total Unusual Items": 652000.0,
        "Total Unusual Items Excluding Goodwill": 652000.0,
        "Net Income From Continuing Operation Net Minority Interest": 3135000.0,
        "Reconciled Depreciation": 2096000.0,
        "Reconciled Cost Of Revenue": 14917000.0,
        "EBITDA": 7353000.0,
        "EBIT": 5257000.0,
        "Net Interest Income": -8000.0,
        "Interest Expense": 8000.0,
        "Normalized Income": 2638143.455896,
        "Net Income From Continuing And Discontinued Operation": 3135000.0,
        "Total Expenses": 20354000.0,
        "Total Operating Income As Reported": 4606000.0,
        "Diluted Average Shares": 6432000.0,
        "Basic Average Shares": 6304000.0,
        "Diluted EPS": 0.46,
        "Basic EPS": 0.47,
        "Diluted NI Availto Com Stockholders": 2939000.0,
        "Net Income Common Stockholders": 2939000.0,
        "Otherunder Preferred Stock Dividend": 50000.0,
        "Preferred Stock Dividends": 146000.0,
        "Net Income": 3135000.0,
        "Minority Interests": -865000.0,
        "Net Income Including Noncontrolling Interests": 4000000.0,
        "Net Income Continuous Operations": 4000000.0,
        "Tax Provision": 1249000.0,
        "Pretax Income": 5249000.0,
        "Other Income Expense": 651000.0,
        "Other Non Operating Income Expenses": -1000.0,
        "Gain On Sale Of Security": 652000.0,
        "Net Non Operating Interest Income Expense": -8000.0,
        "Interest Expense Non Operating": 8000.0,
        "Operating Income": 4606000.0,
        "Operating Expense": 5437000.0,
        "Research And Development": 307000.0,
        "Selling General And Administration": 5130000.0,
        "Gross Profit": 10043000.0,
        "Cost Of Revenue": 14917000.0,
        "Total Revenue": 24960000.0,
        "Operating Revenue": 24960000.0
    },
    "2024-12-31": {
        "Tax Effect Of Unusual Items": 137915.065723,
        "Tax Rate For Calcs": 0.256825,
        "Normalized EBITDA": 2638000.0,
        "Total Unusual Items": 537000.0,
        "Total Unusual Items Excluding Goodwill": 537000.0,
        "Net Income From Continuing Operation Net Minority Interest": 1964000.0,
        "Reconciled Depreciation": 202000.0,
        "Reconciled Cost Of Revenue": 15212000.0,
        "EBITDA": 3175000.0,
        "EBIT": 2973000.0,
        "Net Interest Income": -6000.0,
        "Interest Expense": 6000.0,
        "Normalized Income": 1564915.065723,
        "Net Income From Continuing And Discontinued Operation": 1964000.0,
        "Total Expenses": 22515000.0,
        "Total Operating Income As Reported": 2435000.0,
        "Diluted Average Shares": 6431000.0,
        "Basic Average Shares": 6303000.0,
        "Diluted EPS": 0.29,
        "Basic EPS": 0.29,
        "Diluted NI Availto Com Stockholders": 1840000.0,
        "Net Income Common Stockholders": 1840000.0,
        "Otherunder Preferred Stock Dividend": 31000.0,
        "Preferred Stock Dividends": 93000.0,
        "Net Income": 1964000.0,
        "Minority Interests": -241000.0,
        "Net Income Including Noncontrolling Interests": 2205000.0,
        "Net Income Continuous Operations": 2205000.0,
        "Tax Provision": 762000.0,
        "Pretax Income": 2967000.0,
        "Other Income Expense": 538000.0,
        "Other Non Operating Income Expenses": 1000.0,
        "Gain On Sale Of Security": 537000.0,
        "Net Non Operating Interest Income Expense": -6000.0,
        "Interest Expense Non Operating": 6000.0,
        "Operating Income": 2435000.0,
        "Operating Expense": 7303000.0,
        "Research And Development": 376000.0,
        "Selling General And Administration": 6927000.0,
        "Gross Profit": 9738000.0,
        "Cost Of Revenue": 15212000.0,
        "Total Revenue": 24950000.0,
        "Operating Revenue": 24950000.0
    },
    "2025-03-31": {
        "Tax Effect Of Unusual Items": 115945.762712,
        "Tax Rate For Calcs": 0.243584,
        "Normalized EBITDA": 4899000.0,
        "Total Unusual Items": 476000.0,
        "Total Unusual Items Excluding Goodwill": 476000.0,
        "Net Income From Continuing Operation Net Minority Interest": 2506000.0,
        "Reconciled Depreciation": 1238000.0,
        "Reconciled Cost Of Revenue": 15071000.0,
        "EBITDA": 5375000.0,
        "EBIT": 4137000.0,
        "Net Interest Income": -7000.0,
        "Interest Expense": 7000.0,
        "Normalized Income": 2145945.762712,
        "Net Income From Continuing And Discontinued Operation": 2506000.0,
        "Total Expenses": 23503000.0,
        "Total Operating Income As Reported": 3662000.0,
        "Diluted Average Shares": 6296000.0,
        "Basic Average Shares": 6168000.0,
        "Diluted EPS": 0.37,
        "Basic EPS": 0.38,
        "Diluted NI Availto Com Stockholders": 2347000.0,
        "Net Income Common Stockholders": 2347000.0,
        "Otherunder Preferred Stock Dividend": 40000.0,
        "Preferred Stock Dividends": 119000.0,
        "Net Income": 2506000.0,
        "Minority Interests": -618000.0,
        "Net Income Including Noncontrolling Interests": 3124000.0,
        "Net Income Continuous Operations": 3124000.0,
        "Tax Provision": 1006000.0,
        "Pretax Income": 4130000.0,
        "Other Income Expense": 475000.0,
        "Other Non Operating Income Expenses": -1000.0,
        "Gain On Sale Of Security": 476000.0,
        "Net Non Operating Interest Income Expense": -7000.0,
        "Interest Expense Non Operating": 7000.0,
        "Operating Income": 3662000.0,
        "Operating Expense": 8432000.0,
        "Research And Development": 441000.0,
        "Selling General And Administration": 7991000.0,
        "Gross Profit": 12094000.0,
        "Cost Of Revenue": 15071000.0,
        "Total Revenue": 27165000.0,
        "Operating Revenue": 27165000.0
    }
}