{
    "2023-03-31": {
        "Tax Effect Of Unusual Items": -2995600.0,
        "Tax Rate For Calcs": 0.4,
        "Normalized EBITDA": -16087000.0,
        "Total Unusual Items": -7489000.0,
        "Total Unusual Items Excluding Goodwill": -7489000.0,
        "Net Income From Continuing Operation Net Minority Interest": -25436000.0,
        "Reconciled Depreciation": 256000.0,
        "Reconciled Cost Of Revenue": 11800000.0,
        "EBIT": -23832000.0,
        "Net Interest Income": -1135000.0,
        "Interest Expense": 1135000.0,
        "Normalized Income": -20942600.0,
        "Net Income From Continuing And Discontinued Operation": -25436000.0,
        "Total Expenses": 81322000.0,
        "Total Operating Income As Reported": -25126000.0,
        "Diluted Average Shares": 87463000.0,
        "Basic Average Shares": 87463000.0,
        "Diluted EPS": -0.29,
        "Basic EPS": -0.29,
        "Diluted NI Availto Com Stockholders": -25436000.0,
        "Net Income Common Stockholders": -25436000.0,
        "Net Income": -25436000.0,
        "Net Income Including Noncontrolling Interests": -25436000.0,
        "Net Income Continuous Operations": -25436000.0,
        "Tax Provision": 469000.0,
        "Pretax Income": -24967000.0,
        "Other Income Expense": -5653000.0,
        "Other Non Operating Income Expenses": 1836000.0,
        "Special Income Charges": -6947000.0,
        "Restructuring And Mergern Acquisition": 6947000.0,
        "Gain On Sale Of Security": -542000.0,
        "Net Non Operating Interest Income Expense": -1135000.0,
        "Interest Expense Non Operating": 1135000.0,
        "Operating Income": -18179000.0,
        "Operating Expense": 69522000.0,
        "Research And Development": 17203000.0,
        "Selling General And Administration": 52319000.0,
        "Selling And Marketing Expense": 36451000.0,
        "General And Administrative Expense": 15868000.0,
        "Other Gand A": 15868000.0,
        "Salaries And Wages": NaN,
        "Gross Profit": 51343000.0,
        "Cost Of Revenue": 11800000.0,
        "Total Revenue": 63143000.0,
        "Operating Revenue": 63143000.0
    },
    "2022-12-31": {
        "Tax Effect Of Unusual Items": -1950000.0,
        "Tax Rate For Calcs": 0.4,
        "Normalized EBITDA": -9889000.0,
        "Total Unusual Items": -4875000.0,
        "Total Unusual Items Excluding Goodwill": -4875000.0,
        "Net Income From Continuing Operation Net Minority Interest": -16494000.0,
        "Reconciled Depreciation": 252000.0,
        "Reconciled Cost Of Revenue": 11945000.0,
        "EBIT": -15016000.0,
        "Net Interest Income": -903000.0,
        "Interest Expense": 903000.0,
        "Normalized Income": -13569000.0,
        "Net Income From Continuing And Discontinued Operation": -16494000.0,
        "Total Expenses": 75570000.0,
        "Total Operating Income As Reported": -15856000.0,
        "Diluted Average Shares": 86076000.0,
        "Basic Average Shares": 86076000.0,
        "Diluted EPS": -0.19,
        "Basic EPS": -0.19,
        "Diluted NI Availto Com Stockholders": -16494000.0,
        "Net Income Common Stockholders": -16494000.0,
        "Net Income": -16494000.0,
        "Net Income Including Noncontrolling Interests": -16494000.0,
        "Net Income Continuous Operations": -16494000.0,
        "Tax Provision": 575000.0,
        "Pretax Income": -15919000.0,
        "Other Income Expense": -2969000.0,
        "Other Non Operating Income Expenses": 1906000.0,
        "Special Income Charges": -3809000.0,
        "Restructuring And Mergern Acquisition": 3809000.0,
        "Gain On Sale Of Security": -1066000.0,
        "Net Non Operating Interest Income Expense": -903000.0,
        "Interest Expense Non Operating": 903000.0,
        "Operating Income": -12047000.0,
        "Operating Expense": 63625000.0,
        "Research And Development": 16138000.0,
        "Selling General And Administration": 47487000.0,
        "Selling And Marketing Expense": 32793000.0,
        "General And Administrative Expense": 14694000.0,
        "Other Gand A": 14694000.0,
        "Salaries And Wages": NaN,
        "Gross Profit": 51578000.0,
        "Cost Of Revenue": 11945000.0,
        "Total Revenue": 63523000.0,
        "Operating Revenue": 63523000.0
    },
    "2022-09-30": {
        "Tax Effect Of Unusual Items": -76400.0,
        "Tax Rate For Calcs": 0.4,
        "Normalized EBITDA": -9438000.0,
        "Total Unusual Items": -191000.0,
        "Total Unusual Items Excluding Goodwill": -191000.0,
        "Net Income From Continuing Operation Net Minority Interest": -10938000.0,
        "Reconciled Depreciation": 263000.0,
        "Reconciled Cost Of Revenue": 9564000.0,
        "EBIT": -9892000.0,
        "Net Interest Income": -894000.0,
        "Interest Expense": 894000.0,
        "Normalized Income": -10823400.0,
        "Net Income From Continuing And Discontinued Operation": -10938000.0,
        "Total Expenses": 68642000.0,
        "Total Operating Income As Reported": -12786000.0,
        "Diluted Average Shares": 85085000.0,
        "Basic Average Shares": 85085000.0,
        "Diluted EPS": -0.13,
        "Basic EPS": -0.13,
        "Diluted NI Availto Com Stockholders": -10938000.0,
        "Net Income Common Stockholders": -10938000.0,
        "Net Income": -10938000.0,
        "Net Income Including Noncontrolling Interests": -10938000.0,
        "Net Income Continuous Operations": -10938000.0,
        "Tax Provision": 152000.0,
        "Pretax Income": -10786000.0,
        "Other Income Expense": 530000.0,
        "Other Non Operating Income Expenses": 721000.0,
        "Special Income Charges": -2364000.0,
        "Restructuring And Mergern Acquisition": 2364000.0,
        "Gain On Sale Of Security": 2173000.0,
        "Net Non Operating Interest Income Expense": -894000.0,
        "Interest Expense Non Operating": 894000.0,
        "Operating Income": -10422000.0,
        "Operating Expense": 59078000.0,
        "Research And Development": 15554000.0,
        "Selling General And Administration": 43524000.0,
        "Selling And Marketing Expense": 28973000.0,
        "General And Administrative Expense": 14551000.0,
        "Other Gand A": 14551000.0,
        "Salaries And Wages": NaN,
        "Gross Profit": 48656000.0,
        "Cost Of Revenue": 9564000.0,
        "Total Revenue": 58220000.0,
        "Operating Revenue": 58220000.0
    },
    "2022-06-30": {
        "Tax Effect Of Unusual Items": 410400.0,
        "Tax Rate For Calcs": 0.4,
        "Normalized EBITDA": -22026000.0,
        "Total Unusual Items": 1026000.0,
        "Total Unusual Items Excluding Goodwill": 1026000.0,
        "Net Income From Continuing Operation Net Minority Interest": -22370000.0,
        "Reconciled Depreciation": 269000.0,
        "Reconciled Cost Of Revenue": 9327000.0,
        "EBIT": -21000000.0,
        "Net Interest Income": -881000.0,
        "Interest Expense": 881000.0,
        "Normalized Income": -22985600.0,
        "Net Income From Continuing And Discontinued Operation": -22370000.0,
        "Total Expenses": 69978000.0,
        "Total Operating Income As Reported": -22301000.0,
        "Diluted Average Shares": 84445000.0,
        "Basic Average Shares": 84445000.0,
        "Diluted EPS": -0.26,
        "Basic EPS": -0.26,
        "Diluted NI Availto Com Stockholders": -22370000.0,
        "Net Income Common Stockholders": -22370000.0,
        "Net Income": -22370000.0,
        "Net Income Including Noncontrolling Interests": -22370000.0,
        "Net Income Continuous Operations": -22370000.0,
        "Tax Provision": 489000.0,
        "Pretax Income": -21881000.0,
        "Other Income Expense": 1301000.0,
        "Other Non Operating Income Expenses": 275000.0,
        "Special Income Charges": NaN,
        "Restructuring And Mergern Acquisition": NaN,
        "Gain On Sale Of Security": 1026000.0,
        "Net Non Operating Interest Income Expense": -881000.0,
        "Interest Expense Non Operating": 881000.0,
        "Operating Income": -22301000.0,
        "Operating Expense": 60651000.0,
        "Research And Development": 15666000.0,
        "Selling General And Administration": 44985000.0,
        "Selling And Marketing Expense": 30050000.0,
        "General And Administrative Expense": 14935000.0,
        "Other Gand A": 14935000.0,
        "Salaries And Wages": NaN,
        "Gross Profit": 38350000.0,
        "Cost Of Revenue": 9327000.0,
        "Total Revenue": 47677000.0,
        "Operating Revenue": 47677000.0
    },
    "2022-03-31": {
        "Diluted EPS": -0.2,
        "Total Revenue": 48,
        "Gross Profit": 39,
        "Operating Income": -16,
        "EBIT": -11,
        "Net Income": -16
    },
    "2021-12-31": {
        "Diluted EPS": 0.11,
        "Total Revenue": 48,
        "Gross Profit": 38,
        "Operating Income": -10,
        "EBIT": -6,
        "Net Income": -12
    },
    "2021-09-30": {
        "Diluted EPS": -0.44,
        "Total Revenue": 44,
        "Gross Profit": 36,
        "Operating Income": -9,
        "EBIT": -5,
        "Net Income": -15
    },
    "2021-06-30": {
        "Diluted EPS": -0.4,
        "Total Revenue": 44,
        "Gross Profit": 36,
        "Operating Income": -5,
        "EBIT": 0,
        "Net Income": -10
    },
    "2021-03-31": {
        "Diluted EPS": -0.41,
        "Total Revenue": 41,
        "Gross Profit": 34,
        "Operating Income": -5,
        "EBIT": -1,
        "Net Income": -10
    },
    "2020-12-31": {
        "Diluted EPS": 0.0,
        "Total Revenue": NaN,
        "Gross Profit": NaN,
        "Operating Income": NaN,
        "EBIT": NaN,
        "Net Income": NaN
    },
    "2020-09-30": {
        "Diluted EPS": -0.32,
        "Total Revenue": 32,
        "Gross Profit": 27,
        "Operating Income": -7,
        "EBIT": -7,
        "Net Income": -8
    },
    "2019-12-31": {
        "Diluted EPS": 0.0,
        "Total Revenue": NaN,
        "Gross Profit": NaN,
        "Operating Income": NaN,
        "EBIT": NaN,
        "Net Income": NaN
    },
    "2023-06-30": {
        "Tax Effect Of Unusual Items": -1803200.0,
        "Tax Rate For Calcs": 0.4,
        "Normalized EBITDA": -22782000.0,
        "Total Unusual Items": -4508000.0,
        "Total Unusual Items Excluding Goodwill": -4508000.0,
        "Net Income From Continuing Operation Net Minority Interest": -28781000.0,
        "Reconciled Depreciation": 247000.0,
        "Reconciled Cost Of Revenue": 13121000.0,
        "EBIT": -27537000.0,
        "Net Interest Income": -875000.0,
        "Interest Expense": 875000.0,
        "Normalized Income": -26076200.0,
        "Net Income From Continuing And Discontinued Operation": -28781000.0,
        "Total Expenses": 84511000.0,
        "Total Operating Income As Reported": -30078000.0,
        "Diluted Average Shares": 88757000.0,
        "Basic Average Shares": 88757000.0,
        "Diluted EPS": -0.32,
        "Basic EPS": -0.32,
        "Diluted NI Availto Com Stockholders": -28781000.0,
        "Net Income Common Stockholders": -28781000.0,
        "Net Income": -28781000.0,
        "Net Income Including Noncontrolling Interests": -28781000.0,
        "Net Income Continuous Operations": -28781000.0,
        "Tax Provision": 369000.0,
        "Pretax Income": -28412000.0,
        "Other Income Expense": -1310000.0,
        "Other Non Operating Income Expenses": 3198000.0,
        "Special Income Charges": -3851000.0,
        "Restructuring And Mergern Acquisition": 3851000.0,
        "Gain On Sale Of Security": -657000.0,
        "Net Non Operating Interest Income Expense": -875000.0,
        "Interest Expense Non Operating": 875000.0,
        "Operating Income": -26227000.0,
        "Operating Expense": 71390000.0,
        "Research And Development": 17515000.0,
        "Selling General And Administration": 53875000.0,
        "Selling And Marketing Expense": 33233000.0,
        "General And Administrative Expense": 20642000.0,
        "Other Gand A": 12294000.0,
        "Salaries And Wages": 8348000.0,
        "Gross Profit": 45163000.0,
        "Cost Of Revenue": 13121000.0,
        "Total Revenue": 58284000.0,
        "Operating Revenue": 58284000.0
    }
}