{
    "2023-03-31": {
        "Tax Effect Of Unusual Items": NaN,
        "Tax Rate For Calcs": NaN,
        "Normalized EBITDA": NaN,
        "Total Unusual Items": NaN,
        "Total Unusual Items Excluding Goodwill": NaN,
        "Net Income From Continuing Operation Net Minority Interest": NaN,
        "Reconciled Depreciation": NaN,
        "Reconciled Cost Of Revenue": NaN,
        "EBITDA": NaN,
        "EBIT": NaN,
        "Net Interest Income": NaN,
        "Interest Income": NaN,
        "Normalized Income": NaN,
        "Net Income From Continuing And Discontinued Operation": NaN,
        "Total Expenses": NaN,
        "Total Operating Income As Reported": NaN,
        "Diluted Average Shares": NaN,
        "Basic Average Shares": NaN,
        "Diluted EPS": NaN,
        "Basic EPS": NaN,
        "Diluted NI Availto Com Stockholders": NaN,
        "Net Income Common Stockholders": NaN,
        "Net Income": NaN,
        "Net Income Including Noncontrolling Interests": NaN,
        "Net Income Continuous Operations": NaN,
        "Tax Provision": NaN,
        "Pretax Income": NaN,
        "Other Income Expense": NaN,
        "Other Non Operating Income Expenses": NaN,
        "Special Income Charges": NaN,
        "Gain On Sale Of Business": NaN,
        "Restructuring And Mergern Acquisition": NaN,
        "Net Non Operating Interest Income Expense": NaN,
        "Total Other Finance Cost": -1276000.0,
        "Interest Income Non Operating": NaN,
        "Operating Income": NaN,
        "Operating Expense": NaN,
        "Depreciation Amortization Depletion Income Statement": NaN,
        "Depreciation And Amortization In Income Statement": NaN,
        "Amortization": NaN,
        "Amortization Of Intangibles Income Statement": NaN,
        "Research And Development": NaN,
        "Selling General And Administration": NaN,
        "Selling And Marketing Expense": NaN,
        "General And Administrative Expense": NaN,
        "Other Gand A": NaN,
        "Salaries And Wages": NaN,
        "Gross Profit": NaN,
        "Cost Of Revenue": NaN,
        "Total Revenue": NaN,
        "Operating Revenue": NaN
    },
    "2022-12-31": {
        "Tax Effect Of Unusual Items": NaN,
        "Tax Rate For Calcs": NaN,
        "Normalized EBITDA": NaN,
        "Total Unusual Items": NaN,
        "Total Unusual Items Excluding Goodwill": NaN,
        "Net Income From Continuing Operation Net Minority Interest": NaN,
        "Reconciled Depreciation": NaN,
        "Reconciled Cost Of Revenue": NaN,
        "EBITDA": NaN,
        "EBIT": NaN,
        "Net Interest Income": NaN,
        "Interest Expense": 116000.0,
        "Interest Income": NaN,
        "Normalized Income": NaN,
        "Net Income From Continuing And Discontinued Operation": NaN,
        "Total Expenses": NaN,
        "Total Operating Income As Reported": NaN,
        "Diluted Average Shares": NaN,
        "Basic Average Shares": NaN,
        "Diluted EPS": NaN,
        "Basic EPS": NaN,
        "Diluted NI Availto Com Stockholders": NaN,
        "Net Income Common Stockholders": NaN,
        "Net Income": NaN,
        "Net Income Including Noncontrolling Interests": NaN,
        "Net Income Continuous Operations": NaN,
        "Tax Provision": NaN,
        "Pretax Income": NaN,
        "Other Income Expense": NaN,
        "Other Non Operating Income Expenses": NaN,
        "Special Income Charges": NaN,
        "Gain On Sale Of Business": NaN,
        "Restructuring And Mergern Acquisition": NaN,
        "Net Non Operating Interest Income Expense": NaN,
        "Total Other Finance Cost": NaN,
        "Interest Expense Non Operating": 116000.0,
        "Interest Income Non Operating": NaN,
        "Operating Income": NaN,
        "Operating Expense": NaN,
        "Depreciation Amortization Depletion Income Statement": NaN,
        "Depreciation And Amortization In Income Statement": NaN,
        "Amortization": NaN,
        "Amortization Of Intangibles Income Statement": NaN,
        "Research And Development": NaN,
        "Selling General And Administration": NaN,
        "Selling And Marketing Expense": NaN,
        "General And Administrative Expense": NaN,
        "Other Gand A": NaN,
        "Salaries And Wages": NaN,
        "Gross Profit": NaN,
        "Cost Of Revenue": NaN,
        "Total Revenue": NaN,
        "Operating Revenue": NaN
    },
    "2022-09-30": {
        "Tax Effect Of Unusual Items": NaN,
        "Tax Rate For Calcs": NaN,
        "Normalized EBITDA": NaN,
        "Total Unusual Items": -47000.0,
        "Total Unusual Items Excluding Goodwill": -47000.0,
        "Net Income From Continuing Operation Net Minority Interest": NaN,
        "Reconciled Depreciation": NaN,
        "Reconciled Cost Of Revenue": NaN,
        "EBITDA": NaN,
        "EBIT": NaN,
        "Net Interest Income": NaN,
        "Interest Expense": 152000.0,
        "Interest Income": NaN,
        "Normalized Income": NaN,
        "Net Income From Continuing And Discontinued Operation": NaN,
        "Total Expenses": NaN,
        "Total Operating Income As Reported": NaN,
        "Diluted Average Shares": NaN,
        "Basic Average Shares": NaN,
        "Diluted EPS": NaN,
        "Basic EPS": NaN,
        "Diluted NI Availto Com Stockholders": NaN,
        "Net Income Common Stockholders": NaN,
        "Net Income": NaN,
        "Net Income Including Noncontrolling Interests": NaN,
        "Net Income Continuous Operations": NaN,
        "Tax Provision": NaN,
        "Pretax Income": NaN,
        "Other Income Expense": NaN,
        "Other Non Operating Income Expenses": NaN,
        "Special Income Charges": -47000.0,
        "Gain On Sale Of Business": NaN,
        "Restructuring And Mergern Acquisition": 47000.0,
        "Net Non Operating Interest Income Expense": NaN,
        "Total Other Finance Cost": NaN,
        "Interest Expense Non Operating": 152000.0,
        "Interest Income Non Operating": NaN,
        "Operating Income": NaN,
        "Operating Expense": NaN,
        "Depreciation Amortization Depletion Income Statement": 1530000.0,
        "Depreciation And Amortization In Income Statement": 1530000.0,
        "Amortization": 1530000.0,
        "Amortization Of Intangibles Income Statement": 1530000.0,
        "Research And Development": NaN,
        "Selling General And Administration": NaN,
        "Selling And Marketing Expense": 25114000.0,
        "General And Administrative Expense": 4946000.0,
        "Other Gand A": NaN,
        "Salaries And Wages": 4946000.0,
        "Gross Profit": NaN,
        "Cost Of Revenue": NaN,
        "Total Revenue": NaN,
        "Operating Revenue": NaN
    },
    "2022-06-30": {
        "Tax Effect Of Unusual Items": 0.0,
        "Tax Rate For Calcs": 0.093954,
        "Normalized EBITDA": 43016000.0,
        "Net Income From Continuing Operation Net Minority Interest": 30242000.0,
        "Reconciled Depreciation": 9519000.0,
        "Reconciled Cost Of Revenue": 109538000.0,
        "EBITDA": 43016000.0,
        "EBIT": 33497000.0,
        "Net Interest Income": 181000.0,
        "Interest Expense": 119000.0,
        "Interest Income": 300000.0,
        "Normalized Income": 30242000.0,
        "Net Income From Continuing And Discontinued Operation": 30242000.0,
        "Total Expenses": 171261000.0,
        "Total Operating Income As Reported": 32646000.0,
        "Diluted Average Shares": 79210000.0,
        "Basic Average Shares": 77897000.0,
        "Diluted EPS": 0.38,
        "Basic EPS": 0.39,
        "Diluted NI Availto Com Stockholders": 30242000.0,
        "Net Income Common Stockholders": 30242000.0,
        "Net Income": 30242000.0,
        "Net Income Including Noncontrolling Interests": 30242000.0,
        "Net Income Continuous Operations": 30242000.0,
        "Tax Provision": 3136000.0,
        "Pretax Income": 33378000.0,
        "Other Income Expense": 551000.0,
        "Other Non Operating Income Expenses": 551000.0,
        "Net Non Operating Interest Income Expense": 181000.0,
        "Total Other Finance Cost": NaN,
        "Interest Expense Non Operating": 119000.0,
        "Interest Income Non Operating": 300000.0,
        "Operating Income": 32646000.0,
        "Operating Expense": 61723000.0,
        "Research And Development": 28317000.0,
        "Selling General And Administration": 33406000.0,
        "General And Administrative Expense": NaN,
        "Other Gand A": NaN,
        "Salaries And Wages": NaN,
        "Gross Profit": 94369000.0,
        "Cost Of Revenue": 109538000.0,
        "Total Revenue": 203907000.0,
        "Operating Revenue": 203907000.0
    },
    "2023-06-30": {
        "Tax Effect Of Unusual Items": NaN,
        "Tax Rate For Calcs": NaN,
        "Normalized EBITDA": NaN,
        "Total Unusual Items": NaN,
        "Total Unusual Items Excluding Goodwill": NaN,
        "Net Income From Continuing Operation Net Minority Interest": NaN,
        "Reconciled Depreciation": NaN,
        "Reconciled Cost Of Revenue": NaN,
        "EBITDA": NaN,
        "EBIT": NaN,
        "Net Interest Income": NaN,
        "Interest Income": NaN,
        "Normalized Income": NaN,
        "Net Income From Continuing And Discontinued Operation": NaN,
        "Total Expenses": NaN,
        "Total Operating Income As Reported": NaN,
        "Diluted Average Shares": NaN,
        "Basic Average Shares": NaN,
        "Diluted EPS": NaN,
        "Basic EPS": NaN,
        "Diluted NI Availto Com Stockholders": NaN,
        "Net Income Common Stockholders": NaN,
        "Net Income": NaN,
        "Net Income Including Noncontrolling Interests": NaN,
        "Net Income Continuous Operations": NaN,
        "Tax Provision": NaN,
        "Pretax Income": NaN,
        "Other Income Expense": NaN,
        "Other Non Operating Income Expenses": NaN,
        "Special Income Charges": NaN,
        "Gain On Sale Of Business": NaN,
        "Restructuring And Mergern Acquisition": NaN,
        "Net Non Operating Interest Income Expense": NaN,
        "Interest Income Non Operating": NaN,
        "Operating Income": NaN,
        "Operating Expense": NaN,
        "Depreciation Amortization Depletion Income Statement": NaN,
        "Depreciation And Amortization In Income Statement": NaN,
        "Amortization": NaN,
        "Amortization Of Intangibles Income Statement": NaN,
        "Research And Development": NaN,
        "Selling General And Administration": NaN,
        "Selling And Marketing Expense": NaN,
        "General And Administrative Expense": 33255000.0,
        "Other Gand A": 27929000.0,
        "Salaries And Wages": 5326000.0,
        "Gross Profit": NaN,
        "Cost Of Revenue": NaN,
        "Total Revenue": NaN,
        "Operating Revenue": NaN
    },
    "2022-03-31": {
        "Diluted EPS": 0.38,
        "Total Revenue": 197,
        "Gross Profit": 94,
        "Operating Income": 34,
        "EBIT": 44,
        "Net Income": 30
    },
    "2021-12-31": {
        "Diluted EPS": 0.32,
        "Total Revenue": 205,
        "Gross Profit": 90,
        "Operating Income": 32,
        "EBIT": 41,
        "Net Income": 26
    },
    "2021-09-30": {
        "Diluted EPS": 0.26,
        "Total Revenue": 190,
        "Gross Profit": 80,
        "Operating Income": 23,
        "EBIT": 32,
        "Net Income": 20
    },
    "2021-06-30": {
        "Diluted EPS": 0.23,
        "Total Revenue": 188,
        "Gross Profit": 76,
        "Operating Income": 20,
        "EBIT": 34,
        "Net Income": 18
    },
    "2021-03-31": {
        "Diluted EPS": 0.25,
        "Total Revenue": 187,
        "Gross Profit": 77,
        "Operating Income": 23,
        "EBIT": 36,
        "Net Income": 20
    },
    "2020-12-31": {
        "Diluted EPS": 0.24,
        "Total Revenue": 197,
        "Gross Profit": 78,
        "Operating Income": 21,
        "EBIT": 35,
        "Net Income": 19
    },
    "2020-09-30": {
        "Diluted EPS": 0.29,
        "Total Revenue": 178,
        "Gross Profit": 77,
        "Operating Income": 22,
        "EBIT": 34,
        "Net Income": 23
    },
    "2020-06-30": {
        "Diluted EPS": 0.26,
        "Total Revenue": 158,
        "Gross Profit": 66,
        "Operating Income": 22,
        "EBIT": 34,
        "Net Income": 20
    },
    "2020-03-31": {
        "Diluted EPS": 0.2,
        "Total Revenue": 161,
        "Gross Profit": 67,
        "Operating Income": 18,
        "EBIT": 30,
        "Net Income": 16
    },
    "2019-12-31": {
        "Diluted EPS": 0.24,
        "Total Revenue": 179,
        "Gross Profit": 74,
        "Operating Income": 24,
        "EBIT": 35,
        "Net Income": 19
    },
    "2019-09-30": {
        "Diluted EPS": 0.11,
        "Total Revenue": 141,
        "Gross Profit": 55,
        "Operating Income": 9,
        "EBIT": 20,
        "Net Income": 8
    },
    "2019-06-30": {
        "Diluted EPS": 0.09,
        "Total Revenue": 138,
        "Gross Profit": 55,
        "Operating Income": 9,
        "EBIT": 20,
        "Net Income": 7
    },
    "2019-03-31": {
        "Diluted EPS": 0.07,
        "Total Revenue": 132,
        "Gross Profit": 53,
        "Operating Income": 8,
        "EBIT": 19,
        "Net Income": 5
    },
    "2018-12-31": {
        "Diluted EPS": 1.13,
        "Total Revenue": 141,
        "Gross Profit": 56,
        "Operating Income": 12,
        "EBIT": 23,
        "Net Income": 85
    },
    "2018-09-30": {
        "Diluted EPS": 0.1,
        "Total Revenue": 135,
        "Gross Profit": 53,
        "Operating Income": 9,
        "EBIT": 21,
        "Net Income": 8
    },
    "2018-06-30": {
        "Diluted EPS": 0.12,
        "Total Revenue": 136,
        "Gross Profit": 56,
        "Operating Income": 11,
        "EBIT": 22,
        "Net Income": 9
    },
    "2018-03-31": {
        "Diluted EPS": 0.03,
        "Total Revenue": 118,
        "Gross Profit": 45,
        "Operating Income": 4,
        "EBIT": 14,
        "Net Income": 2
    },
    "2017-12-31": {
        "Diluted EPS": 0.07,
        "Total Revenue": 132,
        "Gross Profit": 49,
        "Operating Income": 5,
        "EBIT": 17,
        "Net Income": 6
    },
    "2017-09-30": {
        "Diluted EPS": 0.17,
        "Total Revenue": 144,
        "Gross Profit": 58,
        "Operating Income": 14,
        "EBIT": 25,
        "Net Income": 13
    },
    "2017-06-30": {
        "Diluted EPS": 0.24,
        "Total Revenue": 144,
        "Gross Profit": 62,
        "Operating Income": 20,
        "EBIT": 31,
        "Net Income": 18
    },
    "2017-03-31": {
        "Diluted EPS": 0.07,
        "Total Revenue": 129,
        "Gross Profit": 48,
        "Operating Income": 7,
        "EBIT": 19,
        "Net Income": 5
    },
    "2016-12-31": {
        "Diluted EPS": -0.27,
        "Total Revenue": 124,
        "Gross Profit": 40,
        "Operating Income": -15,
        "EBIT": -1,
        "Net Income": -15
    },
    "2016-09-30": {
        "Diluted EPS": -0.2,
        "Total Revenue": 123,
        "Gross Profit": 27,
        "Operating Income": -13,
        "EBIT": 10,
        "Net Income": -14
    },
    "2016-06-30": {
        "Diluted EPS": 0.61,
        "Total Revenue": 83,
        "Gross Profit": 25,
        "Operating Income": -7,
        "EBIT": -1,
        "Net Income": 37
    },
    "2016-03-31": {
        "Diluted EPS": -0.24,
        "Total Revenue": 54,
        "Gross Profit": 10,
        "Operating Income": -14,
        "EBIT": -8,
        "Net Income": -14
    },
    "2015-12-31": {
        "Diluted EPS": -0.01,
        "Total Revenue": 72,
        "Gross Profit": 21,
        "Operating Income": -1,
        "EBIT": 5,
        "Net Income": -1
    },
    "2015-09-30": {
        "Diluted EPS": -0.04,
        "Total Revenue": 66,
        "Gross Profit": 18,
        "Operating Income": -3,
        "EBIT": 3,
        "Net Income": -3
    },
    "2015-06-30": {
        "Diluted EPS": 0.01,
        "Total Revenue": 74,
        "Gross Profit": 23,
        "Operating Income": 1,
        "EBIT": 7,
        "Net Income": 1
    },
    "2015-03-31": {
        "Diluted EPS": 0.01,
        "Total Revenue": 71,
        "Gross Profit": 23,
        "Operating Income": -1,
        "EBIT": 5,
        "Net Income": 1
    },
    "2014-12-31": {
        "Diluted EPS": -0.03,
        "Total Revenue": 71,
        "Gross Profit": 21,
        "Operating Income": -3,
        "EBIT": 3,
        "Net Income": -2
    },
    "2014-09-30": {
        "Diluted EPS": 0.0,
        "Total Revenue": 74,
        "Gross Profit": 24,
        "Operating Income": 0,
        "EBIT": 8,
        "Net Income": 0
    },
    "2014-06-30": {
        "Diluted EPS": -0.08,
        "Total Revenue": 67,
        "Gross Profit": 20,
        "Operating Income": -4,
        "EBIT": 4,
        "Net Income": -4
    },
    "2014-03-31": {
        "Diluted EPS": -0.23,
        "Total Revenue": 56,
        "Gross Profit": 12,
        "Operating Income": -12,
        "EBIT": -4,
        "Net Income": -13
    },
    "2013-12-31": {
        "Diluted EPS": -0.33,
        "Total Revenue": 49,
        "Gross Profit": 4,
        "Operating Income": -19,
        "EBIT": -12,
        "Net Income": -19
    },
    "2013-09-30": {
        "Diluted EPS": -0.2,
        "Total Revenue": 68,
        "Gross Profit": 13,
        "Operating Income": -11,
        "EBIT": -3,
        "Net Income": -11
    },
    "2013-06-30": {
        "Diluted EPS": -0.16,
        "Total Revenue": 63,
        "Gross Profit": 16,
        "Operating Income": -9,
        "EBIT": -1,
        "Net Income": -8
    },
    "2013-03-31": {
        "Diluted EPS": -0.37,
        "Total Revenue": 53,
        "Gross Profit": 9,
        "Operating Income": -21,
        "EBIT": -13,
        "Net Income": -20
    },
    "2012-12-31": {
        "Diluted EPS": 0.02,
        "Total Revenue": 48,
        "Gross Profit": -3,
        "Operating Income": -25,
        "EBIT": -16,
        "Net Income": 1
    },
    "2012-09-30": {
        "Diluted EPS": -0.29,
        "Total Revenue": 41,
        "Gross Profit": 8,
        "Operating Income": -15,
        "EBIT": -12,
        "Net Income": -14
    },
    "2012-06-30": {
        "Diluted EPS": -0.08,
        "Total Revenue": 55,
        "Gross Profit": 16,
        "Operating Income": -6,
        "EBIT": -4,
        "Net Income": -4
    },
    "2012-03-31": {
        "Diluted EPS": -0.35,
        "Total Revenue": 35,
        "Gross Profit": 4,
        "Operating Income": -18,
        "EBIT": -15,
        "Net Income": -17
    },
    "2011-12-31": {
        "Diluted EPS": -0.54,
        "Total Revenue": 30,
        "Gross Profit": -5,
        "Operating Income": -28,
        "EBIT": -26,
        "Net Income": -27
    },
    "2011-09-30": {
        "Diluted EPS": -0.2,
        "Total Revenue": 52,
        "Gross Profit": 12,
        "Operating Income": -10,
        "EBIT": -7,
        "Net Income": -10
    },
    "2011-06-30": {
        "Diluted EPS": -0.15,
        "Total Revenue": 47,
        "Gross Profit": 10,
        "Operating Income": -11,
        "EBIT": -8,
        "Net Income": -8
    },
    "2011-03-31": {
        "Diluted EPS": -0.42,
        "Total Revenue": 40,
        "Gross Profit": 4,
        "Operating Income": -21,
        "EBIT": -18,
        "Net Income": -21
    },
    "2010-12-31": {
        "Diluted EPS": -0.4,
        "Total Revenue": 44,
        "Gross Profit": 3,
        "Operating Income": -24,
        "EBIT": -20,
        "Net Income": -20
    },
    "2010-09-30": {
        "Diluted EPS": -1.9,
        "Total Revenue": 47,
        "Gross Profit": -7,
        "Operating Income": -100,
        "EBIT": -92,
        "Net Income": -96
    },
    "2010-06-30": {
        "Diluted EPS": -0.68,
        "Total Revenue": 58,
        "Gross Profit": 4,
        "Operating Income": -34,
        "EBIT": -26,
        "Net Income": -34
    },
    "2010-03-31": {
        "Diluted EPS": -0.77,
        "Total Revenue": 40,
        "Gross Profit": -2,
        "Operating Income": -39,
        "EBIT": -30,
        "Net Income": -38
    },
    "2009-12-31": {
        "Diluted EPS": -0.57,
        "Total Revenue": 33,
        "Gross Profit": -2,
        "Operating Income": -36,
        "EBIT": -27,
        "Net Income": -28
    },
    "2009-09-30": {
        "Diluted EPS": -0.48,
        "Total Revenue": 44,
        "Gross Profit": 8,
        "Operating Income": -24,
        "EBIT": -16,
        "Net Income": -24
    },
    "2009-06-30": {
        "Diluted EPS": -1.33,
        "Total Revenue": 31,
        "Gross Profit": -1,
        "Operating Income": -34,
        "EBIT": -26,
        "Net Income": -66
    },
    "2009-03-31": {
        "Diluted EPS": -0.77,
        "Total Revenue": 27,
        "Gross Profit": -4,
        "Operating Income": -52,
        "EBIT": -44,
        "Net Income": -38
    },
    "2023-09-30": {
        "Tax Effect Of Unusual Items": NaN,
        "Tax Rate For Calcs": NaN,
        "Normalized EBITDA": NaN,
        "Total Unusual Items": NaN,
        "Total Unusual Items Excluding Goodwill": NaN,
        "Net Income From Continuing Operation Net Minority Interest": NaN,
        "Reconciled Depreciation": NaN,
        "Reconciled Cost Of Revenue": NaN,
        "EBITDA": NaN,
        "EBIT": NaN,
        "Net Interest Income": NaN,
        "Interest Income": NaN,
        "Normalized Income": NaN,
        "Net Income From Continuing And Discontinued Operation": NaN,
        "Total Expenses": NaN,
        "Total Operating Income As Reported": NaN,
        "Diluted Average Shares": NaN,
        "Basic Average Shares": NaN,
        "Diluted EPS": NaN,
        "Basic EPS": NaN,
        "Diluted NI Availto Com Stockholders": NaN,
        "Net Income Common Stockholders": NaN,
        "Net Income": NaN,
        "Net Income Including Noncontrolling Interests": NaN,
        "Net Income Continuous Operations": NaN,
        "Tax Provision": NaN,
        "Pretax Income": NaN,
        "Other Income Expense": NaN,
        "Other Non Operating Income Expenses": NaN,
        "Special Income Charges": NaN,
        "Gain On Sale Of Business": NaN,
        "Restructuring And Mergern Acquisition": 0.0,
        "Net Non Operating Interest Income Expense": NaN,
        "Interest Income Non Operating": NaN,
        "Operating Income": NaN,
        "Operating Expense": NaN,
        "Depreciation Amortization Depletion Income Statement": 440000.0,
        "Depreciation And Amortization In Income Statement": 440000.0,
        "Amortization": 440000.0,
        "Amortization Of Intangibles Income Statement": 440000.0,
        "Research And Development": NaN,
        "Selling General And Administration": NaN,
        "Selling And Marketing Expense": 28834000.0,
        "General And Administrative Expense": 6290000.0,
        "Salaries And Wages": 6290000.0,
        "Gross Profit": NaN,
        "Cost Of Revenue": NaN,
        "Total Revenue": NaN,
        "Operating Revenue": NaN
    },
    "2023-12-31": {
        "Tax Effect Of Unusual Items": 5647643.848965,
        "Tax Rate For Calcs": 0.076175,
        "Normalized EBITDA": 15849000.0,
        "Total Unusual Items": 74140000.0,
        "Total Unusual Items Excluding Goodwill": 74140000.0,
        "Net Income From Continuing Operation Net Minority Interest": 75846000.0,
        "Reconciled Depreciation": 2974000.0,
        "Reconciled Cost Of Revenue": 100229000.0,
        "EBITDA": 89989000.0,
        "EBIT": 87015000.0,
        "Net Interest Income": 2376000.0,
        "Interest Income": 2797000.0,
        "Normalized Income": 7353643.848965,
        "Net Income From Continuing And Discontinued Operation": 75846000.0,
        "Total Expenses": 161033000.0,
        "Total Operating Income As Reported": 81270000.0,
        "Diluted Average Shares": 78410000.0,
        "Basic Average Shares": 77684000.0,
        "Diluted EPS": 0.97,
        "Basic EPS": 0.98,
        "Diluted NI Availto Com Stockholders": 75846000.0,
        "Net Income Common Stockholders": 75846000.0,
        "Net Income": 75846000.0,
        "Net Income Including Noncontrolling Interests": 75846000.0,
        "Net Income Continuous Operations": 75846000.0,
        "Tax Provision": 6254000.0,
        "Pretax Income": 82100000.0,
        "Other Income Expense": 72594000.0,
        "Other Non Operating Income Expenses": -1546000.0,
        "Special Income Charges": 74140000.0,
        "Gain On Sale Of Business": NaN,
        "Restructuring And Mergern Acquisition": NaN,
        "Net Non Operating Interest Income Expense": 2376000.0,
        "Interest Income Non Operating": 2797000.0,
        "Operating Income": 7130000.0,
        "Operating Expense": 60804000.0,
        "Depreciation Amortization Depletion Income Statement": NaN,
        "Depreciation And Amortization In Income Statement": NaN,
        "Amortization": NaN,
        "Amortization Of Intangibles Income Statement": NaN,
        "Research And Development": 28166000.0,
        "Selling General And Administration": 36175000.0,
        "Selling And Marketing Expense": NaN,
        "General And Administrative Expense": NaN,
        "Salaries And Wages": NaN,
        "Gross Profit": 67934000.0,
        "Cost Of Revenue": 100229000.0,
        "Total Revenue": 168163000.0,
        "Operating Revenue": 168163000.0
    },
    "2024-03-31": {
        "Tax Effect Of Unusual Items": 2595246.326915,
        "Tax Rate For Calcs": 0.128028,
        "Normalized EBITDA": -11406000.0,
        "Total Unusual Items": 20271000.0,
        "Total Unusual Items Excluding Goodwill": 20271000.0,
        "Net Income From Continuing Operation Net Minority Interest": 21781000.0,
        "Reconciled Depreciation": 7833000.0,
        "Reconciled Cost Of Revenue": 105987000.0,
        "EBITDA": 8865000.0,
        "EBIT": 1032000.0,
        "Net Interest Income": 3156000.0,
        "Interest Income": 3156000.0,
        "Normalized Income": 4105246.326915,
        "Net Income From Continuing And Discontinued Operation": 21781000.0,
        "Total Expenses": 167693000.0,
        "Total Operating Income As Reported": 21303000.0,
        "Diluted Average Shares": 78490000.0,
        "Basic Average Shares": 77452000.0,
        "Diluted EPS": 0.28,
        "Basic EPS": 0.28,
        "Diluted NI Availto Com Stockholders": 21781000.0,
        "Net Income Common Stockholders": 21781000.0,
        "Net Income": 21781000.0,
        "Net Income Including Noncontrolling Interests": 21781000.0,
        "Net Income Continuous Operations": 21781000.0,
        "Tax Provision": 3198000.0,
        "Pretax Income": 24979000.0,
        "Other Income Expense": 20791000.0,
        "Other Non Operating Income Expenses": 520000.0,
        "Special Income Charges": 20271000.0,
        "Gain On Sale Of Business": 20271000.0,
        "Net Non Operating Interest Income Expense": 3156000.0,
        "Interest Income Non Operating": 3156000.0,
        "Operating Income": 1032000.0,
        "Operating Expense": 61706000.0,
        "Research And Development": 28627000.0,
        "Selling General And Administration": 33079000.0,
        "Gross Profit": 62738000.0,
        "Cost Of Revenue": 105987000.0,
        "Total Revenue": 168725000.0,
        "Operating Revenue": 168725000.0
    },
    "2024-06-30": {
        "Tax Effect Of Unusual Items": 31004.316146,
        "Tax Rate For Calcs": 0.100014,
        "Normalized EBITDA": 25162000.0,
        "Total Unusual Items": 310000.0,
        "Total Unusual Items Excluding Goodwill": 310000.0,
        "Net Income From Continuing Operation Net Minority Interest": 19392000.0,
        "Reconciled Depreciation": 8010000.0,
        "Reconciled Cost Of Revenue": 110574000.0,
        "EBITDA": 25472000.0,
        "EBIT": 17462000.0,
        "Net Interest Income": 3415000.0,
        "Interest Income": 3415000.0,
        "Normalized Income": 19113004.316146,
        "Net Income From Continuing And Discontinued Operation": 19392000.0,
        "Total Expenses": 180012000.0,
        "Total Operating Income As Reported": 17772000.0,
        "Diluted Average Shares": 78717000.0,
        "Basic Average Shares": 77235000.0,
        "Diluted EPS": 0.25,
        "Basic EPS": 0.25,
        "Diluted NI Availto Com Stockholders": 19392000.0,
        "Net Income Common Stockholders": 19392000.0,
        "Net Income": 19392000.0,
        "Net Income Including Noncontrolling Interests": 19392000.0,
        "Net Income Continuous Operations": 19392000.0,
        "Earnings From Equity Interest Net Of Tax": 0.0,
        "Tax Provision": 2155000.0,
        "Pretax Income": 21547000.0,
        "Other Income Expense": 670000.0,
        "Other Non Operating Income Expenses": 360000.0,
        "Special Income Charges": 310000.0,
        "Gain On Sale Of Business": 310000.0,
        "Net Non Operating Interest Income Expense": 3415000.0,
        "Interest Income Non Operating": 3415000.0,
        "Operating Income": 17462000.0,
        "Operating Expense": 69438000.0,
        "Research And Development": 31564000.0,
        "Selling General And Administration": 37874000.0,
        "Gross Profit": 86900000.0,
        "Cost Of Revenue": 110574000.0,
        "Total Revenue": 197474000.0,
        "Operating Revenue": 197474000.0
    },
    "2024-09-30": {
        "Tax Effect Of Unusual Items": 0.0,
        "Tax Rate For Calcs": 0.106,
        "Normalized EBITDA": 26129000.0,
        "Total Unusual Items": 0.0,
        "Total Unusual Items Excluding Goodwill": 0.0,
        "Net Income From Continuing Operation Net Minority Interest": 18736000.0,
        "Reconciled Depreciation": 8274000.0,
        "Reconciled Cost Of Revenue": 123212000.0,
        "EBITDA": 26129000.0,
        "EBIT": 17855000.0,
        "Net Interest Income": 3650000.0,
        "Interest Income": 3650000.0,
        "Normalized Income": 18736000.0,
        "Net Income From Continuing And Discontinued Operation": 18736000.0,
        "Total Expenses": 190062000.0,
        "Total Operating Income As Reported": 17855000.0,
        "Diluted Average Shares": 78439000.0,
        "Basic Average Shares": 77406000.0,
        "Diluted EPS": 0.24,
        "Basic EPS": 0.24,
        "Diluted NI Availto Com Stockholders": 18736000.0,
        "Net Income Common Stockholders": 18736000.0,
        "Net Income": 18736000.0,
        "Net Income Including Noncontrolling Interests": 18736000.0,
        "Net Income Continuous Operations": 18736000.0,
        "Earnings From Equity Interest Net Of Tax": NaN,
        "Tax Provision": 2211000.0,
        "Pretax Income": 20947000.0,
        "Other Income Expense": -558000.0,
        "Other Non Operating Income Expenses": -558000.0,
        "Special Income Charges": 0.0,
        "Gain On Sale Of Business": 0.0,
        "Net Non Operating Interest Income Expense": 3650000.0,
        "Interest Income Non Operating": 3650000.0,
        "Operating Income": 17855000.0,
        "Operating Expense": 66850000.0,
        "Research And Development": 31243000.0,
        "Selling General And Administration": 35607000.0,
        "Gross Profit": 84705000.0,
        "Cost Of Revenue": 123212000.0,
        "Total Revenue": 207917000.0,
        "Operating Revenue": 207917000.0
    },
    "2024-12-31": {
        "Tax Effect Of Unusual Items": 0.0,
        "Tax Rate For Calcs": 0.187118,
        "Normalized EBITDA": 52267000.0,
        "Total Unusual Items": 0.0,
        "Total Unusual Items Excluding Goodwill": 0.0,
        "Net Income From Continuing Operation Net Minority Interest": 9705000.0,
        "Reconciled Depreciation": 8786000.0,
        "Reconciled Cost Of Revenue": 115903000.0,
        "EBITDA": 52267000.0,
        "EBIT": 43481000.0,
        "Net Interest Income": 3472000.0,
        "Interest Income": 3890000.0,
        "Normalized Income": 9705000.0,
        "Net Income From Continuing And Discontinued Operation": 9705000.0,
        "Total Expenses": 181633000.0,
        "Total Operating Income As Reported": 7850000.0,
        "Diluted Average Shares": 77982000.0,
        "Basic Average Shares": 77267000.0,
        "Diluted EPS": 0.12,
        "Basic EPS": 0.13,
        "Diluted NI Availto Com Stockholders": 9705000.0,
        "Net Income Common Stockholders": 9705000.0,
        "Net Income": 9705000.0,
        "Net Income Including Noncontrolling Interests": 9705000.0,
        "Net Income Continuous Operations": 9705000.0,
        "Earnings From Equity Interest Net Of Tax": NaN,
        "Tax Provision": 2234000.0,
        "Pretax Income": 11939000.0,
        "Other Income Expense": 617000.0,
        "Other Non Operating Income Expenses": 617000.0,
        "Special Income Charges": 0.0,
        "Gain On Sale Of Business": 0.0,
        "Net Non Operating Interest Income Expense": 3472000.0,
        "Interest Income Non Operating": 3890000.0,
        "Operating Income": 7850000.0,
        "Operating Expense": 65730000.0,
        "Research And Development": 30504000.0,
        "Selling General And Administration": 35226000.0,
        "Gross Profit": 73580000.0,
        "Cost Of Revenue": 115903000.0,
        "Total Revenue": 189483000.0,
        "Operating Revenue": 189483000.0
    },
    "2025-03-31": {
        "Tax Effect Of Unusual Items": 0.0,
        "Tax Rate For Calcs": 0.144,
        "Normalized EBITDA": 12099000.0,
        "Total Unusual Items": 0.0,
        "Total Unusual Items Excluding Goodwill": 0.0,
        "Net Income From Continuing Operation Net Minority Interest": 6401000.0,
        "Reconciled Depreciation": 8830000.0,
        "Reconciled Cost Of Revenue": 106833000.0,
        "EBITDA": 12099000.0,
        "EBIT": 3269000.0,
        "Net Interest Income": 3317000.0,
        "Interest Income": 3317000.0,
        "Normalized Income": 6401000.0,
        "Net Income From Continuing And Discontinued Operation": 6401000.0,
        "Total Expenses": 168087000.0,
        "Total Operating Income As Reported": 3269000.0,
        "Diluted Average Shares": 77884000.0,
        "Basic Average Shares": 77345000.0,
        "Diluted EPS": 0.08,
        "Basic EPS": 0.08,
        "Diluted NI Availto Com Stockholders": 6401000.0,
        "Net Income Common Stockholders": 6401000.0,
        "Net Income": 6401000.0,
        "Net Income Including Noncontrolling Interests": 6401000.0,
        "Net Income Continuous Operations": 6401000.0,
        "Earnings From Equity Interest Net Of Tax": NaN,
        "Tax Provision": 1075000.0,
        "Pretax Income": 7476000.0,
        "Other Income Expense": 890000.0,
        "Other Non Operating Income Expenses": 890000.0,
        "Special Income Charges": 0.0,
        "Gain On Sale Of Business": 0.0,
        "Net Non Operating Interest Income Expense": 3317000.0,
        "Interest Income Non Operating": 3317000.0,
        "Operating Income": 3269000.0,
        "Operating Expense": 61254000.0,
        "Research And Development": 27800000.0,
        "Selling General And Administration": 33454000.0,
        "Gross Profit": 64523000.0,
        "Cost Of Revenue": 106833000.0,
        "Total Revenue": 171356000.0,
        "Operating Revenue": 171356000.0
    },
    "2025-06-30": {
        "Tax Effect Of Unusual Items": 0.0,
        "Tax Rate For Calcs": 0.158747,
        "Normalized EBITDA": 21866000.0,
        "Total Unusual Items": 0.0,
        "Total Unusual Items Excluding Goodwill": 0.0,
        "Net Income From Continuing Operation Net Minority Interest": 9086000.0,
        "Reconciled Depreciation": 9560000.0,
        "Reconciled Cost Of Revenue": 122860000.0,
        "EBITDA": 21866000.0,
        "EBIT": 12306000.0,
        "Net Interest Income": 2642000.0,
        "Interest Income": 2642000.0,
        "Normalized Income": 9086000.0,
        "Net Income From Continuing And Discontinued Operation": 9086000.0,
        "Total Expenses": 183492000.0,
        "Total Operating Income As Reported": 12306000.0,
        "Diluted Average Shares": 77527000.0,
        "Basic Average Shares": 77107000.0,
        "Diluted EPS": 0.12,
        "Basic EPS": 0.12,
        "Diluted NI Availto Com Stockholders": 9086000.0,
        "Net Income Common Stockholders": 9086000.0,
        "Net Income": 9086000.0,
        "Net Income Including Noncontrolling Interests": 9086000.0,
        "Net Income Continuous Operations": 9086000.0,
        "Earnings From Equity Interest Net Of Tax": -3484000.0,
        "Tax Provision": 2372000.0,
        "Pretax Income": 14942000.0,
        "Other Income Expense": -6000.0,
        "Other Non Operating Income Expenses": -6000.0,
        "Special Income Charges": 0.0,
        "Gain On Sale Of Business": 0.0,
        "Net Non Operating Interest Income Expense": 2642000.0,
        "Interest Income Non Operating": 2642000.0,
        "Operating Income": 12306000.0,
        "Operating Expense": 60632000.0,
        "Research And Development": 28793000.0,
        "Selling General And Administration": 31839000.0,
        "Gross Profit": 72938000.0,
        "Cost Of Revenue": 122860000.0,
        "Total Revenue": 195798000.0,
        "Operating Revenue": 195798000.0
    }
}