{
    "2023-06-30": {
        "Tax Effect Of Unusual Items": NaN,
        "Tax Rate For Calcs": NaN,
        "Normalized EBITDA": NaN,
        "Total Unusual Items": NaN,
        "Total Unusual Items Excluding Goodwill": NaN,
        "Net Income From Continuing Operation Net Minority Interest": NaN,
        "Reconciled Depreciation": NaN,
        "Reconciled Cost Of Revenue": NaN,
        "EBITDA": NaN,
        "EBIT": NaN,
        "Net Interest Income": NaN,
        "Interest Expense": NaN,
        "Normalized Income": NaN,
        "Net Income From Continuing And Discontinued Operation": NaN,
        "Total Expenses": NaN,
        "Total Operating Income As Reported": NaN,
        "Diluted Average Shares": NaN,
        "Basic Average Shares": NaN,
        "Diluted EPS": NaN,
        "Basic EPS": NaN,
        "Diluted NI Availto Com Stockholders": NaN,
        "Net Income Common Stockholders": NaN,
        "Net Income": NaN,
        "Net Income Including Noncontrolling Interests": NaN,
        "Net Income Continuous Operations": NaN,
        "Tax Provision": NaN,
        "Pretax Income": NaN,
        "Other Income Expense": NaN,
        "Other Non Operating Income Expenses": NaN,
        "Special Income Charges": NaN,
        "Gain On Sale Of Business": NaN,
        "Restructuring And Mergern Acquisition": NaN,
        "Net Non Operating Interest Income Expense": NaN,
        "Interest Expense Non Operating": NaN,
        "Operating Income": NaN,
        "Operating Expense": NaN,
        "Depreciation Amortization Depletion Income Statement": NaN,
        "Depreciation And Amortization In Income Statement": NaN,
        "Amortization": NaN,
        "Amortization Of Intangibles Income Statement": NaN,
        "Depreciation Income Statement": NaN,
        "Selling General And Administration": NaN,
        "Selling And Marketing Expense": NaN,
        "General And Administrative Expense": NaN,
        "Other Gand A": NaN,
        "Salaries And Wages": 1651000.0,
        "Gross Profit": NaN,
        "Cost Of Revenue": NaN,
        "Total Revenue": NaN,
        "Operating Revenue": NaN
    },
    "2023-03-31": {
        "Tax Effect Of Unusual Items": -386127.0,
        "Tax Rate For Calcs": 0.243,
        "Normalized EBITDA": 5055000.0,
        "Total Unusual Items": -1589000.0,
        "Total Unusual Items Excluding Goodwill": -1589000.0,
        "Net Income From Continuing Operation Net Minority Interest": -4075000.0,
        "Reconciled Depreciation": 8056000.0,
        "Reconciled Cost Of Revenue": 46406000.0,
        "EBITDA": 3466000.0,
        "EBIT": -4590000.0,
        "Net Interest Income": -793000.0,
        "Interest Expense": 793000.0,
        "Normalized Income": -2872127.0,
        "Net Income From Continuing And Discontinued Operation": -4075000.0,
        "Total Expenses": 117221000.0,
        "Total Operating Income As Reported": -5140000.0,
        "Diluted Average Shares": 19108000.0,
        "Basic Average Shares": 19108000.0,
        "Diluted EPS": -0.21,
        "Basic EPS": -0.21,
        "Diluted NI Availto Com Stockholders": -4075000.0,
        "Net Income Common Stockholders": -4075000.0,
        "Net Income": -4075000.0,
        "Net Income Including Noncontrolling Interests": -4075000.0,
        "Net Income Continuous Operations": -4075000.0,
        "Tax Provision": -1308000.0,
        "Pretax Income": -5383000.0,
        "Other Income Expense": -1039000.0,
        "Other Non Operating Income Expenses": 550000.0,
        "Special Income Charges": -1589000.0,
        "Restructuring And Mergern Acquisition": 1589000.0,
        "Gain On Sale Of Security": NaN,
        "Net Non Operating Interest Income Expense": -793000.0,
        "Interest Expense Non Operating": 793000.0,
        "Operating Income": -3551000.0,
        "Operating Expense": 67929000.0,
        "Depreciation Amortization Depletion Income Statement": 5170000.0,
        "Depreciation And Amortization In Income Statement": 5170000.0,
        "Amortization": 3066000.0,
        "Amortization Of Intangibles Income Statement": 3066000.0,
        "Depreciation Income Statement": 2104000.0,
        "Selling General And Administration": 62759000.0,
        "Selling And Marketing Expense": 41532000.0,
        "General And Administrative Expense": 21227000.0,
        "Other Gand A": 21227000.0,
        "Salaries And Wages": NaN,
        "Gross Profit": 64378000.0,
        "Cost Of Revenue": 49292000.0,
        "Total Revenue": 113670000.0,
        "Operating Revenue": 113670000.0
    },
    "2022-12-31": {
        "Tax Effect Of Unusual Items": NaN,
        "Tax Rate For Calcs": NaN,
        "Normalized EBITDA": NaN,
        "Total Unusual Items": NaN,
        "Total Unusual Items Excluding Goodwill": NaN,
        "Net Income From Continuing Operation Net Minority Interest": NaN,
        "Reconciled Depreciation": NaN,
        "Reconciled Cost Of Revenue": NaN,
        "EBITDA": NaN,
        "EBIT": NaN,
        "Net Interest Income": NaN,
        "Interest Expense": NaN,
        "Normalized Income": NaN,
        "Net Income From Continuing And Discontinued Operation": NaN,
        "Total Expenses": NaN,
        "Total Operating Income As Reported": NaN,
        "Diluted Average Shares": NaN,
        "Basic Average Shares": NaN,
        "Diluted EPS": NaN,
        "Basic EPS": NaN,
        "Diluted NI Availto Com Stockholders": NaN,
        "Net Income Common Stockholders": NaN,
        "Net Income": NaN,
        "Net Income Including Noncontrolling Interests": NaN,
        "Net Income Continuous Operations": NaN,
        "Tax Provision": NaN,
        "Pretax Income": NaN,
        "Other Income Expense": NaN,
        "Other Non Operating Income Expenses": NaN,
        "Special Income Charges": NaN,
        "Restructuring And Mergern Acquisition": NaN,
        "Gain On Sale Of Security": -117000.0,
        "Net Non Operating Interest Income Expense": NaN,
        "Interest Expense Non Operating": NaN,
        "Operating Income": NaN,
        "Operating Expense": NaN,
        "Depreciation Amortization Depletion Income Statement": NaN,
        "Depreciation And Amortization In Income Statement": NaN,
        "Amortization": NaN,
        "Amortization Of Intangibles Income Statement": NaN,
        "Depreciation Income Statement": NaN,
        "Selling General And Administration": NaN,
        "Selling And Marketing Expense": NaN,
        "General And Administrative Expense": NaN,
        "Other Gand A": NaN,
        "Salaries And Wages": NaN,
        "Gross Profit": NaN,
        "Cost Of Revenue": NaN,
        "Total Revenue": NaN,
        "Operating Revenue": NaN
    },
    "2022-09-30": {
        "Tax Effect Of Unusual Items": 0.0,
        "Tax Rate For Calcs": 0.349201,
        "Normalized EBITDA": 14629000.0,
        "Total Unusual Items": 0.0,
        "Total Unusual Items Excluding Goodwill": 0.0,
        "Net Income From Continuing Operation Net Minority Interest": 5414000.0,
        "Reconciled Depreciation": 5726000.0,
        "Reconciled Cost Of Revenue": 52717000.0,
        "EBITDA": 14629000.0,
        "EBIT": 8903000.0,
        "Net Interest Income": -584000.0,
        "Interest Expense": 584000.0,
        "Normalized Income": 5414000.0,
        "Net Income From Continuing And Discontinued Operation": 5414000.0,
        "Total Expenses": 119122000.0,
        "Total Operating Income As Reported": 8557000.0,
        "Diluted Average Shares": 19139000.0,
        "Basic Average Shares": 18958000.0,
        "Diluted EPS": 0.28,
        "Basic EPS": 0.29,
        "Diluted NI Availto Com Stockholders": 5414000.0,
        "Net Income Common Stockholders": 5414000.0,
        "Net Income": 5414000.0,
        "Net Income Including Noncontrolling Interests": 5414000.0,
        "Net Income Continuous Operations": 5414000.0,
        "Tax Provision": 2905000.0,
        "Pretax Income": 8319000.0,
        "Other Income Expense": 346000.0,
        "Other Non Operating Income Expenses": 346000.0,
        "Special Income Charges": 0.0,
        "Restructuring And Mergern Acquisition": 0.0,
        "Gain On Sale Of Security": NaN,
        "Net Non Operating Interest Income Expense": -584000.0,
        "Interest Expense Non Operating": 584000.0,
        "Operating Income": 8557000.0,
        "Operating Expense": 66405000.0,
        "Depreciation Amortization Depletion Income Statement": 5726000.0,
        "Depreciation And Amortization In Income Statement": 5726000.0,
        "Amortization": 3352000.0,
        "Amortization Of Intangibles Income Statement": 3352000.0,
        "Depreciation Income Statement": 2374000.0,
        "Selling General And Administration": 60679000.0,
        "Selling And Marketing Expense": 44231000.0,
        "General And Administrative Expense": 16448000.0,
        "Other Gand A": 16448000.0,
        "Salaries And Wages": NaN,
        "Gross Profit": 74962000.0,
        "Cost Of Revenue": 52717000.0,
        "Total Revenue": 127679000.0,
        "Operating Revenue": 127679000.0
    },
    "2022-06-30": {
        "Tax Effect Of Unusual Items": 0.0,
        "Tax Rate For Calcs": 0.31,
        "Normalized EBITDA": 26459000.0,
        "Total Unusual Items": 0.0,
        "Total Unusual Items Excluding Goodwill": 0.0,
        "Net Income From Continuing Operation Net Minority Interest": 13874000.0,
        "Reconciled Depreciation": 5653000.0,
        "Reconciled Cost Of Revenue": 60991000.0,
        "EBITDA": 26459000.0,
        "EBIT": 20806000.0,
        "Net Interest Income": -535000.0,
        "Interest Expense": 535000.0,
        "Normalized Income": 13874000.0,
        "Net Income From Continuing And Discontinued Operation": 13874000.0,
        "Total Expenses": 127543000.0,
        "Total Operating Income As Reported": 20703000.0,
        "Diluted Average Shares": 19173000.0,
        "Basic Average Shares": 18871000.0,
        "Diluted EPS": 0.72,
        "Basic EPS": 0.74,
        "Diluted NI Availto Com Stockholders": 13874000.0,
        "Net Income Common Stockholders": 13874000.0,
        "Net Income": 13874000.0,
        "Net Income Including Noncontrolling Interests": 13874000.0,
        "Net Income Continuous Operations": 13874000.0,
        "Tax Provision": 6397000.0,
        "Pretax Income": 20271000.0,
        "Other Income Expense": 103000.0,
        "Other Non Operating Income Expenses": 103000.0,
        "Special Income Charges": 0.0,
        "Restructuring And Mergern Acquisition": 0.0,
        "Gain On Sale Of Security": NaN,
        "Net Non Operating Interest Income Expense": -535000.0,
        "Interest Expense Non Operating": 535000.0,
        "Operating Income": 20703000.0,
        "Operating Expense": 66552000.0,
        "Depreciation Amortization Depletion Income Statement": 5653000.0,
        "Depreciation And Amortization In Income Statement": 5653000.0,
        "Amortization": 3354000.0,
        "Amortization Of Intangibles Income Statement": 3354000.0,
        "Depreciation Income Statement": 2299000.0,
        "Selling General And Administration": 60899000.0,
        "Selling And Marketing Expense": 44974000.0,
        "General And Administrative Expense": 15925000.0,
        "Other Gand A": 15925000.0,
        "Salaries And Wages": NaN,
        "Gross Profit": 87255000.0,
        "Cost Of Revenue": 60991000.0,
        "Total Revenue": 148246000.0,
        "Operating Revenue": 148246000.0
    },
    "2022-03-31": {
        "Diluted EPS": 0.22,
        "Total Revenue": 125,
        "Gross Profit": 72,
        "Operating Income": 6,
        "EBIT": 15,
        "Net Income": 4
    },
    "2021-12-31": {
        "Diluted EPS": 0.41,
        "Total Revenue": 134,
        "Gross Profit": 81,
        "Operating Income": 11,
        "EBIT": 20,
        "Net Income": 8
    },
    "2021-09-30": {
        "Diluted EPS": 0.23,
        "Total Revenue": 118,
        "Gross Profit": 68,
        "Operating Income": 7,
        "EBIT": 16,
        "Net Income": 5
    },
    "2021-06-30": {
        "Diluted EPS": 0.43,
        "Total Revenue": 129,
        "Gross Profit": 76,
        "Operating Income": 13,
        "EBIT": 23,
        "Net Income": 8
    },
    "2021-03-31": {
        "Diluted EPS": 0.21,
        "Total Revenue": 114,
        "Gross Profit": 66,
        "Operating Income": 8,
        "EBIT": 17,
        "Net Income": 4
    },
    "2020-12-31": {
        "Diluted EPS": 0.13,
        "Total Revenue": 121,
        "Gross Profit": 73,
        "Operating Income": 4,
        "EBIT": 15,
        "Net Income": 2
    },
    "2020-09-30": {
        "Diluted EPS": -0.2,
        "Total Revenue": 109,
        "Gross Profit": 62,
        "Operating Income": 0,
        "EBIT": 11,
        "Net Income": -4
    },
    "2020-06-30": {
        "Diluted EPS": 0.63,
        "Total Revenue": 114,
        "Gross Profit": 70,
        "Operating Income": 11,
        "EBIT": 22,
        "Net Income": 12
    },
    "2020-03-31": {
        "Diluted EPS": -0.03,
        "Total Revenue": 106,
        "Gross Profit": 63,
        "Operating Income": 1,
        "EBIT": 13,
        "Net Income": -1
    },
    "2019-12-31": {
        "Diluted EPS": 0.28,
        "Total Revenue": 124,
        "Gross Profit": 74,
        "Operating Income": 7,
        "EBIT": 18,
        "Net Income": 5
    },
    "2019-09-30": {
        "Diluted EPS": -0.15,
        "Total Revenue": 109,
        "Gross Profit": 64,
        "Operating Income": -2,
        "EBIT": 10,
        "Net Income": -3
    },
    "2019-06-30": {
        "Diluted EPS": 0.08,
        "Total Revenue": 128,
        "Gross Profit": 72,
        "Operating Income": 5,
        "EBIT": 15,
        "Net Income": 2
    },
    "2019-03-31": {
        "Diluted EPS": -0.73,
        "Total Revenue": 101,
        "Gross Profit": 56,
        "Operating Income": -11,
        "EBIT": 1,
        "Net Income": -13
    },
    "2018-12-31": {
        "Diluted EPS": 0.3,
        "Total Revenue": 99,
        "Gross Profit": 60,
        "Operating Income": 9,
        "EBIT": 11,
        "Net Income": 5
    },
    "2018-09-30": {
        "Diluted EPS": 0.21,
        "Total Revenue": 85,
        "Gross Profit": 51,
        "Operating Income": 5,
        "EBIT": 7,
        "Net Income": 4
    },
    "2018-06-30": {
        "Diluted EPS": 0.43,
        "Total Revenue": 96,
        "Gross Profit": 57,
        "Operating Income": 11,
        "EBIT": 13,
        "Net Income": 8
    },
    "2018-03-31": {
        "Diluted EPS": -0.1,
        "Total Revenue": 78,
        "Gross Profit": 44,
        "Operating Income": -2,
        "EBIT": 0,
        "Net Income": -2
    },
    "2017-12-31": {
        "Diluted EPS": 0.11,
        "Total Revenue": 90,
        "Gross Profit": 54,
        "Operating Income": 7,
        "EBIT": 10,
        "Net Income": 2
    },
    "2017-09-30": {
        "Diluted EPS": 0.22,
        "Total Revenue": 80,
        "Gross Profit": 48,
        "Operating Income": 7,
        "EBIT": 9,
        "Net Income": 4
    },
    "2017-06-30": {
        "Diluted EPS": 0.34,
        "Total Revenue": 90,
        "Gross Profit": 53,
        "Operating Income": 10,
        "EBIT": 12,
        "Net Income": 6
    },
    "2017-03-31": {
        "Diluted EPS": 0.16,
        "Total Revenue": 77,
        "Gross Profit": 46,
        "Operating Income": 3,
        "EBIT": 5,
        "Net Income": 3
    },
    "2016-12-31": {
        "Diluted EPS": 0.32,
        "Total Revenue": 83,
        "Gross Profit": 51,
        "Operating Income": 9,
        "EBIT": 11,
        "Net Income": 6
    },
    "2016-09-30": {
        "Diluted EPS": 0.17,
        "Total Revenue": 77,
        "Gross Profit": 48,
        "Operating Income": 8,
        "EBIT": 10,
        "Net Income": 3
    },
    "2016-06-30": {
        "Diluted EPS": 0.41,
        "Total Revenue": 88,
        "Gross Profit": 53,
        "Operating Income": 11,
        "EBIT": 14,
        "Net Income": 7
    },
    "2016-03-31": {
        "Diluted EPS": 0.07,
        "Total Revenue": 77,
        "Gross Profit": 46,
        "Operating Income": 3,
        "EBIT": 5,
        "Net Income": 1
    },
    "2015-12-31": {
        "Diluted EPS": 0.11,
        "Total Revenue": 81,
        "Gross Profit": 47,
        "Operating Income": 4,
        "EBIT": 6,
        "Net Income": 2
    },
    "2015-09-30": {
        "Diluted EPS": 0.25,
        "Total Revenue": 75,
        "Gross Profit": 46,
        "Operating Income": 5,
        "EBIT": 8,
        "Net Income": 4
    },
    "2015-06-30": {
        "Diluted EPS": 0.31,
        "Total Revenue": 83,
        "Gross Profit": 50,
        "Operating Income": 10,
        "EBIT": 13,
        "Net Income": 6
    },
    "2015-03-31": {
        "Diluted EPS": -0.01,
        "Total Revenue": 75,
        "Gross Profit": 44,
        "Operating Income": -1,
        "EBIT": 2,
        "Net Income": 0
    },
    "2014-12-31": {
        "Diluted EPS": 0.18,
        "Total Revenue": 81,
        "Gross Profit": 48,
        "Operating Income": 6,
        "EBIT": 9,
        "Net Income": 4
    },
    "2014-09-30": {
        "Diluted EPS": 0.16,
        "Total Revenue": 75,
        "Gross Profit": 45,
        "Operating Income": 5,
        "EBIT": 8,
        "Net Income": 3
    },
    "2014-06-30": {
        "Diluted EPS": 0.23,
        "Total Revenue": 83,
        "Gross Profit": 49,
        "Operating Income": 7,
        "EBIT": 10,
        "Net Income": 4
    },
    "2014-03-31": {
        "Diluted EPS": -0.0,
        "Total Revenue": 73,
        "Gross Profit": 44,
        "Operating Income": 0,
        "EBIT": 4,
        "Net Income": 0
    },
    "2013-12-31": {
        "Diluted EPS": 0.11,
        "Total Revenue": 78,
        "Gross Profit": 46,
        "Operating Income": 4,
        "EBIT": 8,
        "Net Income": 2
    },
    "2013-09-30": {
        "Diluted EPS": 0.12,
        "Total Revenue": 70,
        "Gross Profit": 42,
        "Operating Income": 4,
        "EBIT": 8,
        "Net Income": 3
    },
    "2013-06-30": {
        "Diluted EPS": 0.28,
        "Total Revenue": 79,
        "Gross Profit": 48,
        "Operating Income": 10,
        "EBIT": 13,
        "Net Income": 6
    },
    "2013-03-31": {
        "Diluted EPS": 0.1,
        "Total Revenue": 71,
        "Gross Profit": 44,
        "Operating Income": 3,
        "EBIT": 7,
        "Net Income": 2
    },
    "2012-12-31": {
        "Diluted EPS": 0.2,
        "Total Revenue": 75,
        "Gross Profit": 46,
        "Operating Income": 8,
        "EBIT": 11,
        "Net Income": 5
    },
    "2012-09-30": {
        "Diluted EPS": 0.47,
        "Total Revenue": 69,
        "Gross Profit": 43,
        "Operating Income": 7,
        "EBIT": 11,
        "Net Income": 11
    },
    "2012-06-30": {
        "Diluted EPS": 0.34,
        "Total Revenue": 79,
        "Gross Profit": 49,
        "Operating Income": 11,
        "EBIT": 15,
        "Net Income": 8
    },
    "2012-03-31": {
        "Diluted EPS": 0.14,
        "Total Revenue": 70,
        "Gross Profit": 43,
        "Operating Income": 5,
        "EBIT": 8,
        "Net Income": 3
    },
    "2011-12-31": {
        "Diluted EPS": 0.33,
        "Total Revenue": 74,
        "Gross Profit": 49,
        "Operating Income": 13,
        "EBIT": 17,
        "Net Income": 8
    },
    "2011-09-30": {
        "Diluted EPS": 0.25,
        "Total Revenue": 70,
        "Gross Profit": 45,
        "Operating Income": 10,
        "EBIT": 13,
        "Net Income": 6
    },
    "2011-06-30": {
        "Diluted EPS": 0.24,
        "Total Revenue": 73,
        "Gross Profit": 45,
        "Operating Income": 10,
        "EBIT": 12,
        "Net Income": 5
    },
    "2011-03-31": {
        "Diluted EPS": 0.13,
        "Total Revenue": 66,
        "Gross Profit": 40,
        "Operating Income": 4,
        "EBIT": 7,
        "Net Income": 3
    },
    "2010-12-31": {
        "Diluted EPS": 0.18,
        "Total Revenue": 67,
        "Gross Profit": 42,
        "Operating Income": 7,
        "EBIT": 10,
        "Net Income": 4
    },
    "2010-09-30": {
        "Diluted EPS": 0.16,
        "Total Revenue": 60,
        "Gross Profit": 37,
        "Operating Income": 6,
        "EBIT": 8,
        "Net Income": 4
    },
    "2010-06-30": {
        "Diluted EPS": 0.3,
        "Total Revenue": 65,
        "Gross Profit": 40,
        "Operating Income": 10,
        "EBIT": 12,
        "Net Income": 7
    },
    "2010-03-31": {
        "Diluted EPS": 0.25,
        "Total Revenue": 59,
        "Gross Profit": 37,
        "Operating Income": 8,
        "EBIT": 10,
        "Net Income": 6
    },
    "2009-12-31": {
        "Diluted EPS": 0.25,
        "Total Revenue": 61,
        "Gross Profit": 39,
        "Operating Income": 9,
        "EBIT": 12,
        "Net Income": 6
    },
    "2009-09-30": {
        "Diluted EPS": 0.19,
        "Total Revenue": 54,
        "Gross Profit": 34,
        "Operating Income": 8,
        "EBIT": 10,
        "Net Income": 4
    },
    "2009-06-30": {
        "Diluted EPS": 0.27,
        "Total Revenue": 62,
        "Gross Profit": 39,
        "Operating Income": 12,
        "EBIT": 14,
        "Net Income": 6
    },
    "2009-03-31": {
        "Diluted EPS": 0.11,
        "Total Revenue": 56,
        "Gross Profit": 33,
        "Operating Income": 3,
        "EBIT": 5,
        "Net Income": 3
    },
    "2023-09-30": {
        "Tax Effect Of Unusual Items": NaN,
        "Tax Rate For Calcs": NaN,
        "Normalized EBITDA": NaN,
        "Total Unusual Items": NaN,
        "Total Unusual Items Excluding Goodwill": NaN,
        "Net Income From Continuing Operation Net Minority Interest": NaN,
        "Reconciled Depreciation": NaN,
        "Reconciled Cost Of Revenue": NaN,
        "EBITDA": NaN,
        "EBIT": NaN,
        "Net Interest Income": NaN,
        "Interest Expense": NaN,
        "Normalized Income": NaN,
        "Net Income From Continuing And Discontinued Operation": NaN,
        "Total Expenses": NaN,
        "Total Operating Income As Reported": NaN,
        "Diluted Average Shares": NaN,
        "Basic Average Shares": NaN,
        "Diluted EPS": NaN,
        "Basic EPS": NaN,
        "Diluted NI Availto Com Stockholders": NaN,
        "Net Income Common Stockholders": NaN,
        "Net Income": NaN,
        "Net Income Including Noncontrolling Interests": NaN,
        "Net Income Continuous Operations": NaN,
        "Tax Provision": NaN,
        "Pretax Income": NaN,
        "Other Income Expense": NaN,
        "Other Non Operating Income Expenses": NaN,
        "Special Income Charges": NaN,
        "Gain On Sale Of Business": 0.0,
        "Impairment Of Capital Assets": NaN,
        "Restructuring And Mergern Acquisition": NaN,
        "Earnings From Equity Interest": 0.0,
        "Net Non Operating Interest Income Expense": NaN,
        "Interest Expense Non Operating": NaN,
        "Operating Income": NaN,
        "Operating Expense": NaN,
        "Depreciation Amortization Depletion Income Statement": NaN,
        "Depreciation And Amortization In Income Statement": NaN,
        "Amortization": NaN,
        "Amortization Of Intangibles Income Statement": NaN,
        "Depreciation Income Statement": NaN,
        "Selling General And Administration": NaN,
        "Selling And Marketing Expense": NaN,
        "General And Administrative Expense": NaN,
        "Other Gand A": NaN,
        "Gross Profit": NaN,
        "Cost Of Revenue": NaN,
        "Total Revenue": NaN,
        "Operating Revenue": NaN
    },
    "2023-12-31": {
        "Tax Effect Of Unusual Items": NaN,
        "Tax Rate For Calcs": NaN,
        "Normalized EBITDA": NaN,
        "Total Unusual Items": NaN,
        "Total Unusual Items Excluding Goodwill": NaN,
        "Net Income From Continuing Operation Net Minority Interest": NaN,
        "Reconciled Depreciation": NaN,
        "Reconciled Cost Of Revenue": NaN,
        "EBITDA": NaN,
        "EBIT": NaN,
        "Net Interest Income": NaN,
        "Interest Expense": NaN,
        "Normalized Income": NaN,
        "Net Income From Continuing And Discontinued Operation": NaN,
        "Total Expenses": NaN,
        "Total Operating Income As Reported": NaN,
        "Diluted Average Shares": NaN,
        "Basic Average Shares": NaN,
        "Diluted EPS": NaN,
        "Basic EPS": NaN,
        "Diluted NI Availto Com Stockholders": NaN,
        "Net Income Common Stockholders": NaN,
        "Net Income": NaN,
        "Net Income Including Noncontrolling Interests": NaN,
        "Net Income Continuous Operations": NaN,
        "Tax Provision": NaN,
        "Pretax Income": NaN,
        "Other Income Expense": NaN,
        "Other Non Operating Income Expenses": NaN,
        "Special Income Charges": NaN,
        "Gain On Sale Of Business": NaN,
        "Impairment Of Capital Assets": NaN,
        "Restructuring And Mergern Acquisition": NaN,
        "Earnings From Equity Interest": 208000.0,
        "Net Non Operating Interest Income Expense": NaN,
        "Interest Expense Non Operating": NaN,
        "Operating Income": NaN,
        "Operating Expense": NaN,
        "Depreciation Amortization Depletion Income Statement": NaN,
        "Depreciation And Amortization In Income Statement": NaN,
        "Amortization": NaN,
        "Amortization Of Intangibles Income Statement": NaN,
        "Depreciation Income Statement": NaN,
        "Selling General And Administration": NaN,
        "Selling And Marketing Expense": NaN,
        "General And Administrative Expense": NaN,
        "Other Gand A": NaN,
        "Gross Profit": NaN,
        "Cost Of Revenue": NaN,
        "Total Revenue": NaN,
        "Operating Revenue": NaN
    },
    "2024-03-31": {
        "Tax Effect Of Unusual Items": -1589609.111617,
        "Tax Rate For Calcs": 0.239977,
        "Normalized EBITDA": 8859000.0,
        "Total Unusual Items": -6624000.0,
        "Total Unusual Items Excluding Goodwill": -6624000.0,
        "Net Income From Continuing Operation Net Minority Interest": -6673000.0,
        "Reconciled Depreciation": 10253000.0,
        "Reconciled Cost Of Revenue": 39011000.0,
        "EBITDA": 2235000.0,
        "EBIT": -8018000.0,
        "Net Interest Income": -762000.0,
        "Interest Expense": 762000.0,
        "Normalized Income": -1638609.111617,
        "Net Income From Continuing And Discontinued Operation": -6673000.0,
        "Total Expenses": 102745000.0,
        "Total Operating Income As Reported": -9292000.0,
        "Diluted Average Shares": 19285000.0,
        "Basic Average Shares": 19285000.0,
        "Diluted EPS": -0.35,
        "Basic EPS": -0.35,
        "Diluted NI Availto Com Stockholders": -6673000.0,
        "Net Income Common Stockholders": -6673000.0,
        "Net Income": -6673000.0,
        "Net Income Including Noncontrolling Interests": -6673000.0,
        "Net Income Continuous Operations": -6673000.0,
        "Tax Provision": -2107000.0,
        "Pretax Income": -8780000.0,
        "Other Income Expense": -5350000.0,
        "Other Non Operating Income Expenses": 1274000.0,
        "Special Income Charges": -6624000.0,
        "Gain On Sale Of Business": NaN,
        "Impairment Of Capital Assets": 0.0,
        "Restructuring And Mergern Acquisition": 6624000.0,
        "Earnings From Equity Interest": 0.0,
        "Net Non Operating Interest Income Expense": -762000.0,
        "Interest Expense Non Operating": 762000.0,
        "Operating Income": -2668000.0,
        "Operating Expense": 58055000.0,
        "Depreciation Amortization Depletion Income Statement": 4574000.0,
        "Depreciation And Amortization In Income Statement": 4574000.0,
        "Amortization": 2514000.0,
        "Amortization Of Intangibles Income Statement": 2514000.0,
        "Depreciation Income Statement": 2060000.0,
        "Selling General And Administration": 53481000.0,
        "Selling And Marketing Expense": 39422000.0,
        "General And Administrative Expense": 14059000.0,
        "Other Gand A": 14059000.0,
        "Gross Profit": 55387000.0,
        "Cost Of Revenue": 44690000.0,
        "Total Revenue": 100077000.0,
        "Operating Revenue": 100077000.0
    },
    "2024-06-30": {
        "Tax Effect Of Unusual Items": -17220.0,
        "Tax Rate For Calcs": 0.21,
        "Normalized EBITDA": 19290000.0,
        "Total Unusual Items": -82000.0,
        "Total Unusual Items Excluding Goodwill": -82000.0,
        "Net Income From Continuing Operation Net Minority Interest": 6292000.0,
        "Reconciled Depreciation": 6879000.0,
        "Reconciled Cost Of Revenue": 48860000.0,
        "EBITDA": 19208000.0,
        "EBIT": 12329000.0,
        "Net Interest Income": -763000.0,
        "Interest Expense": 763000.0,
        "Normalized Income": 6356780.0,
        "Net Income From Continuing And Discontinued Operation": 6292000.0,
        "Total Expenses": 110429000.0,
        "Total Operating Income As Reported": 11314000.0,
        "Diluted Average Shares": 19124000.0,
        "Basic Average Shares": 19093000.0,
        "Diluted EPS": 0.33,
        "Basic EPS": 0.33,
        "Diluted NI Availto Com Stockholders": 6292000.0,
        "Net Income Common Stockholders": 6292000.0,
        "Net Income": 6292000.0,
        "Net Income Including Noncontrolling Interests": 6292000.0,
        "Net Income Continuous Operations": 6292000.0,
        "Tax Provision": 5274000.0,
        "Pretax Income": 11566000.0,
        "Other Income Expense": 933000.0,
        "Other Non Operating Income Expenses": 1015000.0,
        "Special Income Charges": -82000.0,
        "Gain On Sale Of Business": NaN,
        "Impairment Of Capital Assets": NaN,
        "Restructuring And Mergern Acquisition": 82000.0,
        "Earnings From Equity Interest": NaN,
        "Net Non Operating Interest Income Expense": -763000.0,
        "Interest Expense Non Operating": 763000.0,
        "Operating Income": 11396000.0,
        "Operating Expense": 59265000.0,
        "Depreciation Amortization Depletion Income Statement": 4575000.0,
        "Depreciation And Amortization In Income Statement": 4575000.0,
        "Amortization": 2513000.0,
        "Amortization Of Intangibles Income Statement": 2513000.0,
        "Depreciation Income Statement": 2062000.0,
        "Selling General And Administration": 54690000.0,
        "Selling And Marketing Expense": 40253000.0,
        "General And Administrative Expense": 14437000.0,
        "Other Gand A": 14437000.0,
        "Gross Profit": 70661000.0,
        "Cost Of Revenue": 51164000.0,
        "Total Revenue": 121825000.0,
        "Operating Revenue": 121825000.0
    },
    "2024-09-30": {
        "Tax Effect Of Unusual Items": -569520.0,
        "Tax Rate For Calcs": 0.21,
        "Normalized EBITDA": 9514000.0,
        "Total Unusual Items": -2712000.0,
        "Total Unusual Items Excluding Goodwill": -2712000.0,
        "Net Income From Continuing Operation Net Minority Interest": -5798000.0,
        "Reconciled Depreciation": 7106000.0,
        "Reconciled Cost Of Revenue": 39429000.0,
        "EBITDA": 6802000.0,
        "EBIT": -304000.0,
        "Net Interest Income": -770000.0,
        "Interest Expense": 770000.0,
        "Normalized Income": -3655520.0,
        "Net Income From Continuing And Discontinued Operation": -5798000.0,
        "Total Expenses": 100546000.0,
        "Total Operating Income As Reported": -731000.0,
        "Diluted Average Shares": 19065000.0,
        "Basic Average Shares": 19065000.0,
        "Diluted EPS": -0.3,
        "Basic EPS": -0.3,
        "Diluted NI Availto Com Stockholders": -5798000.0,
        "Net Income Common Stockholders": -5798000.0,
        "Net Income": -5798000.0,
        "Net Income Including Noncontrolling Interests": -5798000.0,
        "Net Income Continuous Operations": -5798000.0,
        "Tax Provision": 4724000.0,
        "Pretax Income": -1074000.0,
        "Other Income Expense": -2285000.0,
        "Other Non Operating Income Expenses": 427000.0,
        "Special Income Charges": -2712000.0,
        "Gain On Sale Of Business": -1775000.0,
        "Impairment Of Capital Assets": NaN,
        "Restructuring And Mergern Acquisition": 937000.0,
        "Earnings From Equity Interest": NaN,
        "Net Non Operating Interest Income Expense": -770000.0,
        "Interest Expense Non Operating": 770000.0,
        "Operating Income": 1981000.0,
        "Operating Expense": 58372000.0,
        "Depreciation Amortization Depletion Income Statement": 4361000.0,
        "Depreciation And Amortization In Income Statement": 4361000.0,
        "Amortization": 2404000.0,
        "Amortization Of Intangibles Income Statement": 2404000.0,
        "Depreciation Income Statement": 1957000.0,
        "Selling General And Administration": 54011000.0,
        "Selling And Marketing Expense": 38273000.0,
        "General And Administrative Expense": 15738000.0,
        "Other Gand A": 15738000.0,
        "Gross Profit": 60353000.0,
        "Cost Of Revenue": 42174000.0,
        "Total Revenue": 102527000.0,
        "Operating Revenue": 102527000.0
    },
    "2024-12-31": {
        "Tax Effect Of Unusual Items": -867300.0,
        "Tax Rate For Calcs": 0.21,
        "Normalized EBITDA": 11716000.0,
        "Total Unusual Items": -4130000.0,
        "Total Unusual Items Excluding Goodwill": -4130000.0,
        "Net Income From Continuing Operation Net Minority Interest": 432000.0,
        "Reconciled Depreciation": 5945000.0,
        "Reconciled Cost Of Revenue": 42260000.0,
        "EBITDA": 7586000.0,
        "EBIT": 1641000.0,
        "Net Interest Income": -716000.0,
        "Interest Expense": 716000.0,
        "Normalized Income": 3694700.0,
        "Net Income From Continuing And Discontinued Operation": 432000.0,
        "Total Expenses": 104462000.0,
        "Total Operating Income As Reported": -551000.0,
        "Diluted Average Shares": 18942000.0,
        "Basic Average Shares": 18934000.0,
        "Diluted EPS": 0.02,
        "Basic EPS": 0.02,
        "Diluted NI Availto Com Stockholders": 432000.0,
        "Net Income Common Stockholders": 432000.0,
        "Net Income": 432000.0,
        "Net Income Including Noncontrolling Interests": 432000.0,
        "Net Income Continuous Operations": 432000.0,
        "Tax Provision": 493000.0,
        "Pretax Income": 925000.0,
        "Other Income Expense": -1938000.0,
        "Other Non Operating Income Expenses": 1378000.0,
        "Special Income Charges": -4130000.0,
        "Gain On Sale Of Business": 0.0,
        "Impairment Of Capital Assets": NaN,
        "Restructuring And Mergern Acquisition": 4130000.0,
        "Earnings From Equity Interest": NaN,
        "Net Non Operating Interest Income Expense": -716000.0,
        "Interest Expense Non Operating": 716000.0,
        "Operating Income": 3579000.0,
        "Operating Expense": 59956000.0,
        "Depreciation Amortization Depletion Income Statement": 3699000.0,
        "Depreciation And Amortization In Income Statement": 3699000.0,
        "Amortization": 2217000.0,
        "Amortization Of Intangibles Income Statement": 2217000.0,
        "Depreciation Income Statement": 1482000.0,
        "Selling General And Administration": 56257000.0,
        "Selling And Marketing Expense": 41673000.0,
        "General And Administrative Expense": 14584000.0,
        "Other Gand A": 14584000.0,
        "Gross Profit": 63535000.0,
        "Cost Of Revenue": 44506000.0,
        "Total Revenue": 108041000.0,
        "Operating Revenue": 108041000.0
    },
    "2025-03-31": {
        "Tax Effect Of Unusual Items": -996172.906616,
        "Tax Rate For Calcs": 0.011665,
        "Normalized EBITDA": 3872000.0,
        "Total Unusual Items": -85402000.0,
        "Total Unusual Items Excluding Goodwill": -85402000.0,
        "Net Income From Continuing Operation Net Minority Interest": -87272000.0,
        "Reconciled Depreciation": 6105000.0,
        "Reconciled Cost Of Revenue": 37193000.0,
        "EBITDA": -81530000.0,
        "EBIT": -87635000.0,
        "Net Interest Income": -667000.0,
        "Interest Expense": 667000.0,
        "Normalized Income": -2866172.906616,
        "Net Income From Continuing And Discontinued Operation": -87272000.0,
        "Total Expenses": 92065000.0,
        "Total Operating Income As Reported": -87591000.0,
        "Diluted Average Shares": 18890000.0,
        "Basic Average Shares": 18890000.0,
        "Diluted EPS": -4.62,
        "Basic EPS": -4.62,
        "Diluted NI Availto Com Stockholders": -87272000.0,
        "Net Income Common Stockholders": -87272000.0,
        "Net Income": -87272000.0,
        "Net Income Including Noncontrolling Interests": -87272000.0,
        "Net Income Continuous Operations": -87272000.0,
        "Tax Provision": -1030000.0,
        "Pretax Income": -88302000.0,
        "Other Income Expense": -85446000.0,
        "Other Non Operating Income Expenses": 980000.0,
        "Special Income Charges": -85402000.0,
        "Gain On Sale Of Business": NaN,
        "Impairment Of Capital Assets": 83895000.0,
        "Restructuring And Mergern Acquisition": 1507000.0,
        "Earnings From Equity Interest": -1024000.0,
        "Net Non Operating Interest Income Expense": -667000.0,
        "Interest Expense Non Operating": 667000.0,
        "Operating Income": -2189000.0,
        "Operating Expense": 52464000.0,
        "Depreciation Amortization Depletion Income Statement": 3697000.0,
        "Depreciation And Amortization In Income Statement": 3697000.0,
        "Amortization": 2217000.0,
        "Amortization Of Intangibles Income Statement": 2217000.0,
        "Depreciation Income Statement": 1480000.0,
        "Selling General And Administration": 48767000.0,
        "Selling And Marketing Expense": 35706000.0,
        "General And Administrative Expense": 13061000.0,
        "Other Gand A": 13061000.0,
        "Gross Profit": 50275000.0,
        "Cost Of Revenue": 39601000.0,
        "Total Revenue": 89876000.0,
        "Operating Revenue": 89876000.0
    }
}