{
    "2023-03-31": {
        "Tax Effect Of Unusual Items": NaN,
        "Tax Rate For Calcs": NaN,
        "Normalized EBITDA": NaN,
        "Total Unusual Items": NaN,
        "Total Unusual Items Excluding Goodwill": NaN,
        "Net Income From Continuing Operation Net Minority Interest": NaN,
        "Reconciled Depreciation": NaN,
        "Reconciled Cost Of Revenue": NaN,
        "EBITDA": NaN,
        "EBIT": NaN,
        "Net Interest Income": NaN,
        "Interest Expense": NaN,
        "Normalized Income": NaN,
        "Net Income From Continuing And Discontinued Operation": NaN,
        "Total Expenses": NaN,
        "Total Operating Income As Reported": NaN,
        "Diluted Average Shares": 51840000.0,
        "Basic Average Shares": 51840000.0,
        "Diluted EPS": -0.8,
        "Basic EPS": -0.8,
        "Diluted NI Availto Com Stockholders": NaN,
        "Net Income Common Stockholders": NaN,
        "Net Income": NaN,
        "Minority Interests": NaN,
        "Net Income Including Noncontrolling Interests": NaN,
        "Net Income Continuous Operations": NaN,
        "Tax Provision": NaN,
        "Pretax Income": NaN,
        "Other Income Expense": NaN,
        "Other Non Operating Income Expenses": NaN,
        "Special Income Charges": NaN,
        "Impairment Of Capital Assets": NaN,
        "Restructuring And Mergern Acquisition": NaN,
        "Net Non Operating Interest Income Expense": NaN,
        "Interest Expense Non Operating": NaN,
        "Operating Income": NaN,
        "Operating Expense": NaN,
        "Selling General And Administration": NaN,
        "Gross Profit": NaN,
        "Cost Of Revenue": NaN,
        "Total Revenue": NaN,
        "Operating Revenue": NaN
    },
    "2022-12-31": {
        "Tax Effect Of Unusual Items": NaN,
        "Tax Rate For Calcs": NaN,
        "Normalized EBITDA": NaN,
        "Total Unusual Items": NaN,
        "Total Unusual Items Excluding Goodwill": NaN,
        "Net Income From Continuing Operation Net Minority Interest": NaN,
        "Reconciled Depreciation": NaN,
        "Reconciled Cost Of Revenue": NaN,
        "EBITDA": NaN,
        "EBIT": NaN,
        "Net Interest Income": NaN,
        "Interest Expense": NaN,
        "Normalized Income": NaN,
        "Net Income From Continuing And Discontinued Operation": NaN,
        "Total Expenses": NaN,
        "Total Operating Income As Reported": NaN,
        "Diluted Average Shares": NaN,
        "Basic Average Shares": NaN,
        "Diluted EPS": NaN,
        "Basic EPS": NaN,
        "Diluted NI Availto Com Stockholders": NaN,
        "Net Income Common Stockholders": NaN,
        "Net Income": NaN,
        "Minority Interests": NaN,
        "Net Income Including Noncontrolling Interests": NaN,
        "Net Income Continuous Operations": NaN,
        "Tax Provision": NaN,
        "Pretax Income": NaN,
        "Other Income Expense": NaN,
        "Other Non Operating Income Expenses": NaN,
        "Special Income Charges": NaN,
        "Impairment Of Capital Assets": NaN,
        "Restructuring And Mergern Acquisition": NaN,
        "Net Non Operating Interest Income Expense": NaN,
        "Interest Expense Non Operating": NaN,
        "Operating Income": NaN,
        "Operating Expense": NaN,
        "Selling General And Administration": NaN,
        "General And Administrative Expense": 232033000.0,
        "Other Gand A": 232033000.0,
        "Gross Profit": NaN,
        "Cost Of Revenue": NaN,
        "Total Revenue": NaN,
        "Operating Revenue": NaN
    },
    "2022-09-30": {
        "Tax Effect Of Unusual Items": NaN,
        "Tax Rate For Calcs": NaN,
        "Normalized EBITDA": NaN,
        "Total Unusual Items": NaN,
        "Total Unusual Items Excluding Goodwill": NaN,
        "Net Income From Continuing Operation Net Minority Interest": NaN,
        "Reconciled Depreciation": NaN,
        "Reconciled Cost Of Revenue": NaN,
        "EBITDA": NaN,
        "EBIT": NaN,
        "Net Interest Income": NaN,
        "Interest Expense": NaN,
        "Normalized Income": NaN,
        "Net Income From Continuing And Discontinued Operation": NaN,
        "Total Expenses": NaN,
        "Total Operating Income As Reported": NaN,
        "Diluted Average Shares": NaN,
        "Basic Average Shares": NaN,
        "Diluted EPS": NaN,
        "Basic EPS": NaN,
        "Diluted NI Availto Com Stockholders": NaN,
        "Net Income Common Stockholders": NaN,
        "Net Income": NaN,
        "Minority Interests": NaN,
        "Net Income Including Noncontrolling Interests": NaN,
        "Net Income Continuous Operations": NaN,
        "Tax Provision": NaN,
        "Pretax Income": NaN,
        "Other Income Expense": NaN,
        "Other Non Operating Income Expenses": NaN,
        "Special Income Charges": NaN,
        "Impairment Of Capital Assets": NaN,
        "Restructuring And Mergern Acquisition": NaN,
        "Net Non Operating Interest Income Expense": NaN,
        "Interest Expense Non Operating": NaN,
        "Operating Income": NaN,
        "Operating Expense": NaN,
        "Selling General And Administration": NaN,
        "General And Administrative Expense": 196530000.0,
        "Other Gand A": 196530000.0,
        "Gross Profit": NaN,
        "Cost Of Revenue": NaN,
        "Total Revenue": NaN,
        "Operating Revenue": NaN
    },
    "2022-06-30": {
        "Tax Effect Of Unusual Items": -1240000.0,
        "Tax Rate For Calcs": 0.4,
        "Normalized EBITDA": -9500000.0,
        "Total Unusual Items": -3100000.0,
        "Total Unusual Items Excluding Goodwill": -3100000.0,
        "Net Income From Continuing Operation Net Minority Interest": -19100000.0,
        "Reconciled Depreciation": 5762000.0,
        "Reconciled Cost Of Revenue": 179900000.0,
        "EBITDA": -12600000.0,
        "EBIT": -12600000.0,
        "Net Interest Income": -4300000.0,
        "Interest Expense": 4300000.0,
        "Normalized Income": -17240000.0,
        "Net Income From Continuing And Discontinued Operation": -19100000.0,
        "Total Expenses": 379000000.0,
        "Total Operating Income As Reported": -10900000.0,
        "Diluted Average Shares": 51707000.0,
        "Basic Average Shares": 51707000.0,
        "Diluted EPS": -0.37,
        "Basic EPS": -0.37,
        "Diluted NI Availto Com Stockholders": -19100000.0,
        "Net Income Common Stockholders": -19100000.0,
        "Net Income": -19100000.0,
        "Minority Interests": -200000.0,
        "Net Income Including Noncontrolling Interests": -18900000.0,
        "Net Income Continuous Operations": -18900000.0,
        "Tax Provision": 2000000.0,
        "Pretax Income": -16900000.0,
        "Other Income Expense": -4800000.0,
        "Other Non Operating Income Expenses": -1700000.0,
        "Special Income Charges": -3100000.0,
        "Impairment Of Capital Assets": 200000.0,
        "Restructuring And Mergern Acquisition": 2900000.0,
        "Net Non Operating Interest Income Expense": -4300000.0,
        "Interest Expense Non Operating": 4300000.0,
        "Operating Income": -7800000.0,
        "Operating Expense": 199100000.0,
        "Selling General And Administration": 199100000.0,
        "General And Administrative Expense": NaN,
        "Other Gand A": NaN,
        "Gross Profit": 191300000.0,
        "Cost Of Revenue": 179900000.0,
        "Total Revenue": 371200000.0,
        "Operating Revenue": 371200000.0
    },
    "2022-03-31": {
        "Diluted EPS": -0.41,
        "Total Revenue": 376,
        "Gross Profit": 184,
        "Operating Income": -14,
        "EBIT": -8,
        "Net Income": -22
    },
    "2021-12-31": {
        "Diluted EPS": 0.37,
        "Total Revenue": 604,
        "Gross Profit": 302,
        "Operating Income": 47,
        "EBIT": 53,
        "Net Income": 20
    },
    "2021-09-30": {
        "Diluted EPS": 0.6,
        "Total Revenue": 492,
        "Gross Profit": 260,
        "Operating Income": 48,
        "EBIT": 55,
        "Net Income": 31
    },
    "2021-06-30": {
        "Diluted EPS": -0.02,
        "Total Revenue": 411,
        "Gross Profit": 222,
        "Operating Income": 14,
        "EBIT": 22,
        "Net Income": -1
    },
    "2021-03-31": {
        "Diluted EPS": -0.47,
        "Total Revenue": 363,
        "Gross Profit": 183,
        "Operating Income": -17,
        "EBIT": -8,
        "Net Income": -24
    },
    "2020-12-31": {
        "Diluted EPS": -0.06,
        "Total Revenue": 528,
        "Gross Profit": 260,
        "Operating Income": 18,
        "EBIT": 28,
        "Net Income": -4
    },
    "2020-09-30": {
        "Diluted EPS": 0.31,
        "Total Revenue": 435,
        "Gross Profit": 230,
        "Operating Income": 18,
        "EBIT": 28,
        "Net Income": 16
    },
    "2020-06-30": {
        "Diluted EPS": -0.44,
        "Total Revenue": 259,
        "Gross Profit": 141,
        "Operating Income": -37,
        "EBIT": -26,
        "Net Income": -23
    },
    "2020-03-31": {
        "Diluted EPS": -1.69,
        "Total Revenue": 391,
        "Gross Profit": 140,
        "Operating Income": -134,
        "EBIT": -122,
        "Net Income": -86
    },
    "2019-12-31": {
        "Diluted EPS": -0.13,
        "Total Revenue": 712,
        "Gross Profit": 308,
        "Operating Income": -1,
        "EBIT": 12,
        "Net Income": -7
    },
    "2019-09-30": {
        "Diluted EPS": -0.51,
        "Total Revenue": 539,
        "Gross Profit": 279,
        "Operating Income": -9,
        "EBIT": 4,
        "Net Income": -26
    },
    "2019-06-30": {
        "Diluted EPS": -0.15,
        "Total Revenue": 501,
        "Gross Profit": 265,
        "Operating Income": 2,
        "EBIT": 16,
        "Net Income": -7
    },
    "2019-03-31": {
        "Diluted EPS": -0.25,
        "Total Revenue": 465,
        "Gross Profit": 248,
        "Operating Income": -20,
        "EBIT": -6,
        "Net Income": -12
    },
    "2018-12-31": {
        "Diluted EPS": 0.98,
        "Total Revenue": 787,
        "Gross Profit": 417,
        "Operating Income": 67,
        "EBIT": 88,
        "Net Income": 48
    },
    "2018-09-30": {
        "Diluted EPS": 0.1,
        "Total Revenue": 609,
        "Gross Profit": 327,
        "Operating Income": 23,
        "EBIT": 39,
        "Net Income": 5
    },
    "2018-06-30": {
        "Diluted EPS": -0.16,
        "Total Revenue": 577,
        "Gross Profit": 309,
        "Operating Income": 1,
        "EBIT": 16,
        "Net Income": -8
    },
    "2018-03-31": {
        "Diluted EPS": -0.99,
        "Total Revenue": 569,
        "Gross Profit": 288,
        "Operating Income": -28,
        "EBIT": -12,
        "Net Income": -48
    },
    "2017-12-31": {
        "Diluted EPS": -1.65,
        "Total Revenue": 921,
        "Gross Profit": 448,
        "Operating Income": 51,
        "EBIT": 71,
        "Net Income": -80
    },
    "2017-09-30": {
        "Diluted EPS": -0.11,
        "Total Revenue": 689,
        "Gross Profit": 320,
        "Operating Income": 0,
        "EBIT": 19,
        "Net Income": -5
    },
    "2017-06-30": {
        "Diluted EPS": -7.11,
        "Total Revenue": 597,
        "Gross Profit": 301,
        "Operating Income": -430,
        "EBIT": -409,
        "Net Income": -345
    },
    "2017-03-31": {
        "Diluted EPS": -1.0,
        "Total Revenue": 582,
        "Gross Profit": 290,
        "Operating Income": -45,
        "EBIT": -24,
        "Net Income": -48
    },
    "2016-12-31": {
        "Diluted EPS": 1.03,
        "Total Revenue": 959,
        "Gross Profit": 489,
        "Operating Income": 66,
        "EBIT": 89,
        "Net Income": 50
    },
    "2016-09-30": {
        "Diluted EPS": 0.36,
        "Total Revenue": 738,
        "Gross Profit": 385,
        "Operating Income": 31,
        "EBIT": 55,
        "Net Income": 17
    },
    "2016-06-30": {
        "Diluted EPS": 0.12,
        "Total Revenue": 685,
        "Gross Profit": 356,
        "Operating Income": 15,
        "EBIT": 40,
        "Net Income": 6
    },
    "2016-03-31": {
        "Diluted EPS": 0.12,
        "Total Revenue": 660,
        "Gross Profit": 348,
        "Operating Income": 14,
        "EBIT": 39,
        "Net Income": 6
    },
    "2015-12-31": {
        "Diluted EPS": 1.45,
        "Total Revenue": 992,
        "Gross Profit": 526,
        "Operating Income": 89,
        "EBIT": 113,
        "Net Income": 70
    },
    "2015-09-30": {
        "Diluted EPS": 1.19,
        "Total Revenue": 771,
        "Gross Profit": 418,
        "Operating Income": 76,
        "EBIT": 95,
        "Net Income": 58
    },
    "2015-06-30": {
        "Diluted EPS": 1.12,
        "Total Revenue": 740,
        "Gross Profit": 409,
        "Operating Income": 70,
        "EBIT": 92,
        "Net Income": 55
    },
    "2015-03-31": {
        "Diluted EPS": 0.75,
        "Total Revenue": 725,
        "Gross Profit": 401,
        "Operating Income": 56,
        "EBIT": 78,
        "Net Income": 38
    },
    "2014-12-31": {
        "Diluted EPS": 2.94,
        "Total Revenue": NaN,
        "Gross Profit": 604,
        "Operating Income": 222,
        "EBIT": 245,
        "Net Income": 154
    },
    "2014-09-30": {
        "Diluted EPS": 1.96,
        "Total Revenue": 894,
        "Gross Profit": 509,
        "Operating Income": 155,
        "EBIT": 179,
        "Net Income": 104
    },
    "2014-06-30": {
        "Diluted EPS": 0.98,
        "Total Revenue": 774,
        "Gross Profit": 445,
        "Operating Income": 85,
        "EBIT": 110,
        "Net Income": 53
    },
    "2014-03-31": {
        "Diluted EPS": 1.22,
        "Total Revenue": 777,
        "Gross Profit": 443,
        "Operating Income": 105,
        "EBIT": 128,
        "Net Income": 66
    },
    "2013-12-31": {
        "Diluted EPS": 2.62,
        "Total Revenue": NaN,
        "Gross Profit": 609,
        "Operating Income": 219,
        "EBIT": 242,
        "Net Income": 149
    },
    "2013-09-30": {
        "Diluted EPS": 1.58,
        "Total Revenue": 810,
        "Gross Profit": 465,
        "Operating Income": 141,
        "EBIT": 162,
        "Net Income": 90
    },
    "2013-06-30": {
        "Diluted EPS": 1.15,
        "Total Revenue": 706,
        "Gross Profit": 409,
        "Operating Income": 107,
        "EBIT": 127,
        "Net Income": 68
    },
    "2013-03-31": {
        "Diluted EPS": 1.21,
        "Total Revenue": 681,
        "Gross Profit": 378,
        "Operating Income": 94,
        "EBIT": 113,
        "Net Income": 72
    },
    "2012-12-31": {
        "Diluted EPS": 2.48,
        "Total Revenue": 948,
        "Gross Profit": 540,
        "Operating Income": 205,
        "EBIT": 223,
        "Net Income": 151
    },
    "2012-09-30": {
        "Diluted EPS": 1.26,
        "Total Revenue": 684,
        "Gross Profit": 382,
        "Operating Income": 113,
        "EBIT": 130,
        "Net Income": 77
    },
    "2012-06-30": {
        "Diluted EPS": 0.92,
        "Total Revenue": 636,
        "Gross Profit": 356,
        "Operating Income": 88,
        "EBIT": 103,
        "Net Income": 57
    },
    "2012-03-31": {
        "Diluted EPS": 0.93,
        "Total Revenue": 590,
        "Gross Profit": 329,
        "Operating Income": 83,
        "EBIT": 98,
        "Net Income": 58
    },
    "2011-12-31": {
        "Diluted EPS": 1.86,
        "Total Revenue": 831,
        "Gross Profit": 466,
        "Operating Income": 174,
        "EBIT": 189,
        "Net Income": 118
    },
    "2011-09-30": {
        "Diluted EPS": 1.09,
        "Total Revenue": 643,
        "Gross Profit": 360,
        "Operating Income": 119,
        "EBIT": 131,
        "Net Income": 70
    },
    "2011-06-30": {
        "Diluted EPS": 0.8,
        "Total Revenue": 557,
        "Gross Profit": 312,
        "Operating Income": 86,
        "EBIT": 100,
        "Net Income": 51
    },
    "2011-03-31": {
        "Diluted EPS": 0.86,
        "Total Revenue": 537,
        "Gross Profit": 302,
        "Operating Income": 93,
        "EBIT": 104,
        "Net Income": 56
    },
    "2010-12-31": {
        "Diluted EPS": 1.44,
        "Total Revenue": 701,
        "Gross Profit": 400,
        "Operating Income": 150,
        "EBIT": 160,
        "Net Income": 97
    },
    "2010-09-30": {
        "Diluted EPS": 1.0,
        "Total Revenue": 524,
        "Gross Profit": 299,
        "Operating Income": 111,
        "EBIT": 121,
        "Net Income": 68
    },
    "2010-06-30": {
        "Diluted EPS": 0.8,
        "Total Revenue": 413,
        "Gross Profit": 237,
        "Operating Income": 64,
        "EBIT": 74,
        "Net Income": 54
    },
    "2010-03-31": {
        "Diluted EPS": 0.53,
        "Total Revenue": 393,
        "Gross Profit": 219,
        "Operating Income": 51,
        "EBIT": 61,
        "Net Income": 36
    },
    "2009-12-31": {
        "Diluted EPS": 1.04,
        "Total Revenue": 528,
        "Gross Profit": 298,
        "Operating Income": 108,
        "EBIT": 119,
        "Net Income": 70
    },
    "2009-09-30": {
        "Diluted EPS": 0.52,
        "Total Revenue": 381,
        "Gross Profit": 211,
        "Operating Income": 57,
        "EBIT": 67,
        "Net Income": 35
    },
    "2009-06-30": {
        "Diluted EPS": 0.25,
        "Total Revenue": 316,
        "Gross Profit": 167,
        "Operating Income": 22,
        "EBIT": 33,
        "Net Income": 17
    },
    "2009-03-31": {
        "Diluted EPS": 0.26,
        "Total Revenue": 323,
        "Gross Profit": 169,
        "Operating Income": 24,
        "EBIT": 34,
        "Net Income": 17
    },
    "2023-06-30": {
        "Tax Effect Of Unusual Items": NaN,
        "Tax Rate For Calcs": NaN,
        "Normalized EBITDA": NaN,
        "Total Unusual Items": NaN,
        "Total Unusual Items Excluding Goodwill": NaN,
        "Net Income From Continuing Operation Net Minority Interest": NaN,
        "Reconciled Depreciation": NaN,
        "Reconciled Cost Of Revenue": NaN,
        "EBITDA": NaN,
        "EBIT": NaN,
        "Net Interest Income": NaN,
        "Interest Expense": NaN,
        "Normalized Income": NaN,
        "Net Income From Continuing And Discontinued Operation": NaN,
        "Total Expenses": NaN,
        "Total Operating Income As Reported": NaN,
        "Diluted Average Shares": 52349000.0,
        "Basic Average Shares": 52349000.0,
        "Diluted EPS": -0.51,
        "Basic EPS": -0.51,
        "Diluted NI Availto Com Stockholders": NaN,
        "Net Income Common Stockholders": NaN,
        "Net Income": NaN,
        "Minority Interests": NaN,
        "Net Income Including Noncontrolling Interests": NaN,
        "Net Income Continuous Operations": NaN,
        "Tax Provision": NaN,
        "Pretax Income": NaN,
        "Other Income Expense": NaN,
        "Other Non Operating Income Expenses": NaN,
        "Special Income Charges": NaN,
        "Impairment Of Capital Assets": NaN,
        "Restructuring And Mergern Acquisition": NaN,
        "Net Non Operating Interest Income Expense": NaN,
        "Interest Expense Non Operating": NaN,
        "Operating Income": NaN,
        "Operating Expense": NaN,
        "Selling General And Administration": NaN,
        "Gross Profit": NaN,
        "Cost Of Revenue": NaN,
        "Total Revenue": NaN,
        "Operating Revenue": NaN
    },
    "2023-09-30": {
        "Tax Effect Of Unusual Items": NaN,
        "Tax Rate For Calcs": NaN,
        "Normalized EBITDA": NaN,
        "Total Unusual Items": NaN,
        "Total Unusual Items Excluding Goodwill": NaN,
        "Net Income From Continuing Operation Net Minority Interest": NaN,
        "Reconciled Depreciation": NaN,
        "Reconciled Cost Of Revenue": NaN,
        "EBITDA": NaN,
        "EBIT": NaN,
        "Net Interest Income": NaN,
        "Interest Expense": NaN,
        "Normalized Income": NaN,
        "Net Income From Continuing And Discontinued Operation": NaN,
        "Total Expenses": NaN,
        "Total Operating Income As Reported": NaN,
        "Diluted Average Shares": 52466000.0,
        "Basic Average Shares": 52466000.0,
        "Diluted EPS": -1.16,
        "Basic EPS": -1.16,
        "Diluted NI Availto Com Stockholders": NaN,
        "Net Income Common Stockholders": NaN,
        "Net Income": NaN,
        "Minority Interests": NaN,
        "Net Income Including Noncontrolling Interests": NaN,
        "Net Income Continuous Operations": NaN,
        "Tax Provision": NaN,
        "Pretax Income": NaN,
        "Other Income Expense": NaN,
        "Other Non Operating Income Expenses": NaN,
        "Special Income Charges": NaN,
        "Impairment Of Capital Assets": NaN,
        "Restructuring And Mergern Acquisition": NaN,
        "Net Non Operating Interest Income Expense": NaN,
        "Interest Expense Non Operating": NaN,
        "Operating Income": NaN,
        "Operating Expense": NaN,
        "Selling General And Administration": NaN,
        "Gross Profit": NaN,
        "Cost Of Revenue": NaN,
        "Total Revenue": NaN,
        "Operating Revenue": NaN
    },
    "2023-12-31": {
        "Tax Effect Of Unusual Items": -2834370.0,
        "Tax Rate For Calcs": 0.21,
        "Normalized EBITDA": -4047000.0,
        "Total Unusual Items": -13497000.0,
        "Total Unusual Items Excluding Goodwill": -13497000.0,
        "Net Income From Continuing Operation Net Minority Interest": -28235000.0,
        "Reconciled Depreciation": 4612000.0,
        "Reconciled Cost Of Revenue": 220727000.0,
        "EBITDA": -17544000.0,
        "EBIT": -22156000.0,
        "Net Interest Income": -2484000.0,
        "Interest Expense": 5668000.0,
        "Normalized Income": -17572370.0,
        "Net Income From Continuing And Discontinued Operation": -28235000.0,
        "Total Expenses": 428401000.0,
        "Total Operating Income As Reported": -24008000.0,
        "Diluted Average Shares": NaN,
        "Basic Average Shares": NaN,
        "Diluted EPS": NaN,
        "Basic EPS": NaN,
        "Diluted NI Availto Com Stockholders": -28235000.0,
        "Net Income Common Stockholders": -28235000.0,
        "Net Income": -28235000.0,
        "Minority Interests": 145000.0,
        "Net Income Including Noncontrolling Interests": -28380000.0,
        "Net Income Continuous Operations": -28380000.0,
        "Tax Provision": 556000.0,
        "Pretax Income": -27824000.0,
        "Other Income Expense": -18200000.0,
        "Other Non Operating Income Expenses": -4692000.0,
        "Special Income Charges": -16520000.0,
        "Impairment Of Capital Assets": 1321000.0,
        "Restructuring And Mergern Acquisition": 15547000.0,
        "Net Non Operating Interest Income Expense": -2484000.0,
        "Interest Expense Non Operating": 5668000.0,
        "Operating Income": -7140000.0,
        "Operating Expense": 207674000.0,
        "Selling General And Administration": 207674000.0,
        "Gross Profit": 200534000.0,
        "Cost Of Revenue": 220727000.0,
        "Total Revenue": 421261000.0,
        "Operating Revenue": 441066000.0
    },
    "2024-03-31": {
        "Tax Effect Of Unusual Items": -2095626.0,
        "Tax Rate For Calcs": 0.201,
        "Normalized EBITDA": -10418000.0,
        "Total Unusual Items": -10426000.0,
        "Total Unusual Items Excluding Goodwill": -10426000.0,
        "Net Income From Continuing Operation Net Minority Interest": -24296000.0,
        "Reconciled Depreciation": 4475000.0,
        "Reconciled Cost Of Revenue": 121392000.0,
        "EBITDA": -20844000.0,
        "EBIT": -25319000.0,
        "Net Interest Income": -5112000.0,
        "Interest Expense": 5112000.0,
        "Normalized Income": -15965626.0,
        "Net Income From Continuing And Discontinued Operation": -24296000.0,
        "Total Expenses": 273664000.0,
        "Total Operating Income As Reported": -29206000.0,
        "Diluted Average Shares": 52500000.0,
        "Basic Average Shares": 52500000.0,
        "Diluted EPS": -0.46,
        "Basic EPS": -0.46,
        "Diluted NI Availto Com Stockholders": -24296000.0,
        "Net Income Common Stockholders": -24296000.0,
        "Net Income": -24296000.0,
        "Minority Interests": 18000.0,
        "Net Income Including Noncontrolling Interests": -24314000.0,
        "Net Income Continuous Operations": -24314000.0,
        "Tax Provision": -6117000.0,
        "Pretax Income": -30431000.0,
        "Other Income Expense": -6539000.0,
        "Other Non Operating Income Expenses": 3887000.0,
        "Special Income Charges": -10426000.0,
        "Impairment Of Capital Assets": 373000.0,
        "Restructuring And Mergern Acquisition": 10053000.0,
        "Net Non Operating Interest Income Expense": -5112000.0,
        "Interest Expense Non Operating": 5112000.0,
        "Operating Income": -18780000.0,
        "Operating Expense": 152272000.0,
        "Selling General And Administration": 152272000.0,
        "Gross Profit": 133492000.0,
        "Cost Of Revenue": 121392000.0,
        "Total Revenue": 254884000.0,
        "Operating Revenue": 249285000.0
    },
    "2024-06-30": {
        "Tax Effect Of Unusual Items": -3622500.0,
        "Tax Rate For Calcs": 0.21,
        "Normalized EBITDA": -11371000.0,
        "Total Unusual Items": -17250000.0,
        "Total Unusual Items Excluding Goodwill": -17250000.0,
        "Net Income From Continuing Operation Net Minority Interest": -38785000.0,
        "Reconciled Depreciation": 3932000.0,
        "Reconciled Cost Of Revenue": 123140000.0,
        "EBITDA": -28621000.0,
        "EBIT": -32553000.0,
        "Net Interest Income": -4082000.0,
        "Interest Expense": 4082000.0,
        "Normalized Income": -25157500.0,
        "Net Income From Continuing And Discontinued Operation": -38785000.0,
        "Total Expenses": 276744000.0,
        "Total Operating Income As Reported": -34003000.0,
        "Diluted Average Shares": 52927000.0,
        "Basic Average Shares": 52927000.0,
        "Diluted EPS": -0.73,
        "Basic EPS": -0.73,
        "Diluted NI Availto Com Stockholders": -38785000.0,
        "Net Income Common Stockholders": -38785000.0,
        "Net Income": -38785000.0,
        "Minority Interests": 58000.0,
        "Net Income Including Noncontrolling Interests": -38843000.0,
        "Net Income Continuous Operations": -38843000.0,
        "Tax Provision": 2208000.0,
        "Pretax Income": -36635000.0,
        "Other Income Expense": -15800000.0,
        "Other Non Operating Income Expenses": 1450000.0,
        "Special Income Charges": -17250000.0,
        "Impairment Of Capital Assets": 577000.0,
        "Restructuring And Mergern Acquisition": 16673000.0,
        "Net Non Operating Interest Income Expense": -4082000.0,
        "Interest Expense Non Operating": 4082000.0,
        "Operating Income": -16753000.0,
        "Operating Expense": 153604000.0,
        "Selling General And Administration": 153604000.0,
        "Gross Profit": 136851000.0,
        "Cost Of Revenue": 123140000.0,
        "Total Revenue": 259991000.0,
        "Operating Revenue": 253845000.0
    },
    "2024-09-30": {
        "Tax Effect Of Unusual Items": -1225140.0,
        "Tax Rate For Calcs": 0.21,
        "Normalized EBITDA": -11175000.0,
        "Total Unusual Items": -5834000.0,
        "Total Unusual Items Excluding Goodwill": -5834000.0,
        "Net Income From Continuing Operation Net Minority Interest": -32031000.0,
        "Reconciled Depreciation": 3834000.0,
        "Reconciled Cost Of Revenue": 145587000.0,
        "EBITDA": -17009000.0,
        "EBIT": -20843000.0,
        "Net Interest Income": -4922000.0,
        "Interest Expense": 4922000.0,
        "Normalized Income": -27422140.0,
        "Net Income From Continuing And Discontinued Operation": -32031000.0,
        "Total Expenses": 306445000.0,
        "Total Operating Income As Reported": -24460000.0,
        "Diluted Average Shares": 53200000.0,
        "Basic Average Shares": 53200000.0,
        "Diluted EPS": -0.6,
        "Basic EPS": -0.6,
        "Diluted NI Availto Com Stockholders": -32031000.0,
        "Net Income Common Stockholders": -32031000.0,
        "Net Income": -32031000.0,
        "Minority Interests": -101000.0,
        "Net Income Including Noncontrolling Interests": -31930000.0,
        "Net Income Continuous Operations": -31930000.0,
        "Tax Provision": 6165000.0,
        "Pretax Income": -25765000.0,
        "Other Income Expense": -2217000.0,
        "Other Non Operating Income Expenses": 3617000.0,
        "Special Income Charges": -5834000.0,
        "Impairment Of Capital Assets": 985000.0,
        "Restructuring And Mergern Acquisition": 4849000.0,
        "Net Non Operating Interest Income Expense": -4922000.0,
        "Interest Expense Non Operating": 4922000.0,
        "Operating Income": -18626000.0,
        "Operating Expense": 160858000.0,
        "Selling General And Administration": 160858000.0,
        "Gross Profit": 142232000.0,
        "Cost Of Revenue": 145587000.0,
        "Total Revenue": 287819000.0,
        "Operating Revenue": 282621000.0
    },
    "2024-12-31": {
        "Tax Effect Of Unusual Items": -6293280.0,
        "Tax Rate For Calcs": 0.21,
        "Normalized EBITDA": 13368000.0,
        "Total Unusual Items": -29968000.0,
        "Total Unusual Items Excluding Goodwill": -29968000.0,
        "Net Income From Continuing Operation Net Minority Interest": -7559000.0,
        "Reconciled Depreciation": 3759000.0,
        "Reconciled Cost Of Revenue": 157720000.0,
        "EBITDA": -16600000.0,
        "EBIT": -20359000.0,
        "Net Interest Income": -488000.0,
        "Interest Expense": 4874000.0,
        "Normalized Income": 16115720.0,
        "Net Income From Continuing And Discontinued Operation": -7559000.0,
        "Total Expenses": 329763000.0,
        "Total Operating Income As Reported": -16278000.0,
        "Diluted Average Shares": 53200000.0,
        "Basic Average Shares": 53200000.0,
        "Diluted EPS": -0.14,
        "Basic EPS": -0.14,
        "Diluted NI Availto Com Stockholders": -7559000.0,
        "Net Income Common Stockholders": -7559000.0,
        "Net Income": -7559000.0,
        "Minority Interests": 3630000.0,
        "Net Income Including Noncontrolling Interests": -11189000.0,
        "Net Income Continuous Operations": -11189000.0,
        "Tax Provision": -14044000.0,
        "Pretax Income": -25233000.0,
        "Other Income Expense": -37279000.0,
        "Other Non Operating Income Expenses": -7311000.0,
        "Special Income Charges": -28658000.0,
        "Impairment Of Capital Assets": 606000.0,
        "Restructuring And Mergern Acquisition": 28206000.0,
        "Net Non Operating Interest Income Expense": -488000.0,
        "Interest Expense Non Operating": 4874000.0,
        "Operating Income": 12534000.0,
        "Operating Expense": 172043000.0,
        "Selling General And Administration": 172043000.0,
        "Gross Profit": 184577000.0,
        "Cost Of Revenue": 157720000.0,
        "Total Revenue": 342297000.0,
        "Operating Revenue": 359239000.0
    }
}