{
    "2023-03-31": {
        "Tax Effect Of Unusual Items": NaN,
        "Tax Rate For Calcs": NaN,
        "Normalized EBITDA": NaN,
        "Total Unusual Items": NaN,
        "Total Unusual Items Excluding Goodwill": NaN,
        "Net Income From Continuing Operation Net Minority Interest": NaN,
        "Reconciled Depreciation": NaN,
        "Reconciled Cost Of Revenue": NaN,
        "EBITDA": NaN,
        "EBIT": NaN,
        "Net Interest Income": NaN,
        "Interest Expense": NaN,
        "Interest Income": NaN,
        "Normalized Income": NaN,
        "Net Income From Continuing And Discontinued Operation": NaN,
        "Total Expenses": NaN,
        "Total Operating Income As Reported": NaN,
        "Diluted Average Shares": NaN,
        "Basic Average Shares": NaN,
        "Diluted EPS": NaN,
        "Basic EPS": NaN,
        "Diluted NI Availto Com Stockholders": NaN,
        "Net Income Common Stockholders": NaN,
        "Net Income": NaN,
        "Minority Interests": NaN,
        "Net Income Including Noncontrolling Interests": NaN,
        "Net Income Continuous Operations": NaN,
        "Tax Provision": NaN,
        "Pretax Income": NaN,
        "Other Income Expense": NaN,
        "Other Non Operating Income Expenses": NaN,
        "Special Income Charges": NaN,
        "Other Special Charges": 7000000.0,
        "Restructuring And Mergern Acquisition": NaN,
        "Gain On Sale Of Security": NaN,
        "Net Non Operating Interest Income Expense": NaN,
        "Interest Expense Non Operating": NaN,
        "Interest Income Non Operating": NaN,
        "Operating Income": NaN,
        "Operating Expense": NaN,
        "Depreciation Amortization Depletion Income Statement": NaN,
        "Depreciation And Amortization In Income Statement": NaN,
        "Selling General And Administration": NaN,
        "Selling And Marketing Expense": NaN,
        "General And Administrative Expense": NaN,
        "Other Gand A": NaN,
        "Gross Profit": NaN,
        "Cost Of Revenue": NaN,
        "Total Revenue": NaN,
        "Operating Revenue": NaN
    },
    "2022-12-31": {
        "Tax Effect Of Unusual Items": NaN,
        "Tax Rate For Calcs": NaN,
        "Normalized EBITDA": NaN,
        "Total Unusual Items": NaN,
        "Total Unusual Items Excluding Goodwill": NaN,
        "Net Income From Continuing Operation Net Minority Interest": NaN,
        "Reconciled Depreciation": NaN,
        "Reconciled Cost Of Revenue": NaN,
        "EBITDA": NaN,
        "EBIT": NaN,
        "Net Interest Income": NaN,
        "Interest Expense": NaN,
        "Interest Income": NaN,
        "Normalized Income": NaN,
        "Net Income From Continuing And Discontinued Operation": NaN,
        "Total Expenses": NaN,
        "Total Operating Income As Reported": NaN,
        "Diluted Average Shares": NaN,
        "Basic Average Shares": NaN,
        "Diluted EPS": NaN,
        "Basic EPS": NaN,
        "Diluted NI Availto Com Stockholders": NaN,
        "Net Income Common Stockholders": NaN,
        "Net Income": NaN,
        "Minority Interests": NaN,
        "Net Income Including Noncontrolling Interests": NaN,
        "Net Income Continuous Operations": NaN,
        "Tax Provision": NaN,
        "Pretax Income": NaN,
        "Other Income Expense": NaN,
        "Other Non Operating Income Expenses": NaN,
        "Special Income Charges": NaN,
        "Other Special Charges": NaN,
        "Restructuring And Mergern Acquisition": -36800000.0,
        "Gain On Sale Of Security": NaN,
        "Net Non Operating Interest Income Expense": NaN,
        "Interest Expense Non Operating": NaN,
        "Interest Income Non Operating": NaN,
        "Operating Income": NaN,
        "Operating Expense": NaN,
        "Depreciation Amortization Depletion Income Statement": NaN,
        "Depreciation And Amortization In Income Statement": NaN,
        "Selling General And Administration": NaN,
        "Selling And Marketing Expense": NaN,
        "General And Administrative Expense": NaN,
        "Other Gand A": NaN,
        "Gross Profit": NaN,
        "Cost Of Revenue": NaN,
        "Total Revenue": NaN,
        "Operating Revenue": NaN
    },
    "2022-09-30": {
        "Tax Effect Of Unusual Items": NaN,
        "Tax Rate For Calcs": NaN,
        "Normalized EBITDA": NaN,
        "Total Unusual Items": NaN,
        "Total Unusual Items Excluding Goodwill": NaN,
        "Net Income From Continuing Operation Net Minority Interest": NaN,
        "Reconciled Depreciation": NaN,
        "Reconciled Cost Of Revenue": NaN,
        "EBITDA": NaN,
        "EBIT": NaN,
        "Net Interest Income": NaN,
        "Interest Expense": NaN,
        "Interest Income": NaN,
        "Normalized Income": NaN,
        "Net Income From Continuing And Discontinued Operation": NaN,
        "Total Expenses": NaN,
        "Total Operating Income As Reported": NaN,
        "Diluted Average Shares": 81449926.0,
        "Basic Average Shares": 55151405.0,
        "Diluted EPS": 0.57,
        "Basic EPS": 0.78,
        "Diluted NI Availto Com Stockholders": NaN,
        "Net Income Common Stockholders": NaN,
        "Net Income": NaN,
        "Minority Interests": NaN,
        "Net Income Including Noncontrolling Interests": NaN,
        "Net Income Continuous Operations": NaN,
        "Tax Provision": NaN,
        "Pretax Income": NaN,
        "Other Income Expense": NaN,
        "Other Non Operating Income Expenses": NaN,
        "Special Income Charges": NaN,
        "Other Special Charges": -36900000.0,
        "Restructuring And Mergern Acquisition": NaN,
        "Gain On Sale Of Security": NaN,
        "Net Non Operating Interest Income Expense": NaN,
        "Interest Expense Non Operating": NaN,
        "Interest Income Non Operating": NaN,
        "Operating Income": NaN,
        "Operating Expense": NaN,
        "Depreciation Amortization Depletion Income Statement": NaN,
        "Depreciation And Amortization In Income Statement": NaN,
        "Selling General And Administration": NaN,
        "Selling And Marketing Expense": NaN,
        "General And Administrative Expense": NaN,
        "Other Gand A": NaN,
        "Gross Profit": NaN,
        "Cost Of Revenue": NaN,
        "Total Revenue": NaN,
        "Operating Revenue": NaN
    },
    "2022-06-30": {
        "Tax Effect Of Unusual Items": -6300.0,
        "Tax Rate For Calcs": 0.063,
        "Normalized EBITDA": 54400000.0,
        "Total Unusual Items": -100000.0,
        "Total Unusual Items Excluding Goodwill": -100000.0,
        "Net Income From Continuing Operation Net Minority Interest": 10300000.0,
        "Reconciled Depreciation": 29900000.0,
        "Reconciled Cost Of Revenue": 387700000.0,
        "EBITDA": 54300000.0,
        "EBIT": 24400000.0,
        "Net Interest Income": -7000000.0,
        "Interest Expense": 8400000.0,
        "Interest Income": 1400000.0,
        "Normalized Income": 10393700.0,
        "Net Income From Continuing And Discontinued Operation": 10300000.0,
        "Total Expenses": 483700000.0,
        "Total Operating Income As Reported": 22900000.0,
        "Diluted Average Shares": 82521039.0,
        "Basic Average Shares": 55796562.0,
        "Diluted EPS": 0.18,
        "Basic EPS": 0.19,
        "Diluted NI Availto Com Stockholders": 10300000.0,
        "Net Income Common Stockholders": 10300000.0,
        "Otherunder Preferred Stock Dividend": 0.0,
        "Net Income": 10300000.0,
        "Minority Interests": -4700000.0,
        "Net Income Including Noncontrolling Interests": 15000000.0,
        "Net Income Continuous Operations": 15000000.0,
        "Tax Provision": 1000000.0,
        "Pretax Income": 16000000.0,
        "Other Income Expense": NaN,
        "Other Non Operating Income Expenses": 100000.0,
        "Special Income Charges": -100000.0,
        "Other Special Charges": NaN,
        "Restructuring And Mergern Acquisition": 100000.0,
        "Gain On Sale Of Security": NaN,
        "Net Non Operating Interest Income Expense": -7000000.0,
        "Interest Expense Non Operating": 8400000.0,
        "Interest Income Non Operating": 1400000.0,
        "Operating Income": 23000000.0,
        "Operating Expense": 82800000.0,
        "Depreciation Amortization Depletion Income Statement": 16700000.0,
        "Depreciation And Amortization In Income Statement": 16700000.0,
        "Amortization": 8400000.0,
        "Amortization Of Intangibles Income Statement": 8400000.0,
        "Depreciation Income Statement": 8300000.0,
        "Selling General And Administration": 66100000.0,
        "Selling And Marketing Expense": 2900000.0,
        "General And Administrative Expense": 63200000.0,
        "Other Gand A": 63200000.0,
        "Gross Profit": 105800000.0,
        "Cost Of Revenue": 400900000.0,
        "Total Revenue": 506700000.0,
        "Operating Revenue": 506700000.0
    },
    "2022-03-31": {
        "Diluted EPS": -0.13,
        "Total Revenue": 402,
        "Gross Profit": 85,
        "Operating Income": -12,
        "EBIT": 19,
        "Net Income": -8
    },
    "2021-12-31": {
        "Diluted EPS": -0.14,
        "Total Revenue": 399,
        "Gross Profit": 84,
        "Operating Income": -5,
        "EBIT": 24,
        "Net Income": -9
    },
    "2021-09-30": {
        "Diluted EPS": -0.16,
        "Total Revenue": 378,
        "Gross Profit": 64,
        "Operating Income": -6,
        "EBIT": 22,
        "Net Income": -9
    },
    "2021-06-30": {
        "Diluted EPS": 0.04,
        "Total Revenue": 351,
        "Gross Profit": 78,
        "Operating Income": 5,
        "EBIT": 32,
        "Net Income": 3
    },
    "2021-03-31": {
        "Diluted EPS": -0.62,
        "Total Revenue": 239,
        "Gross Profit": 52,
        "Operating Income": -44,
        "EBIT": -17,
        "Net Income": -33
    },
    "2020-12-31": {
        "Diluted EPS": -0.26,
        "Total Revenue": 211,
        "Gross Profit": 51,
        "Operating Income": -6,
        "EBIT": 21,
        "Net Income": -12
    },
    "2020-09-30": {
        "Diluted EPS": -0.12,
        "Total Revenue": 215,
        "Gross Profit": 52,
        "Operating Income": -4,
        "EBIT": 21,
        "Net Income": -5
    },
    "2020-06-30": {
        "Diluted EPS": -0.03,
        "Total Revenue": 142,
        "Gross Profit": 32,
        "Operating Income": -57,
        "EBIT": -38,
        "Net Income": -1
    },
    "2020-03-31": {
        "Diluted EPS": 0.0,
        "Total Revenue": 199,
        "Gross Profit": 43,
        "Operating Income": 9,
        "EBIT": 27,
        "Net Income": 0
    },
    "2019-12-31": {
        "Diluted EPS": 0.0,
        "Total Revenue": NaN,
        "Gross Profit": NaN,
        "Operating Income": NaN,
        "EBIT": NaN,
        "Net Income": NaN
    },
    "2019-09-30": {
        "Diluted EPS": 0.0,
        "Total Revenue": 194,
        "Gross Profit": 47,
        "Operating Income": -9,
        "EBIT": 8,
        "Net Income": -23
    },
    "2019-06-30": {
        "Diluted EPS": 0.0,
        "Total Revenue": 181,
        "Gross Profit": 44,
        "Operating Income": 4,
        "EBIT": 4,
        "Net Income": -8
    },
    "2018-12-31": {
        "Diluted EPS": 0.0,
        "Total Revenue": NaN,
        "Gross Profit": NaN,
        "Operating Income": NaN,
        "EBIT": NaN,
        "Net Income": NaN
    },
    "2023-06-30": {
        "Tax Effect Of Unusual Items": NaN,
        "Tax Rate For Calcs": NaN,
        "Normalized EBITDA": NaN,
        "Total Unusual Items": NaN,
        "Total Unusual Items Excluding Goodwill": NaN,
        "Net Income From Continuing Operation Net Minority Interest": NaN,
        "Reconciled Depreciation": NaN,
        "Reconciled Cost Of Revenue": NaN,
        "EBITDA": NaN,
        "EBIT": NaN,
        "Net Interest Income": NaN,
        "Interest Expense": NaN,
        "Interest Income": NaN,
        "Normalized Income": NaN,
        "Net Income From Continuing And Discontinued Operation": NaN,
        "Total Expenses": NaN,
        "Total Operating Income As Reported": NaN,
        "Diluted Average Shares": 60235193.0,
        "Basic Average Shares": 58975939.0,
        "Diluted EPS": 0.42,
        "Basic EPS": 0.43,
        "Diluted NI Availto Com Stockholders": NaN,
        "Net Income Common Stockholders": NaN,
        "Net Income": NaN,
        "Minority Interests": NaN,
        "Net Income Including Noncontrolling Interests": NaN,
        "Net Income Continuous Operations": NaN,
        "Tax Provision": NaN,
        "Pretax Income": NaN,
        "Other Income Expense": NaN,
        "Other Non Operating Income Expenses": NaN,
        "Special Income Charges": NaN,
        "Other Special Charges": 5600000.0,
        "Restructuring And Mergern Acquisition": NaN,
        "Gain On Sale Of Security": NaN,
        "Net Non Operating Interest Income Expense": NaN,
        "Interest Expense Non Operating": NaN,
        "Interest Income Non Operating": NaN,
        "Operating Income": NaN,
        "Operating Expense": NaN,
        "Depreciation Amortization Depletion Income Statement": NaN,
        "Depreciation And Amortization In Income Statement": NaN,
        "Selling General And Administration": NaN,
        "Selling And Marketing Expense": NaN,
        "General And Administrative Expense": NaN,
        "Other Gand A": NaN,
        "Gross Profit": NaN,
        "Cost Of Revenue": NaN,
        "Total Revenue": NaN,
        "Operating Revenue": NaN
    },
    "2023-09-30": {
        "Tax Effect Of Unusual Items": -126000.0,
        "Tax Rate For Calcs": 0.02,
        "Normalized EBITDA": 116800000.0,
        "Total Unusual Items": -6300000.0,
        "Total Unusual Items Excluding Goodwill": -6300000.0,
        "Net Income From Continuing Operation Net Minority Interest": 32600000.0,
        "Reconciled Depreciation": 55100000.0,
        "Reconciled Cost Of Revenue": 480000000.0,
        "EBITDA": 110500000.0,
        "EBIT": 55400000.0,
        "Net Interest Income": 1600000.0,
        "Interest Expense": 8000000.0,
        "Interest Income": 9600000.0,
        "Normalized Income": 38774000.0,
        "Net Income From Continuing And Discontinued Operation": 32600000.0,
        "Total Expenses": 621800000.0,
        "Total Operating Income As Reported": 44700000.0,
        "Diluted Average Shares": 59432356.0,
        "Basic Average Shares": 58296281.0,
        "Diluted EPS": 0.55,
        "Basic EPS": 0.56,
        "Diluted NI Availto Com Stockholders": 32600000.0,
        "Net Income Common Stockholders": 32600000.0,
        "Net Income": 32600000.0,
        "Minority Interests": -13900000.0,
        "Net Income Including Noncontrolling Interests": 46500000.0,
        "Net Income Continuous Operations": 46500000.0,
        "Tax Provision": 900000.0,
        "Pretax Income": 47400000.0,
        "Other Income Expense": -7800000.0,
        "Other Non Operating Income Expenses": -1500000.0,
        "Special Income Charges": -8900000.0,
        "Other Special Charges": NaN,
        "Restructuring And Mergern Acquisition": 8900000.0,
        "Gain On Sale Of Security": 2600000.0,
        "Net Non Operating Interest Income Expense": 1600000.0,
        "Interest Expense Non Operating": 8000000.0,
        "Interest Income Non Operating": 9600000.0,
        "Operating Income": 53600000.0,
        "Operating Expense": 126700000.0,
        "Depreciation Amortization Depletion Income Statement": 40000000.0,
        "Depreciation And Amortization In Income Statement": 40000000.0,
        "Selling General And Administration": 86700000.0,
        "Selling And Marketing Expense": 4700000.0,
        "General And Administrative Expense": 82000000.0,
        "Other Gand A": 82000000.0,
        "Gross Profit": 180300000.0,
        "Cost Of Revenue": 495100000.0,
        "Total Revenue": 675400000.0,
        "Operating Revenue": 675400000.0
    },
    "2023-12-31": {
        "Tax Effect Of Unusual Items": -2325688.073394,
        "Tax Rate For Calcs": 0.119266,
        "Normalized EBITDA": 111200000.0,
        "Total Unusual Items": -19500000.0,
        "Total Unusual Items Excluding Goodwill": -19500000.0,
        "Net Income From Continuing Operation Net Minority Interest": 13700000.0,
        "Reconciled Depreciation": 61900000.0,
        "Reconciled Cost Of Revenue": 490900000.0,
        "EBITDA": 91700000.0,
        "EBIT": 29800000.0,
        "Net Interest Income": -2100000.0,
        "Interest Expense": 8000000.0,
        "Interest Income": 5900000.0,
        "Normalized Income": 30874311.926606,
        "Net Income From Continuing And Discontinued Operation": 13700000.0,
        "Total Expenses": 657800000.0,
        "Total Operating Income As Reported": 27400000.0,
        "Diluted Average Shares": NaN,
        "Basic Average Shares": NaN,
        "Diluted EPS": NaN,
        "Basic EPS": NaN,
        "Diluted NI Availto Com Stockholders": 13700000.0,
        "Net Income Common Stockholders": 13700000.0,
        "Net Income": 13700000.0,
        "Minority Interests": -5500000.0,
        "Net Income Including Noncontrolling Interests": 19200000.0,
        "Net Income Continuous Operations": 19200000.0,
        "Tax Provision": 2600000.0,
        "Pretax Income": 21800000.0,
        "Other Income Expense": -23700000.0,
        "Other Non Operating Income Expenses": -4200000.0,
        "Special Income Charges": -20200000.0,
        "Other Special Charges": NaN,
        "Restructuring And Mergern Acquisition": 1600000.0,
        "Gain On Sale Of Security": 700000.0,
        "Net Non Operating Interest Income Expense": -2100000.0,
        "Interest Expense Non Operating": 8000000.0,
        "Interest Income Non Operating": 5900000.0,
        "Operating Income": 47600000.0,
        "Operating Expense": 147600000.0,
        "Depreciation Amortization Depletion Income Statement": 42600000.0,
        "Depreciation And Amortization In Income Statement": 42600000.0,
        "Selling General And Administration": 105000000.0,
        "Selling And Marketing Expense": 3900000.0,
        "General And Administrative Expense": 101100000.0,
        "Other Gand A": 101100000.0,
        "Gross Profit": 195200000.0,
        "Cost Of Revenue": 510200000.0,
        "Total Revenue": 705400000.0,
        "Operating Revenue": 705400000.0
    },
    "2024-03-31": {
        "Tax Effect Of Unusual Items": 445000.0,
        "Tax Rate For Calcs": 0.05,
        "Normalized EBITDA": 95200000.0,
        "Total Unusual Items": 8900000.0,
        "Total Unusual Items Excluding Goodwill": 8900000.0,
        "Net Income From Continuing Operation Net Minority Interest": 20600000.0,
        "Reconciled Depreciation": 66100000.0,
        "Reconciled Cost Of Revenue": 498300000.0,
        "EBITDA": 104100000.0,
        "EBIT": 38000000.0,
        "Net Interest Income": -2700000.0,
        "Interest Expense": 8100000.0,
        "Interest Income": 5400000.0,
        "Normalized Income": 12145000.0,
        "Net Income From Continuing And Discontinued Operation": 20600000.0,
        "Total Expenses": 683900000.0,
        "Total Operating Income As Reported": 21400000.0,
        "Diluted Average Shares": 67657144.0,
        "Basic Average Shares": 66139394.0,
        "Diluted EPS": 0.31,
        "Basic EPS": 0.31,
        "Diluted NI Availto Com Stockholders": 20600000.0,
        "Net Income Common Stockholders": 20600000.0,
        "Net Income": 20600000.0,
        "Minority Interests": -7900000.0,
        "Net Income Including Noncontrolling Interests": 28500000.0,
        "Net Income Continuous Operations": 28500000.0,
        "Tax Provision": 1400000.0,
        "Pretax Income": 29900000.0,
        "Other Income Expense": 9100000.0,
        "Other Non Operating Income Expenses": 200000.0,
        "Special Income Charges": -2100000.0,
        "Other Special Charges": NaN,
        "Restructuring And Mergern Acquisition": 2100000.0,
        "Gain On Sale Of Security": 11000000.0,
        "Net Non Operating Interest Income Expense": -2700000.0,
        "Interest Expense Non Operating": 8100000.0,
        "Interest Income Non Operating": 5400000.0,
        "Operating Income": 23500000.0,
        "Operating Expense": 164300000.0,
        "Depreciation Amortization Depletion Income Statement": 44800000.0,
        "Depreciation And Amortization In Income Statement": 44800000.0,
        "Selling General And Administration": 119500000.0,
        "Selling And Marketing Expense": 4400000.0,
        "General And Administrative Expense": 115100000.0,
        "Other Gand A": 115100000.0,
        "Gross Profit": 187800000.0,
        "Cost Of Revenue": 519600000.0,
        "Total Revenue": 707400000.0,
        "Operating Revenue": 707400000.0
    },
    "2024-06-30": {
        "Tax Effect Of Unusual Items": -105000.0,
        "Tax Rate For Calcs": 0.21,
        "Normalized EBITDA": 131000000.0,
        "Total Unusual Items": -500000.0,
        "Total Unusual Items Excluding Goodwill": -500000.0,
        "Net Income From Continuing Operation Net Minority Interest": 39200000.0,
        "Reconciled Depreciation": 69700000.0,
        "Reconciled Cost Of Revenue": 572200000.0,
        "EBITDA": 130500000.0,
        "EBIT": 60800000.0,
        "Net Interest Income": -3100000.0,
        "Interest Expense": 8100000.0,
        "Interest Income": 5000000.0,
        "Normalized Income": 39595000.0,
        "Net Income From Continuing And Discontinued Operation": 39200000.0,
        "Total Expenses": 767500000.0,
        "Total Operating Income As Reported": 59200000.0,
        "Diluted Average Shares": 67254622.0,
        "Basic Average Shares": 66127973.0,
        "Diluted EPS": 0.58,
        "Basic EPS": 0.59,
        "Diluted NI Availto Com Stockholders": 39200000.0,
        "Net Income Common Stockholders": 39200000.0,
        "Net Income": 39200000.0,
        "Minority Interests": -15300000.0,
        "Net Income Including Noncontrolling Interests": 54500000.0,
        "Net Income Continuous Operations": 54500000.0,
        "Tax Provision": -1800000.0,
        "Pretax Income": 52700000.0,
        "Other Income Expense": -3700000.0,
        "Other Non Operating Income Expenses": -3200000.0,
        "Special Income Charges": -300000.0,
        "Other Special Charges": NaN,
        "Restructuring And Mergern Acquisition": 300000.0,
        "Gain On Sale Of Security": -200000.0,
        "Net Non Operating Interest Income Expense": -3100000.0,
        "Interest Expense Non Operating": 8100000.0,
        "Interest Income Non Operating": 5000000.0,
        "Operating Income": 59500000.0,
        "Operating Expense": 172300000.0,
        "Depreciation Amortization Depletion Income Statement": 46700000.0,
        "Depreciation And Amortization In Income Statement": 46700000.0,
        "Selling General And Administration": 125600000.0,
        "Selling And Marketing Expense": 3900000.0,
        "General And Administrative Expense": 121700000.0,
        "Other Gand A": 121700000.0,
        "Gross Profit": 231800000.0,
        "Cost Of Revenue": 595200000.0,
        "Total Revenue": 827000000.0,
        "Operating Revenue": 827000000.0
    },
    "2024-09-30": {
        "Tax Effect Of Unusual Items": 1953000.0,
        "Tax Rate For Calcs": 0.21,
        "Normalized EBITDA": -122000000.0,
        "Total Unusual Items": 9300000.0,
        "Total Unusual Items Excluding Goodwill": 9300000.0,
        "Net Income From Continuing Operation Net Minority Interest": 53800000.0,
        "Reconciled Depreciation": 77300000.0,
        "Reconciled Cost Of Revenue": 616200000.0,
        "EBITDA": -112700000.0,
        "EBIT": -190000000.0,
        "Net Interest Income": -8600000.0,
        "Interest Expense": 18300000.0,
        "Interest Income": 9700000.0,
        "Normalized Income": 46453000.0,
        "Net Income From Continuing And Discontinued Operation": 53800000.0,
        "Total Expenses": 827300000.0,
        "Total Operating Income As Reported": 80400000.0,
        "Diluted Average Shares": 91016252.0,
        "Basic Average Shares": 68450643.0,
        "Diluted EPS": 0.74,
        "Basic EPS": 0.78,
        "Diluted NI Availto Com Stockholders": 53800000.0,
        "Net Income Common Stockholders": 53800000.0,
        "Net Income": 53800000.0,
        "Minority Interests": -18400000.0,
        "Net Income Including Noncontrolling Interests": 72200000.0,
        "Net Income Continuous Operations": 72200000.0,
        "Tax Provision": -280500000.0,
        "Pretax Income": -208300000.0,
        "Other Income Expense": -281600000.0,
        "Other Non Operating Income Expenses": -290900000.0,
        "Special Income Charges": -1500000.0,
        "Other Special Charges": NaN,
        "Restructuring And Mergern Acquisition": 1500000.0,
        "Gain On Sale Of Security": 10800000.0,
        "Net Non Operating Interest Income Expense": -8600000.0,
        "Interest Expense Non Operating": 18300000.0,
        "Interest Income Non Operating": 9700000.0,
        "Operating Income": 81900000.0,
        "Operating Expense": 185400000.0,
        "Depreciation Amortization Depletion Income Statement": 51600000.0,
        "Depreciation And Amortization In Income Statement": 51600000.0,
        "Selling General And Administration": 133800000.0,
        "Selling And Marketing Expense": 6200000.0,
        "General And Administrative Expense": 127600000.0,
        "Other Gand A": 127600000.0,
        "Gross Profit": 267300000.0,
        "Cost Of Revenue": 641900000.0,
        "Total Revenue": 909200000.0,
        "Operating Revenue": 909200000.0
    }
}