{
    "2023-06-30": {
        "Tax Effect Of Unusual Items": NaN,
        "Tax Rate For Calcs": NaN,
        "Normalized EBITDA": NaN,
        "Total Unusual Items": NaN,
        "Total Unusual Items Excluding Goodwill": NaN,
        "Net Income From Continuing Operation Net Minority Interest": NaN,
        "Reconciled Depreciation": NaN,
        "Reconciled Cost Of Revenue": NaN,
        "EBITDA": NaN,
        "EBIT": NaN,
        "Net Interest Income": NaN,
        "Interest Income": NaN,
        "Normalized Income": NaN,
        "Net Income From Continuing And Discontinued Operation": NaN,
        "Total Expenses": NaN,
        "Diluted Average Shares": NaN,
        "Basic Average Shares": NaN,
        "Diluted EPS": NaN,
        "Basic EPS": NaN,
        "Diluted NI Availto Com Stockholders": NaN,
        "Average Dilution Earnings": NaN,
        "Net Income Common Stockholders": NaN,
        "Otherunder Preferred Stock Dividend": NaN,
        "Net Income": NaN,
        "Minority Interests": NaN,
        "Net Income Including Noncontrolling Interests": NaN,
        "Net Income Continuous Operations": NaN,
        "Tax Provision": NaN,
        "Pretax Income": NaN,
        "Other Income Expense": NaN,
        "Other Non Operating Income Expenses": NaN,
        "Special Income Charges": NaN,
        "Other Special Charges": NaN,
        "Restructuring And Mergern Acquisition": 0.0,
        "Earnings From Equity Interest": NaN,
        "Net Non Operating Interest Income Expense": NaN,
        "Interest Income Non Operating": NaN,
        "Operating Income": NaN,
        "Operating Expense": NaN,
        "Other Operating Expenses": NaN,
        "Selling General And Administration": NaN,
        "General And Administrative Expense": 12710000.0,
        "Other Gand A": 12710000.0,
        "Salaries And Wages": 20000.0,
        "Gross Profit": NaN,
        "Cost Of Revenue": NaN,
        "Total Revenue": NaN,
        "Operating Revenue": NaN
    },
    "2023-03-31": {
        "Tax Effect Of Unusual Items": NaN,
        "Tax Rate For Calcs": NaN,
        "Normalized EBITDA": NaN,
        "Total Unusual Items": NaN,
        "Total Unusual Items Excluding Goodwill": NaN,
        "Net Income From Continuing Operation Net Minority Interest": NaN,
        "Reconciled Depreciation": NaN,
        "Reconciled Cost Of Revenue": NaN,
        "EBITDA": NaN,
        "EBIT": NaN,
        "Net Interest Income": NaN,
        "Interest Expense": 202000.0,
        "Interest Income": NaN,
        "Normalized Income": NaN,
        "Net Income From Continuing And Discontinued Operation": NaN,
        "Total Expenses": NaN,
        "Diluted Average Shares": NaN,
        "Basic Average Shares": NaN,
        "Diluted EPS": NaN,
        "Basic EPS": NaN,
        "Diluted NI Availto Com Stockholders": NaN,
        "Average Dilution Earnings": NaN,
        "Net Income Common Stockholders": NaN,
        "Otherunder Preferred Stock Dividend": NaN,
        "Net Income": NaN,
        "Minority Interests": NaN,
        "Net Income Including Noncontrolling Interests": NaN,
        "Net Income Continuous Operations": NaN,
        "Tax Provision": NaN,
        "Pretax Income": NaN,
        "Other Income Expense": NaN,
        "Other Non Operating Income Expenses": 181000.0,
        "Special Income Charges": NaN,
        "Other Special Charges": NaN,
        "Restructuring And Mergern Acquisition": 0.0,
        "Earnings From Equity Interest": NaN,
        "Net Non Operating Interest Income Expense": NaN,
        "Interest Expense Non Operating": 202000.0,
        "Interest Income Non Operating": NaN,
        "Operating Income": NaN,
        "Operating Expense": NaN,
        "Other Operating Expenses": NaN,
        "Selling General And Administration": NaN,
        "General And Administrative Expense": NaN,
        "Other Gand A": NaN,
        "Salaries And Wages": NaN,
        "Gross Profit": NaN,
        "Cost Of Revenue": NaN,
        "Total Revenue": NaN,
        "Operating Revenue": NaN
    },
    "2022-12-31": {
        "Tax Effect Of Unusual Items": NaN,
        "Tax Rate For Calcs": NaN,
        "Normalized EBITDA": NaN,
        "Total Unusual Items": NaN,
        "Total Unusual Items Excluding Goodwill": NaN,
        "Net Income From Continuing Operation Net Minority Interest": NaN,
        "Reconciled Depreciation": NaN,
        "Reconciled Cost Of Revenue": NaN,
        "EBITDA": NaN,
        "EBIT": NaN,
        "Net Interest Income": NaN,
        "Interest Expense": NaN,
        "Interest Income": NaN,
        "Normalized Income": NaN,
        "Net Income From Continuing And Discontinued Operation": NaN,
        "Total Expenses": NaN,
        "Diluted Average Shares": NaN,
        "Basic Average Shares": NaN,
        "Diluted EPS": NaN,
        "Basic EPS": NaN,
        "Diluted NI Availto Com Stockholders": NaN,
        "Average Dilution Earnings": NaN,
        "Net Income Common Stockholders": NaN,
        "Otherunder Preferred Stock Dividend": NaN,
        "Net Income": NaN,
        "Minority Interests": NaN,
        "Net Income Including Noncontrolling Interests": NaN,
        "Net Income Continuous Operations": NaN,
        "Tax Provision": NaN,
        "Pretax Income": NaN,
        "Other Income Expense": NaN,
        "Other Non Operating Income Expenses": -91000.0,
        "Special Income Charges": NaN,
        "Other Special Charges": NaN,
        "Restructuring And Mergern Acquisition": 0.0,
        "Earnings From Equity Interest": NaN,
        "Net Non Operating Interest Income Expense": NaN,
        "Interest Expense Non Operating": NaN,
        "Interest Income Non Operating": NaN,
        "Operating Income": NaN,
        "Operating Expense": NaN,
        "Selling General And Administration": NaN,
        "General And Administrative Expense": NaN,
        "Other Gand A": NaN,
        "Salaries And Wages": NaN,
        "Gross Profit": NaN,
        "Cost Of Revenue": NaN,
        "Total Revenue": NaN,
        "Operating Revenue": NaN
    },
    "2022-09-30": {
        "Tax Effect Of Unusual Items": 0.0,
        "Tax Rate For Calcs": 0.21,
        "Normalized EBITDA": -5682000.0,
        "Total Unusual Items": 0.0,
        "Total Unusual Items Excluding Goodwill": 0.0,
        "Net Income From Continuing Operation Net Minority Interest": -4439000.0,
        "Reconciled Depreciation": 6729000.0,
        "Reconciled Cost Of Revenue": 9068000.0,
        "EBITDA": -5682000.0,
        "EBIT": -5682000.0,
        "Net Interest Income": 307000.0,
        "Interest Expense": NaN,
        "Interest Income": 307000.0,
        "Normalized Income": -4439000.0,
        "Net Income From Continuing And Discontinued Operation": -4439000.0,
        "Total Expenses": 21098000.0,
        "Diluted Average Shares": 68879642.0,
        "Basic Average Shares": 68514843.0,
        "Diluted EPS": -0.07,
        "Basic EPS": -0.06,
        "Diluted NI Availto Com Stockholders": -4439000.0,
        "Average Dilution Earnings": -90000.0,
        "Net Income Common Stockholders": -4439000.0,
        "Otherunder Preferred Stock Dividend": -18000.0,
        "Net Income": -4439000.0,
        "Minority Interests": 5092000.0,
        "Net Income Including Noncontrolling Interests": -9531000.0,
        "Net Income Continuous Operations": -9531000.0,
        "Tax Provision": 3000.0,
        "Pretax Income": -9528000.0,
        "Other Income Expense": -4153000.0,
        "Other Non Operating Income Expenses": 112000.0,
        "Special Income Charges": 0.0,
        "Restructuring And Mergern Acquisition": 0.0,
        "Earnings From Equity Interest": -4265000.0,
        "Net Non Operating Interest Income Expense": 307000.0,
        "Interest Expense Non Operating": NaN,
        "Interest Income Non Operating": 307000.0,
        "Operating Income": -5682000.0,
        "Operating Expense": 12030000.0,
        "Selling General And Administration": 12030000.0,
        "Gross Profit": 6348000.0,
        "Cost Of Revenue": 9068000.0,
        "Total Revenue": 15416000.0,
        "Operating Revenue": 15416000.0
    },
    "2022-06-30": {
        "Tax Effect Of Unusual Items": 0.0,
        "Tax Rate For Calcs": 0.4,
        "Normalized EBITDA": -11836000.0,
        "Total Unusual Items": 0.0,
        "Total Unusual Items Excluding Goodwill": 0.0,
        "Net Income From Continuing Operation Net Minority Interest": -5111000.0,
        "Reconciled Depreciation": 1442000.0,
        "Reconciled Cost Of Revenue": 4578000.0,
        "EBITDA": -11836000.0,
        "EBIT": -11836000.0,
        "Net Interest Income": 117000.0,
        "Interest Expense": NaN,
        "Interest Income": 117000.0,
        "Normalized Income": -5111000.0,
        "Net Income From Continuing And Discontinued Operation": -5111000.0,
        "Total Expenses": 17229000.0,
        "Diluted Average Shares": 148869107.0,
        "Basic Average Shares": 147729067.0,
        "Diluted EPS": -0.07,
        "Basic EPS": -0.07,
        "Diluted NI Availto Com Stockholders": -5111000.0,
        "Average Dilution Earnings": -133000.0,
        "Net Income Common Stockholders": -5111000.0,
        "Otherunder Preferred Stock Dividend": -23000.0,
        "Net Income": -5111000.0,
        "Minority Interests": 5861000.0,
        "Net Income Including Noncontrolling Interests": -10972000.0,
        "Net Income Continuous Operations": -10972000.0,
        "Tax Provision": 8000.0,
        "Pretax Income": -10964000.0,
        "Other Income Expense": 755000.0,
        "Other Non Operating Income Expenses": 112000.0,
        "Special Income Charges": 0.0,
        "Restructuring And Mergern Acquisition": 0.0,
        "Earnings From Equity Interest": 643000.0,
        "Net Non Operating Interest Income Expense": 117000.0,
        "Interest Expense Non Operating": NaN,
        "Interest Income Non Operating": 117000.0,
        "Operating Income": -11836000.0,
        "Operating Expense": 12651000.0,
        "Selling General And Administration": 12651000.0,
        "Gross Profit": 815000.0,
        "Cost Of Revenue": 4578000.0,
        "Total Revenue": 5393000.0,
        "Operating Revenue": 5393000.0
    },
    "2022-03-31": {
        "Diluted EPS": -0.11,
        "Total Revenue": 5,
        "Gross Profit": 0,
        "Operating Income": -36,
        "EBIT": -34,
        "Net Income": -17
    },
    "2021-12-31": {
        "Diluted EPS": 0.16,
        "Total Revenue": 182,
        "Gross Profit": 174,
        "Operating Income": 50,
        "EBIT": 56,
        "Net Income": 22
    },
    "2021-09-30": {
        "Diluted EPS": -0.03,
        "Total Revenue": 21,
        "Gross Profit": 11,
        "Operating Income": -10,
        "EBIT": -4,
        "Net Income": -4
    },
    "2021-06-30": {
        "Diluted EPS": -0.03,
        "Total Revenue": 8,
        "Gross Profit": 1,
        "Operating Income": -18,
        "EBIT": -14,
        "Net Income": -2
    },
    "2021-03-31": {
        "Diluted EPS": -0.07,
        "Total Revenue": 13,
        "Gross Profit": 1,
        "Operating Income": -19,
        "EBIT": -9,
        "Net Income": -10
    },
    "2020-12-31": {
        "Diluted EPS": 0.06,
        "Total Revenue": 112,
        "Gross Profit": 33,
        "Operating Income": 8,
        "EBIT": 11,
        "Net Income": 1
    },
    "2020-09-30": {
        "Diluted EPS": 0.08,
        "Total Revenue": 8,
        "Gross Profit": 1,
        "Operating Income": -16,
        "EBIT": -12,
        "Net Income": 17
    },
    "2020-06-30": {
        "Diluted EPS": 0.03,
        "Total Revenue": 24,
        "Gross Profit": 6,
        "Operating Income": -10,
        "EBIT": -6,
        "Net Income": 7
    },
    "2020-03-31": {
        "Diluted EPS": -0.17,
        "Total Revenue": 9,
        "Gross Profit": 1,
        "Operating Income": -23,
        "EBIT": -20,
        "Net Income": -25
    },
    "2019-12-31": {
        "Diluted EPS": 0.08,
        "Total Revenue": 147,
        "Gross Profit": 140,
        "Operating Income": 17,
        "EBIT": 20,
        "Net Income": 6
    },
    "2019-09-30": {
        "Diluted EPS": -0.07,
        "Total Revenue": 12,
        "Gross Profit": 3,
        "Operating Income": -23,
        "EBIT": -17,
        "Net Income": -11
    },
    "2019-06-30": {
        "Diluted EPS": -0.07,
        "Total Revenue": 12,
        "Gross Profit": 4,
        "Operating Income": -22,
        "EBIT": -17,
        "Net Income": -11
    },
    "2019-03-31": {
        "Diluted EPS": 0.11,
        "Total Revenue": 13,
        "Gross Profit": 4,
        "Operating Income": -22,
        "EBIT": -17,
        "Net Income": 24
    },
    "2018-12-31": {
        "Diluted EPS": -0.11,
        "Total Revenue": 8,
        "Gross Profit": 4,
        "Operating Income": -11,
        "EBIT": -9,
        "Net Income": -14
    },
    "2018-09-30": {
        "Diluted EPS": -0.07,
        "Total Revenue": 13,
        "Gross Profit": 5,
        "Operating Income": -21,
        "EBIT": -17,
        "Net Income": -10
    },
    "2018-06-30": {
        "Diluted EPS": -0.04,
        "Total Revenue": 13,
        "Gross Profit": 5,
        "Operating Income": -24,
        "EBIT": -20,
        "Net Income": -5
    },
    "2018-03-31": {
        "Diluted EPS": -0.02,
        "Total Revenue": 15,
        "Gross Profit": 5,
        "Operating Income": -23,
        "EBIT": -19,
        "Net Income": -5
    },
    "2017-12-31": {
        "Diluted EPS": 0.77,
        "Total Revenue": 22,
        "Gross Profit": 15,
        "Operating Income": -14,
        "EBIT": -14,
        "Net Income": 95
    },
    "2017-09-30": {
        "Diluted EPS": -0.03,
        "Total Revenue": 12,
        "Gross Profit": 4,
        "Operating Income": -33,
        "EBIT": -33,
        "Net Income": -4
    },
    "2017-06-30": {
        "Diluted EPS": -0.19,
        "Total Revenue": 13,
        "Gross Profit": 6,
        "Operating Income": -22,
        "EBIT": -21,
        "Net Income": -10
    },
    "2017-03-31": {
        "Diluted EPS": -0.2,
        "Total Revenue": 92,
        "Gross Profit": 7,
        "Operating Income": -20,
        "EBIT": -20,
        "Net Income": -8
    },
    "2016-12-31": {
        "Diluted EPS": -0.47,
        "Total Revenue": 17,
        "Gross Profit": -1,
        "Operating Income": -19,
        "EBIT": -18,
        "Net Income": -3
    },
    "2016-09-30": {
        "Diluted EPS": -0.06,
        "Total Revenue": 11,
        "Gross Profit": 7,
        "Operating Income": -19,
        "EBIT": -18,
        "Net Income": -6
    },
    "2016-06-30": {
        "Diluted EPS": -0.22,
        "Total Revenue": 7,
        "Gross Profit": 4,
        "Operating Income": -54,
        "EBIT": -54,
        "Net Income": -19
    },
    "2016-03-31": {
        "Diluted EPS": -0.14,
        "Total Revenue": 4,
        "Gross Profit": 2,
        "Operating Income": -11,
        "EBIT": -11,
        "Net Income": -5
    },
    "2015-12-31": {
        "Diluted EPS": 0.0,
        "Total Revenue": NaN,
        "Gross Profit": NaN,
        "Operating Income": NaN,
        "EBIT": NaN,
        "Net Income": NaN
    },
    "2023-09-30": {
        "Tax Effect Of Unusual Items": NaN,
        "Tax Rate For Calcs": NaN,
        "Normalized EBITDA": NaN,
        "Total Unusual Items": 0.0,
        "Total Unusual Items Excluding Goodwill": 0.0,
        "Net Income From Continuing Operation Net Minority Interest": NaN,
        "Reconciled Depreciation": NaN,
        "Reconciled Cost Of Revenue": NaN,
        "EBITDA": NaN,
        "EBIT": NaN,
        "Net Interest Income": NaN,
        "Interest Income": NaN,
        "Normalized Income": NaN,
        "Net Income From Continuing And Discontinued Operation": NaN,
        "Total Expenses": NaN,
        "Diluted Average Shares": NaN,
        "Basic Average Shares": NaN,
        "Diluted EPS": NaN,
        "Basic EPS": NaN,
        "Diluted NI Availto Com Stockholders": NaN,
        "Average Dilution Earnings": NaN,
        "Net Income Common Stockholders": NaN,
        "Otherunder Preferred Stock Dividend": NaN,
        "Net Income": NaN,
        "Minority Interests": NaN,
        "Net Income Including Noncontrolling Interests": NaN,
        "Net Income Continuous Operations": NaN,
        "Tax Provision": NaN,
        "Pretax Income": NaN,
        "Other Income Expense": NaN,
        "Other Non Operating Income Expenses": NaN,
        "Special Income Charges": 0.0,
        "Other Special Charges": NaN,
        "Restructuring And Mergern Acquisition": 0.0,
        "Earnings From Equity Interest": NaN,
        "Net Non Operating Interest Income Expense": NaN,
        "Interest Income Non Operating": NaN,
        "Operating Income": NaN,
        "Operating Expense": NaN,
        "Other Operating Expenses": -1095000.0,
        "Selling General And Administration": NaN,
        "General And Administrative Expense": 11938000.0,
        "Other Gand A": 11938000.0,
        "Salaries And Wages": 21000.0,
        "Gross Profit": NaN,
        "Cost Of Revenue": NaN,
        "Total Revenue": NaN,
        "Operating Revenue": NaN
    },
    "2023-12-31": {
        "Tax Effect Of Unusual Items": NaN,
        "Tax Rate For Calcs": NaN,
        "Normalized EBITDA": NaN,
        "Total Unusual Items": 0.0,
        "Total Unusual Items Excluding Goodwill": 0.0,
        "Net Income From Continuing Operation Net Minority Interest": NaN,
        "Reconciled Depreciation": NaN,
        "Reconciled Cost Of Revenue": NaN,
        "EBITDA": NaN,
        "EBIT": NaN,
        "Net Interest Income": NaN,
        "Interest Income": NaN,
        "Normalized Income": NaN,
        "Net Income From Continuing And Discontinued Operation": NaN,
        "Total Expenses": NaN,
        "Diluted Average Shares": NaN,
        "Basic Average Shares": NaN,
        "Diluted EPS": NaN,
        "Basic EPS": NaN,
        "Diluted NI Availto Com Stockholders": NaN,
        "Average Dilution Earnings": NaN,
        "Net Income Common Stockholders": NaN,
        "Otherunder Preferred Stock Dividend": NaN,
        "Net Income": NaN,
        "Minority Interests": NaN,
        "Net Income Including Noncontrolling Interests": NaN,
        "Net Income Continuous Operations": NaN,
        "Tax Provision": NaN,
        "Pretax Income": NaN,
        "Other Income Expense": NaN,
        "Other Non Operating Income Expenses": NaN,
        "Special Income Charges": 0.0,
        "Other Special Charges": NaN,
        "Restructuring And Mergern Acquisition": 0.0,
        "Earnings From Equity Interest": NaN,
        "Net Non Operating Interest Income Expense": NaN,
        "Interest Income Non Operating": NaN,
        "Operating Income": NaN,
        "Operating Expense": NaN,
        "Selling General And Administration": NaN,
        "General And Administrative Expense": NaN,
        "Other Gand A": NaN,
        "Salaries And Wages": NaN,
        "Gross Profit": NaN,
        "Cost Of Revenue": NaN,
        "Total Revenue": NaN,
        "Operating Revenue": NaN
    },
    "2024-03-31": {
        "Tax Effect Of Unusual Items": NaN,
        "Tax Rate For Calcs": NaN,
        "Normalized EBITDA": NaN,
        "Total Unusual Items": -5931000.0,
        "Total Unusual Items Excluding Goodwill": -5931000.0,
        "Net Income From Continuing Operation Net Minority Interest": NaN,
        "Reconciled Depreciation": NaN,
        "Reconciled Cost Of Revenue": NaN,
        "EBITDA": NaN,
        "EBIT": NaN,
        "Net Interest Income": NaN,
        "Interest Income": NaN,
        "Normalized Income": NaN,
        "Net Income From Continuing And Discontinued Operation": NaN,
        "Total Expenses": NaN,
        "Diluted Average Shares": NaN,
        "Basic Average Shares": NaN,
        "Diluted EPS": NaN,
        "Basic EPS": NaN,
        "Diluted NI Availto Com Stockholders": NaN,
        "Average Dilution Earnings": NaN,
        "Net Income Common Stockholders": NaN,
        "Otherunder Preferred Stock Dividend": NaN,
        "Net Income": NaN,
        "Minority Interests": NaN,
        "Net Income Including Noncontrolling Interests": NaN,
        "Net Income Continuous Operations": NaN,
        "Tax Provision": NaN,
        "Pretax Income": NaN,
        "Other Income Expense": NaN,
        "Other Non Operating Income Expenses": NaN,
        "Special Income Charges": -5931000.0,
        "Other Special Charges": 5931000.0,
        "Earnings From Equity Interest": NaN,
        "Net Non Operating Interest Income Expense": NaN,
        "Interest Income Non Operating": NaN,
        "Operating Income": NaN,
        "Operating Expense": NaN,
        "Selling General And Administration": NaN,
        "General And Administrative Expense": 12916000.0,
        "Other Gand A": 12916000.0,
        "Salaries And Wages": -24000.0,
        "Gross Profit": NaN,
        "Cost Of Revenue": NaN,
        "Total Revenue": NaN,
        "Operating Revenue": NaN
    },
    "2024-06-30": {
        "Tax Effect Of Unusual Items": NaN,
        "Tax Rate For Calcs": NaN,
        "Normalized EBITDA": NaN,
        "Total Unusual Items": 3000.0,
        "Total Unusual Items Excluding Goodwill": 3000.0,
        "Net Income From Continuing Operation Net Minority Interest": NaN,
        "Reconciled Depreciation": NaN,
        "Reconciled Cost Of Revenue": NaN,
        "EBITDA": NaN,
        "EBIT": NaN,
        "Net Interest Income": NaN,
        "Interest Income": NaN,
        "Normalized Income": NaN,
        "Net Income From Continuing And Discontinued Operation": NaN,
        "Total Expenses": NaN,
        "Diluted Average Shares": NaN,
        "Basic Average Shares": NaN,
        "Diluted EPS": NaN,
        "Basic EPS": NaN,
        "Diluted NI Availto Com Stockholders": NaN,
        "Average Dilution Earnings": 15992000.0,
        "Net Income Common Stockholders": NaN,
        "Otherunder Preferred Stock Dividend": 25000.0,
        "Net Income": NaN,
        "Minority Interests": NaN,
        "Net Income Including Noncontrolling Interests": NaN,
        "Net Income Continuous Operations": NaN,
        "Tax Provision": NaN,
        "Pretax Income": NaN,
        "Other Income Expense": NaN,
        "Other Non Operating Income Expenses": NaN,
        "Special Income Charges": 3000.0,
        "Other Special Charges": -3000.0,
        "Earnings From Equity Interest": NaN,
        "Net Non Operating Interest Income Expense": NaN,
        "Interest Income Non Operating": NaN,
        "Operating Income": NaN,
        "Operating Expense": NaN,
        "Selling General And Administration": NaN,
        "General And Administrative Expense": 12186000.0,
        "Other Gand A": 12186000.0,
        "Salaries And Wages": -23000.0,
        "Gross Profit": NaN,
        "Cost Of Revenue": NaN,
        "Total Revenue": NaN,
        "Operating Revenue": NaN
    },
    "2024-09-30": {
        "Tax Effect Of Unusual Items": 0.0,
        "Tax Rate For Calcs": 0.132621,
        "Normalized EBITDA": 2601000.0,
        "Total Unusual Items": NaN,
        "Total Unusual Items Excluding Goodwill": NaN,
        "Net Income From Continuing Operation Net Minority Interest": 4756000.0,
        "Reconciled Depreciation": 2986000.0,
        "Reconciled Cost Of Revenue": 5487000.0,
        "EBITDA": 2601000.0,
        "EBIT": -385000.0,
        "Net Interest Income": 2595000.0,
        "Interest Income": 2595000.0,
        "Normalized Income": 4756000.0,
        "Net Income From Continuing And Discontinued Operation": 4756000.0,
        "Total Expenses": 17398000.0,
        "Diluted Average Shares": 225798961.0,
        "Basic Average Shares": 148512572.0,
        "Diluted EPS": 0.07,
        "Basic EPS": 0.07,
        "Diluted NI Availto Com Stockholders": 4756000.0,
        "Average Dilution Earnings": 5109000.0,
        "Net Income Common Stockholders": 4756000.0,
        "Otherunder Preferred Stock Dividend": 5000.0,
        "Net Income": 4756000.0,
        "Minority Interests": -7579000.0,
        "Net Income Including Noncontrolling Interests": 12335000.0,
        "Net Income Continuous Operations": 12335000.0,
        "Tax Provision": 1886000.0,
        "Pretax Income": 14221000.0,
        "Other Income Expense": 12011000.0,
        "Other Non Operating Income Expenses": 24000.0,
        "Special Income Charges": NaN,
        "Other Special Charges": NaN,
        "Earnings From Equity Interest": 11987000.0,
        "Net Non Operating Interest Income Expense": 2595000.0,
        "Interest Income Non Operating": 2595000.0,
        "Operating Income": -385000.0,
        "Operating Expense": 11911000.0,
        "Selling General And Administration": 11911000.0,
        "General And Administrative Expense": 11911000.0,
        "Other Gand A": 11911000.0,
        "Salaries And Wages": -24000.0,
        "Gross Profit": 11526000.0,
        "Cost Of Revenue": 5487000.0,
        "Total Revenue": 17013000.0,
        "Operating Revenue": 17013000.0
    },
    "2024-12-31": {
        "Tax Effect Of Unusual Items": 795668.541497,
        "Tax Rate For Calcs": 0.134222,
        "Normalized EBITDA": 47384000.0,
        "Total Unusual Items": 5928000.0,
        "Total Unusual Items Excluding Goodwill": 5928000.0,
        "Net Income From Continuing Operation Net Minority Interest": 46493000.0,
        "Reconciled Depreciation": 3275000.0,
        "Reconciled Cost Of Revenue": 95529000.0,
        "EBITDA": 53312000.0,
        "EBIT": 50037000.0,
        "Net Interest Income": 2283000.0,
        "Interest Income": 2283000.0,
        "Normalized Income": 41360668.541497,
        "Net Income From Continuing And Discontinued Operation": 46493000.0,
        "Total Expenses": 109749000.0,
        "Diluted Average Shares": 226591235.0,
        "Basic Average Shares": 148552304.0,
        "Diluted EPS": 0.65,
        "Basic EPS": 0.67,
        "Diluted NI Availto Com Stockholders": 95753000.0,
        "Average Dilution Earnings": 49363000.0,
        "Net Income Common Stockholders": 46391000.0,
        "Otherunder Preferred Stock Dividend": 102000.0,
        "Net Income": 46493000.0,
        "Minority Interests": -74496000.0,
        "Net Income Including Noncontrolling Interests": 120989000.0,
        "Net Income Continuous Operations": 120989000.0,
        "Tax Provision": 18757000.0,
        "Pretax Income": 139746000.0,
        "Other Income Expense": 87426000.0,
        "Other Non Operating Income Expenses": -6048000.0,
        "Special Income Charges": 5928000.0,
        "Other Special Charges": NaN,
        "Earnings From Equity Interest": 87546000.0,
        "Net Non Operating Interest Income Expense": 2283000.0,
        "Interest Income Non Operating": 2283000.0,
        "Operating Income": 50037000.0,
        "Operating Expense": 14220000.0,
        "Selling General And Administration": 14220000.0,
        "General And Administrative Expense": NaN,
        "Other Gand A": NaN,
        "Salaries And Wages": NaN,
        "Gross Profit": 64257000.0,
        "Cost Of Revenue": 95529000.0,
        "Total Revenue": 159786000.0,
        "Operating Revenue": 159786000.0
    },
    "2025-03-31": {
        "Tax Effect Of Unusual Items": 0.0,
        "Tax Rate For Calcs": 0.135819,
        "Normalized EBITDA": -4142000.0,
        "Total Unusual Items": NaN,
        "Total Unusual Items Excluding Goodwill": NaN,
        "Net Income From Continuing Operation Net Minority Interest": 23284000.0,
        "Reconciled Depreciation": 2014000.0,
        "Reconciled Cost Of Revenue": 4548000.0,
        "EBITDA": -4142000.0,
        "EBIT": -6156000.0,
        "Net Interest Income": 4050000.0,
        "Interest Income": 4050000.0,
        "Normalized Income": 23284000.0,
        "Net Income From Continuing And Discontinued Operation": 23284000.0,
        "Total Expenses": 19313000.0,
        "Diluted Average Shares": 228057654.0,
        "Basic Average Shares": 148747301.0,
        "Diluted EPS": 0.32,
        "Basic EPS": 0.33,
        "Diluted NI Availto Com Stockholders": 47274000.0,
        "Average Dilution Earnings": 24016000.0,
        "Net Income Common Stockholders": 23258000.0,
        "Otherunder Preferred Stock Dividend": 26000.0,
        "Net Income": 23284000.0,
        "Minority Interests": -37302000.0,
        "Net Income Including Noncontrolling Interests": 60586000.0,
        "Net Income Continuous Operations": 60586000.0,
        "Tax Provision": 9522000.0,
        "Pretax Income": 70108000.0,
        "Other Income Expense": 72214000.0,
        "Other Non Operating Income Expenses": 775000.0,
        "Special Income Charges": NaN,
        "Other Special Charges": NaN,
        "Earnings From Equity Interest": 71439000.0,
        "Net Non Operating Interest Income Expense": 4050000.0,
        "Interest Income Non Operating": 4050000.0,
        "Operating Income": -6156000.0,
        "Operating Expense": 14765000.0,
        "Selling General And Administration": 14765000.0,
        "General And Administrative Expense": 14765000.0,
        "Other Gand A": 14765000.0,
        "Salaries And Wages": NaN,
        "Gross Profit": 8609000.0,
        "Cost Of Revenue": 4548000.0,
        "Total Revenue": 13157000.0,
        "Operating Revenue": 13157000.0
    },
    "2025-06-30": {
        "Tax Effect Of Unusual Items": 0.0,
        "Tax Rate For Calcs": 0.135222,
        "Normalized EBITDA": -10955000.0,
        "Total Unusual Items": NaN,
        "Total Unusual Items Excluding Goodwill": NaN,
        "Net Income From Continuing Operation Net Minority Interest": 3320000.0,
        "Reconciled Depreciation": 1261000.0,
        "Reconciled Cost Of Revenue": 4103000.0,
        "EBITDA": -10955000.0,
        "EBIT": -12216000.0,
        "Net Interest Income": 4967000.0,
        "Interest Income": 4967000.0,
        "Normalized Income": 3320000.0,
        "Net Income From Continuing And Discontinued Operation": 3320000.0,
        "Total Expenses": 19689000.0,
        "Diluted Average Shares": 227957617.0,
        "Basic Average Shares": 148997389.0,
        "Diluted EPS": 0.05,
        "Basic EPS": 0.05,
        "Diluted NI Availto Com Stockholders": 6755000.0,
        "Average Dilution Earnings": 3438000.0,
        "Net Income Common Stockholders": 3317000.0,
        "Otherunder Preferred Stock Dividend": 3000.0,
        "Net Income": 3320000.0,
        "Minority Interests": -5256000.0,
        "Net Income Including Noncontrolling Interests": 8576000.0,
        "Net Income Continuous Operations": 8576000.0,
        "Tax Provision": 1341000.0,
        "Pretax Income": 9917000.0,
        "Other Income Expense": 17166000.0,
        "Other Non Operating Income Expenses": 21000.0,
        "Special Income Charges": NaN,
        "Other Special Charges": NaN,
        "Earnings From Equity Interest": 17145000.0,
        "Net Non Operating Interest Income Expense": 4967000.0,
        "Interest Income Non Operating": 4967000.0,
        "Operating Income": -12216000.0,
        "Operating Expense": 15586000.0,
        "Selling General And Administration": 15586000.0,
        "General And Administrative Expense": 15586000.0,
        "Other Gand A": 15586000.0,
        "Salaries And Wages": NaN,
        "Gross Profit": 3370000.0,
        "Cost Of Revenue": 4103000.0,
        "Total Revenue": 7473000.0,
        "Operating Revenue": 7473000.0
    },
    "2025-09-30": {
        "Tax Effect Of Unusual Items": -258484.063285,
        "Tax Rate For Calcs": 0.141713,
        "Normalized EBITDA": -4082000.0,
        "Total Unusual Items": -1824000.0,
        "Total Unusual Items Excluding Goodwill": -1824000.0,
        "Net Income From Continuing Operation Net Minority Interest": 21071000.0,
        "Reconciled Depreciation": 1986000.0,
        "Reconciled Cost Of Revenue": 7086000.0,
        "EBITDA": -5906000.0,
        "EBIT": -7892000.0,
        "Net Interest Income": 4484000.0,
        "Interest Income": 4484000.0,
        "Normalized Income": 22636515.936715,
        "Net Income From Continuing And Discontinued Operation": 21071000.0,
        "Total Expenses": 21380000.0,
        "Diluted Average Shares": 228664464.0,
        "Basic Average Shares": 149029883.0,
        "Diluted EPS": 0.28,
        "Basic EPS": 0.3,
        "Diluted NI Availto Com Stockholders": 21071000.0,
        "Average Dilution Earnings": NaN,
        "Net Income Common Stockholders": 21071000.0,
        "Otherunder Preferred Stock Dividend": NaN,
        "Net Income": 21071000.0,
        "Minority Interests": -34643000.0,
        "Net Income Including Noncontrolling Interests": 55714000.0,
        "Net Income Continuous Operations": 55714000.0,
        "Tax Provision": 9199000.0,
        "Pretax Income": 64913000.0,
        "Other Income Expense": 68321000.0,
        "Other Non Operating Income Expenses": 8000.0,
        "Special Income Charges": -1824000.0,
        "Other Special Charges": 1824000.0,
        "Earnings From Equity Interest": 70137000.0,
        "Net Non Operating Interest Income Expense": 4484000.0,
        "Interest Income Non Operating": 4484000.0,
        "Operating Income": -7892000.0,
        "Operating Expense": 14294000.0,
        "Selling General And Administration": 14294000.0,
        "General And Administrative Expense": NaN,
        "Other Gand A": NaN,
        "Salaries And Wages": NaN,
        "Gross Profit": 6402000.0,
        "Cost Of Revenue": 7086000.0,
        "Total Revenue": 13488000.0,
        "Operating Revenue": 13488000.0
    }
}