{
    "2023-03-31": {
        "Tax Effect Of Unusual Items": NaN,
        "Tax Rate For Calcs": NaN,
        "Total Unusual Items": NaN,
        "Total Unusual Items Excluding Goodwill": NaN,
        "Net Income From Continuing Operation Net Minority Interest": NaN,
        "Reconciled Depreciation": NaN,
        "Net Interest Income": NaN,
        "Interest Expense": NaN,
        "Interest Income": NaN,
        "Normalized Income": NaN,
        "Net Income From Continuing And Discontinued Operation": NaN,
        "Diluted Average Shares": 4417000.0,
        "Basic Average Shares": 4395000.0,
        "Diluted EPS": 0.75,
        "Basic EPS": 0.75,
        "Diluted NI Availto Com Stockholders": NaN,
        "Net Income Common Stockholders": NaN,
        "Net Income": NaN,
        "Net Income Including Noncontrolling Interests": NaN,
        "Net Income Continuous Operations": NaN,
        "Tax Provision": NaN,
        "Pretax Income": NaN,
        "Special Income Charges": NaN,
        "Other Special Charges": NaN,
        "Gain On Sale Of Security": NaN,
        "Selling General And Administration": NaN,
        "Selling And Marketing Expense": NaN,
        "General And Administrative Expense": NaN,
        "Insurance And Claims": NaN,
        "Salaries And Wages": NaN,
        "Total Revenue": NaN,
        "Operating Revenue": NaN,
        "Occupancy And Equipment": NaN,
        "Professional Expense And Contract Services Expense": NaN,
        "Other Non Interest Expense": NaN
    },
    "2022-12-31": {
        "Tax Effect Of Unusual Items": NaN,
        "Tax Rate For Calcs": NaN,
        "Total Unusual Items": 0.0,
        "Total Unusual Items Excluding Goodwill": 0.0,
        "Net Income From Continuing Operation Net Minority Interest": NaN,
        "Reconciled Depreciation": NaN,
        "Net Interest Income": NaN,
        "Interest Expense": NaN,
        "Interest Income": NaN,
        "Normalized Income": NaN,
        "Net Income From Continuing And Discontinued Operation": NaN,
        "Diluted Average Shares": NaN,
        "Basic Average Shares": NaN,
        "Diluted EPS": NaN,
        "Basic EPS": NaN,
        "Diluted NI Availto Com Stockholders": NaN,
        "Net Income Common Stockholders": NaN,
        "Net Income": NaN,
        "Net Income Including Noncontrolling Interests": NaN,
        "Net Income Continuous Operations": NaN,
        "Tax Provision": NaN,
        "Pretax Income": NaN,
        "Special Income Charges": 0.0,
        "Other Special Charges": NaN,
        "Gain On Sale Of Security": NaN,
        "Selling General And Administration": NaN,
        "Selling And Marketing Expense": NaN,
        "General And Administrative Expense": NaN,
        "Insurance And Claims": NaN,
        "Salaries And Wages": NaN,
        "Total Revenue": NaN,
        "Operating Revenue": NaN,
        "Occupancy And Equipment": NaN,
        "Professional Expense And Contract Services Expense": NaN,
        "Other Non Interest Expense": NaN
    },
    "2022-09-30": {
        "Tax Effect Of Unusual Items": NaN,
        "Tax Rate For Calcs": NaN,
        "Total Unusual Items": 0.0,
        "Total Unusual Items Excluding Goodwill": 0.0,
        "Net Income From Continuing Operation Net Minority Interest": NaN,
        "Reconciled Depreciation": NaN,
        "Net Interest Income": NaN,
        "Interest Expense": NaN,
        "Interest Income": NaN,
        "Normalized Income": NaN,
        "Net Income From Continuing And Discontinued Operation": NaN,
        "Diluted Average Shares": 4424000.0,
        "Basic Average Shares": 4401000.0,
        "Diluted EPS": 1.05,
        "Basic EPS": 1.05,
        "Diluted NI Availto Com Stockholders": NaN,
        "Net Income Common Stockholders": NaN,
        "Net Income": NaN,
        "Net Income Including Noncontrolling Interests": NaN,
        "Net Income Continuous Operations": NaN,
        "Tax Provision": NaN,
        "Pretax Income": NaN,
        "Special Income Charges": 0.0,
        "Other Special Charges": NaN,
        "Gain On Sale Of Security": NaN,
        "Selling General And Administration": NaN,
        "Selling And Marketing Expense": NaN,
        "General And Administrative Expense": NaN,
        "Insurance And Claims": NaN,
        "Salaries And Wages": NaN,
        "Total Revenue": NaN,
        "Operating Revenue": NaN
    },
    "2022-06-30": {
        "Tax Effect Of Unusual Items": 0.0,
        "Tax Rate For Calcs": 0.143,
        "Total Unusual Items": NaN,
        "Total Unusual Items Excluding Goodwill": NaN,
        "Net Income From Continuing Operation Net Minority Interest": 3578000.0,
        "Reconciled Depreciation": 277000.0,
        "Net Interest Income": 12103000.0,
        "Interest Expense": 764000.0,
        "Interest Income": 12867000.0,
        "Normalized Income": 3578000.0,
        "Net Income From Continuing And Discontinued Operation": 3578000.0,
        "Diluted Average Shares": 4466000.0,
        "Basic Average Shares": 4450000.0,
        "Diluted EPS": 0.8,
        "Basic EPS": 0.8,
        "Diluted NI Availto Com Stockholders": 3578000.0,
        "Net Income Common Stockholders": 3578000.0,
        "Net Income": 3578000.0,
        "Net Income Including Noncontrolling Interests": 3578000.0,
        "Net Income Continuous Operations": 3578000.0,
        "Tax Provision": 595000.0,
        "Pretax Income": 4173000.0,
        "Special Income Charges": NaN,
        "Gain On Sale Of Security": -15000.0,
        "Selling General And Administration": 7675000.0,
        "Selling And Marketing Expense": 460000.0,
        "General And Administrative Expense": 7215000.0,
        "Other Gand A": 1367000.0,
        "Insurance And Claims": 170000.0,
        "Salaries And Wages": 7045000.0,
        "Total Revenue": 15842000.0,
        "Operating Revenue": 15842000.0
    },
    "2022-03-31": {
        "Diluted EPS": 0.67,
        "Total Revenue": 15,
        "Gross Profit": 15,
        "Operating Income": 3,
        "EBIT": NaN,
        "Net Income": 3
    },
    "2021-12-31": {
        "Diluted EPS": 0.83,
        "Total Revenue": 17,
        "Gross Profit": 16,
        "Operating Income": 4,
        "EBIT": NaN,
        "Net Income": 4
    },
    "2021-09-30": {
        "Diluted EPS": 1.31,
        "Total Revenue": 18,
        "Gross Profit": 18,
        "Operating Income": 7,
        "EBIT": NaN,
        "Net Income": 6
    },
    "2021-06-30": {
        "Diluted EPS": 1.19,
        "Total Revenue": 16,
        "Gross Profit": 15,
        "Operating Income": 6,
        "EBIT": NaN,
        "Net Income": 5
    },
    "2021-03-31": {
        "Diluted EPS": 1.09,
        "Total Revenue": 16,
        "Gross Profit": 15,
        "Operating Income": 6,
        "EBIT": NaN,
        "Net Income": 5
    },
    "2020-12-31": {
        "Diluted EPS": 1.04,
        "Total Revenue": 16,
        "Gross Profit": 15,
        "Operating Income": 5,
        "EBIT": NaN,
        "Net Income": 5
    },
    "2020-09-30": {
        "Diluted EPS": 0.79,
        "Total Revenue": 15,
        "Gross Profit": 14,
        "Operating Income": 4,
        "EBIT": NaN,
        "Net Income": 3
    },
    "2020-06-30": {
        "Diluted EPS": 0.71,
        "Total Revenue": 15,
        "Gross Profit": 14,
        "Operating Income": 2,
        "EBIT": NaN,
        "Net Income": 3
    },
    "2020-03-31": {
        "Diluted EPS": 0.39,
        "Total Revenue": 16,
        "Gross Profit": 14,
        "Operating Income": 2,
        "EBIT": NaN,
        "Net Income": 2
    },
    "2019-12-31": {
        "Diluted EPS": 1.01,
        "Total Revenue": 17,
        "Gross Profit": 15,
        "Operating Income": 5,
        "EBIT": NaN,
        "Net Income": 4
    },
    "2019-09-30": {
        "Diluted EPS": 1.03,
        "Total Revenue": 16,
        "Gross Profit": 14,
        "Operating Income": 5,
        "EBIT": NaN,
        "Net Income": 4
    },
    "2019-06-30": {
        "Diluted EPS": 0.9,
        "Total Revenue": 16,
        "Gross Profit": 14,
        "Operating Income": 5,
        "EBIT": NaN,
        "Net Income": 4
    },
    "2019-03-31": {
        "Diluted EPS": 0.73,
        "Total Revenue": 15,
        "Gross Profit": 13,
        "Operating Income": 4,
        "EBIT": NaN,
        "Net Income": 3
    },
    "2018-12-31": {
        "Diluted EPS": 0.86,
        "Total Revenue": 15,
        "Gross Profit": 14,
        "Operating Income": 4,
        "EBIT": NaN,
        "Net Income": 4
    },
    "2018-09-30": {
        "Diluted EPS": 0.91,
        "Total Revenue": 15,
        "Gross Profit": 13,
        "Operating Income": 5,
        "EBIT": NaN,
        "Net Income": 4
    },
    "2018-06-30": {
        "Diluted EPS": -1.18,
        "Total Revenue": 14,
        "Gross Profit": 13,
        "Operating Income": -7,
        "EBIT": NaN,
        "Net Income": -5
    },
    "2018-03-31": {
        "Diluted EPS": 0.8,
        "Total Revenue": 14,
        "Gross Profit": 13,
        "Operating Income": 4,
        "EBIT": NaN,
        "Net Income": 4
    },
    "2017-12-31": {
        "Diluted EPS": -1.67,
        "Total Revenue": 13,
        "Gross Profit": 13,
        "Operating Income": -7,
        "EBIT": NaN,
        "Net Income": -7
    },
    "2017-09-30": {
        "Diluted EPS": 0.7,
        "Total Revenue": 13,
        "Gross Profit": 12,
        "Operating Income": 5,
        "EBIT": NaN,
        "Net Income": 3
    },
    "2017-06-30": {
        "Diluted EPS": 0.77,
        "Total Revenue": 13,
        "Gross Profit": 13,
        "Operating Income": 4,
        "EBIT": NaN,
        "Net Income": 3
    },
    "2017-03-31": {
        "Diluted EPS": 0.7,
        "Total Revenue": 12,
        "Gross Profit": 12,
        "Operating Income": 4,
        "EBIT": NaN,
        "Net Income": 3
    },
    "2016-12-31": {
        "Diluted EPS": 0.4,
        "Total Revenue": 13,
        "Gross Profit": 12,
        "Operating Income": 1,
        "EBIT": NaN,
        "Net Income": 2
    },
    "2016-09-30": {
        "Diluted EPS": 0.48,
        "Total Revenue": 12,
        "Gross Profit": 12,
        "Operating Income": 2,
        "EBIT": NaN,
        "Net Income": 2
    },
    "2016-06-30": {
        "Diluted EPS": 0.36,
        "Total Revenue": 12,
        "Gross Profit": 11,
        "Operating Income": 2,
        "EBIT": NaN,
        "Net Income": 2
    },
    "2016-03-31": {
        "Diluted EPS": 0.64,
        "Total Revenue": 12,
        "Gross Profit": 12,
        "Operating Income": 4,
        "EBIT": NaN,
        "Net Income": 3
    },
    "2015-12-31": {
        "Diluted EPS": 0.53,
        "Total Revenue": 12,
        "Gross Profit": 11,
        "Operating Income": 2,
        "EBIT": NaN,
        "Net Income": 2
    },
    "2015-09-30": {
        "Diluted EPS": 0.61,
        "Total Revenue": 12,
        "Gross Profit": 11,
        "Operating Income": 3,
        "EBIT": NaN,
        "Net Income": 3
    },
    "2015-06-30": {
        "Diluted EPS": 0.58,
        "Total Revenue": 12,
        "Gross Profit": 11,
        "Operating Income": 3,
        "EBIT": NaN,
        "Net Income": 2
    },
    "2015-03-31": {
        "Diluted EPS": 0.68,
        "Total Revenue": 12,
        "Gross Profit": 12,
        "Operating Income": 4,
        "EBIT": NaN,
        "Net Income": 3
    },
    "2014-12-31": {
        "Diluted EPS": 0.44,
        "Total Revenue": 12,
        "Gross Profit": 11,
        "Operating Income": 3,
        "EBIT": NaN,
        "Net Income": 2
    },
    "2014-09-30": {
        "Diluted EPS": 0.57,
        "Total Revenue": 12,
        "Gross Profit": 11,
        "Operating Income": 3,
        "EBIT": NaN,
        "Net Income": 2
    },
    "2014-06-30": {
        "Diluted EPS": 0.55,
        "Total Revenue": 12,
        "Gross Profit": 11,
        "Operating Income": 3,
        "EBIT": NaN,
        "Net Income": 2
    },
    "2014-03-31": {
        "Diluted EPS": 0.44,
        "Total Revenue": 11,
        "Gross Profit": 10,
        "Operating Income": 2,
        "EBIT": NaN,
        "Net Income": 2
    },
    "2013-12-31": {
        "Diluted EPS": 0.27,
        "Total Revenue": 12,
        "Gross Profit": 11,
        "Operating Income": 2,
        "EBIT": NaN,
        "Net Income": 1
    },
    "2013-09-30": {
        "Diluted EPS": 0.53,
        "Total Revenue": 11,
        "Gross Profit": 11,
        "Operating Income": 3,
        "EBIT": NaN,
        "Net Income": 2
    },
    "2013-06-30": {
        "Diluted EPS": 0.33,
        "Total Revenue": 11,
        "Gross Profit": 10,
        "Operating Income": 2,
        "EBIT": NaN,
        "Net Income": 1
    },
    "2013-03-31": {
        "Diluted EPS": 0.38,
        "Total Revenue": 11,
        "Gross Profit": 10,
        "Operating Income": 2,
        "EBIT": NaN,
        "Net Income": 2
    },
    "2012-12-31": {
        "Diluted EPS": 0.08,
        "Total Revenue": 12,
        "Gross Profit": 10,
        "Operating Income": 0,
        "EBIT": NaN,
        "Net Income": 0
    },
    "2012-09-30": {
        "Diluted EPS": 0.43,
        "Total Revenue": 12,
        "Gross Profit": 10,
        "Operating Income": 2,
        "EBIT": NaN,
        "Net Income": 2
    },
    "2012-06-30": {
        "Diluted EPS": 0.47,
        "Total Revenue": 12,
        "Gross Profit": 11,
        "Operating Income": 2,
        "EBIT": NaN,
        "Net Income": 2
    },
    "2012-03-31": {
        "Diluted EPS": 0.34,
        "Total Revenue": 13,
        "Gross Profit": 11,
        "Operating Income": 2,
        "EBIT": NaN,
        "Net Income": 1
    },
    "2011-12-31": {
        "Diluted EPS": 0.47,
        "Total Revenue": 13,
        "Gross Profit": 11,
        "Operating Income": 3,
        "EBIT": NaN,
        "Net Income": 2
    },
    "2011-09-30": {
        "Diluted EPS": 0.27,
        "Total Revenue": 13,
        "Gross Profit": 11,
        "Operating Income": 1,
        "EBIT": NaN,
        "Net Income": 1
    },
    "2011-06-30": {
        "Diluted EPS": 0.45,
        "Total Revenue": 13,
        "Gross Profit": 11,
        "Operating Income": 2,
        "EBIT": NaN,
        "Net Income": 2
    },
    "2011-03-31": {
        "Diluted EPS": 0.47,
        "Total Revenue": 13,
        "Gross Profit": 10,
        "Operating Income": 3,
        "EBIT": NaN,
        "Net Income": 2
    },
    "2010-12-31": {
        "Diluted EPS": 0.43,
        "Total Revenue": 13,
        "Gross Profit": 10,
        "Operating Income": 3,
        "EBIT": NaN,
        "Net Income": 2
    },
    "2010-09-30": {
        "Diluted EPS": 0.46,
        "Total Revenue": 13,
        "Gross Profit": 10,
        "Operating Income": 3,
        "EBIT": NaN,
        "Net Income": 2
    },
    "2010-06-30": {
        "Diluted EPS": 0.56,
        "Total Revenue": 13,
        "Gross Profit": 10,
        "Operating Income": 3,
        "EBIT": NaN,
        "Net Income": 2
    },
    "2010-03-31": {
        "Diluted EPS": 0.51,
        "Total Revenue": 13,
        "Gross Profit": 10,
        "Operating Income": 3,
        "EBIT": NaN,
        "Net Income": 2
    },
    "2009-12-31": {
        "Diluted EPS": 0.45,
        "Total Revenue": 13,
        "Gross Profit": 10,
        "Operating Income": 3,
        "EBIT": NaN,
        "Net Income": 2
    },
    "2009-09-30": {
        "Diluted EPS": 0.28,
        "Total Revenue": 13,
        "Gross Profit": 9,
        "Operating Income": 1,
        "EBIT": NaN,
        "Net Income": 1
    },
    "2009-06-30": {
        "Diluted EPS": 0.43,
        "Total Revenue": 13,
        "Gross Profit": 10,
        "Operating Income": 2,
        "EBIT": NaN,
        "Net Income": 2
    },
    "2009-03-31": {
        "Diluted EPS": 0.55,
        "Total Revenue": 13,
        "Gross Profit": 10,
        "Operating Income": 3,
        "EBIT": NaN,
        "Net Income": 2
    },
    "2023-06-30": {
        "Tax Effect Of Unusual Items": NaN,
        "Tax Rate For Calcs": NaN,
        "Total Unusual Items": NaN,
        "Total Unusual Items Excluding Goodwill": NaN,
        "Net Income From Continuing Operation Net Minority Interest": NaN,
        "Reconciled Depreciation": NaN,
        "Net Interest Income": NaN,
        "Interest Expense": NaN,
        "Interest Income": NaN,
        "Normalized Income": NaN,
        "Net Income From Continuing And Discontinued Operation": NaN,
        "Diluted Average Shares": 4388000.0,
        "Basic Average Shares": 4380000.0,
        "Diluted EPS": 0.68,
        "Basic EPS": 0.68,
        "Diluted NI Availto Com Stockholders": NaN,
        "Net Income Common Stockholders": NaN,
        "Net Income": NaN,
        "Net Income Including Noncontrolling Interests": NaN,
        "Net Income Continuous Operations": NaN,
        "Tax Provision": NaN,
        "Pretax Income": NaN,
        "Special Income Charges": NaN,
        "Other Special Charges": 495000.0,
        "Gain On Sale Of Security": NaN,
        "Selling General And Administration": NaN,
        "Selling And Marketing Expense": NaN,
        "General And Administrative Expense": NaN,
        "Insurance And Claims": NaN,
        "Salaries And Wages": NaN,
        "Total Revenue": NaN,
        "Operating Revenue": NaN,
        "Occupancy And Equipment": NaN,
        "Professional Expense And Contract Services Expense": NaN,
        "Other Non Interest Expense": NaN
    },
    "2023-09-30": {
        "Tax Effect Of Unusual Items": NaN,
        "Tax Rate For Calcs": NaN,
        "Total Unusual Items": 0.0,
        "Total Unusual Items Excluding Goodwill": 0.0,
        "Net Income From Continuing Operation Net Minority Interest": NaN,
        "Reconciled Depreciation": NaN,
        "Net Interest Income": NaN,
        "Interest Expense": NaN,
        "Interest Income": NaN,
        "Normalized Income": NaN,
        "Net Income From Continuing And Discontinued Operation": NaN,
        "Diluted Average Shares": NaN,
        "Basic Average Shares": NaN,
        "Diluted EPS": NaN,
        "Basic EPS": NaN,
        "Diluted NI Availto Com Stockholders": NaN,
        "Net Income Common Stockholders": NaN,
        "Net Income": NaN,
        "Net Income Including Noncontrolling Interests": NaN,
        "Net Income Continuous Operations": NaN,
        "Tax Provision": NaN,
        "Pretax Income": NaN,
        "Special Income Charges": 0.0,
        "Other Special Charges": NaN,
        "Gain On Sale Of Security": NaN,
        "Selling General And Administration": NaN,
        "Selling And Marketing Expense": NaN,
        "General And Administrative Expense": NaN,
        "Insurance And Claims": NaN,
        "Salaries And Wages": NaN,
        "Total Revenue": NaN,
        "Operating Revenue": NaN,
        "Occupancy And Equipment": NaN,
        "Professional Expense And Contract Services Expense": NaN,
        "Other Non Interest Expense": NaN
    },
    "2023-12-31": {
        "Tax Effect Of Unusual Items": NaN,
        "Tax Rate For Calcs": NaN,
        "Total Unusual Items": 0.0,
        "Total Unusual Items Excluding Goodwill": 0.0,
        "Net Income From Continuing Operation Net Minority Interest": NaN,
        "Reconciled Depreciation": NaN,
        "Net Interest Income": NaN,
        "Interest Expense": NaN,
        "Interest Income": NaN,
        "Normalized Income": NaN,
        "Net Income From Continuing And Discontinued Operation": NaN,
        "Diluted Average Shares": NaN,
        "Basic Average Shares": NaN,
        "Diluted EPS": NaN,
        "Basic EPS": NaN,
        "Diluted NI Availto Com Stockholders": NaN,
        "Net Income Common Stockholders": NaN,
        "Net Income": NaN,
        "Net Income Including Noncontrolling Interests": NaN,
        "Net Income Continuous Operations": NaN,
        "Tax Provision": NaN,
        "Pretax Income": NaN,
        "Special Income Charges": 0.0,
        "Other Special Charges": 0.0,
        "Gain On Sale Of Security": NaN,
        "Selling General And Administration": NaN,
        "Selling And Marketing Expense": NaN,
        "General And Administrative Expense": NaN,
        "Insurance And Claims": NaN,
        "Salaries And Wages": NaN,
        "Total Revenue": NaN,
        "Operating Revenue": NaN,
        "Occupancy And Equipment": NaN,
        "Professional Expense And Contract Services Expense": NaN,
        "Other Non Interest Expense": NaN
    },
    "2024-03-31": {
        "Tax Effect Of Unusual Items": 0.0,
        "Tax Rate For Calcs": 0.160799,
        "Total Unusual Items": NaN,
        "Total Unusual Items Excluding Goodwill": NaN,
        "Net Income From Continuing Operation Net Minority Interest": 3361000.0,
        "Reconciled Depreciation": 538000.0,
        "Net Interest Income": 13508000.0,
        "Interest Expense": 10256000.0,
        "Interest Income": 23764000.0,
        "Normalized Income": 3361000.0,
        "Net Income From Continuing And Discontinued Operation": 3361000.0,
        "Diluted Average Shares": 4393873.0,
        "Basic Average Shares": 4393873.0,
        "Diluted EPS": 0.764929,
        "Basic EPS": 0.764929,
        "Diluted NI Availto Com Stockholders": 3361000.0,
        "Net Income Common Stockholders": 3361000.0,
        "Net Income": 3361000.0,
        "Net Income Including Noncontrolling Interests": 3361000.0,
        "Net Income Continuous Operations": 3361000.0,
        "Tax Provision": 644000.0,
        "Pretax Income": 4005000.0,
        "Special Income Charges": NaN,
        "Other Special Charges": NaN,
        "Gain On Sale Of Security": -41000.0,
        "Selling General And Administration": 8539000.0,
        "Selling And Marketing Expense": 519000.0,
        "General And Administrative Expense": 8020000.0,
        "Insurance And Claims": 322000.0,
        "Salaries And Wages": 7698000.0,
        "Total Revenue": 17418000.0,
        "Operating Revenue": 17418000.0,
        "Occupancy And Equipment": 1182000.0,
        "Professional Expense And Contract Services Expense": 516000.0,
        "Other Non Interest Expense": 2724000.0
    },
    "2024-06-30": {
        "Tax Effect Of Unusual Items": NaN,
        "Tax Rate For Calcs": NaN,
        "Total Unusual Items": 0.0,
        "Total Unusual Items Excluding Goodwill": 0.0,
        "Net Income From Continuing Operation Net Minority Interest": NaN,
        "Reconciled Depreciation": NaN,
        "Net Interest Income": NaN,
        "Interest Expense": NaN,
        "Interest Income": NaN,
        "Normalized Income": NaN,
        "Net Income From Continuing And Discontinued Operation": NaN,
        "Diluted Average Shares": NaN,
        "Basic Average Shares": NaN,
        "Diluted EPS": NaN,
        "Basic EPS": NaN,
        "Diluted NI Availto Com Stockholders": NaN,
        "Net Income Common Stockholders": NaN,
        "Net Income": NaN,
        "Net Income Including Noncontrolling Interests": NaN,
        "Net Income Continuous Operations": NaN,
        "Tax Provision": NaN,
        "Pretax Income": NaN,
        "Special Income Charges": 0.0,
        "Gain On Sale Of Security": NaN,
        "Selling General And Administration": NaN,
        "Selling And Marketing Expense": NaN,
        "General And Administrative Expense": NaN,
        "Insurance And Claims": NaN,
        "Salaries And Wages": NaN,
        "Total Revenue": NaN,
        "Operating Revenue": NaN,
        "Occupancy And Equipment": NaN,
        "Professional Expense And Contract Services Expense": NaN,
        "Other Non Interest Expense": NaN
    },
    "2024-09-30": {
        "Tax Effect Of Unusual Items": 0.0,
        "Tax Rate For Calcs": 0.173,
        "Total Unusual Items": 0.0,
        "Total Unusual Items Excluding Goodwill": 0.0,
        "Net Income From Continuing Operation Net Minority Interest": 4218000.0,
        "Reconciled Depreciation": 527000.0,
        "Net Interest Income": 14425000.0,
        "Interest Expense": 11401000.0,
        "Interest Income": 25826000.0,
        "Normalized Income": 4218000.0,
        "Net Income From Continuing And Discontinued Operation": 4218000.0,
        "Diluted Average Shares": 4440000.0,
        "Basic Average Shares": 4418753.0,
        "Diluted EPS": 0.95,
        "Basic EPS": 0.954568,
        "Diluted NI Availto Com Stockholders": 4218000.0,
        "Net Income Common Stockholders": 4218000.0,
        "Net Income": 4218000.0,
        "Net Income Including Noncontrolling Interests": 4218000.0,
        "Net Income Continuous Operations": 4218000.0,
        "Tax Provision": 885000.0,
        "Pretax Income": 5103000.0,
        "Special Income Charges": 0.0,
        "Gain On Sale Of Security": 303000.0,
        "Selling General And Administration": 9059000.0,
        "Selling And Marketing Expense": 428000.0,
        "General And Administrative Expense": 8631000.0,
        "Insurance And Claims": 550000.0,
        "Salaries And Wages": 8081000.0,
        "Total Revenue": 19198000.0,
        "Operating Revenue": 19198000.0,
        "Occupancy And Equipment": 1150000.0,
        "Professional Expense And Contract Services Expense": 490000.0,
        "Other Non Interest Expense": 2911000.0
    },
    "2024-12-31": {
        "Tax Effect Of Unusual Items": 0.0,
        "Tax Rate For Calcs": 0.112933,
        "Total Unusual Items": 0.0,
        "Total Unusual Items Excluding Goodwill": 0.0,
        "Net Income From Continuing Operation Net Minority Interest": 487000.0,
        "Reconciled Depreciation": 523000.0,
        "Net Interest Income": 14881000.0,
        "Interest Expense": 11761000.0,
        "Interest Income": 26642000.0,
        "Normalized Income": 487000.0,
        "Net Income From Continuing And Discontinued Operation": 487000.0,
        "Diluted Average Shares": 4427362.0,
        "Basic Average Shares": 4427362.0,
        "Diluted EPS": 0.109998,
        "Basic EPS": 0.109998,
        "Diluted NI Availto Com Stockholders": 487000.0,
        "Net Income Common Stockholders": 487000.0,
        "Net Income": 487000.0,
        "Net Income Including Noncontrolling Interests": 487000.0,
        "Net Income Continuous Operations": 487000.0,
        "Tax Provision": 62000.0,
        "Pretax Income": 549000.0,
        "Special Income Charges": 0.0,
        "Gain On Sale Of Security": -4286000.0,
        "Selling General And Administration": 9295000.0,
        "Selling And Marketing Expense": 326000.0,
        "General And Administrative Expense": 8969000.0,
        "Insurance And Claims": 430000.0,
        "Salaries And Wages": 8539000.0,
        "Total Revenue": 15052000.0,
        "Operating Revenue": 15052000.0,
        "Occupancy And Equipment": 1103000.0,
        "Professional Expense And Contract Services Expense": 612000.0,
        "Other Non Interest Expense": 2993000.0
    },
    "2025-03-31": {
        "Tax Effect Of Unusual Items": 0.0,
        "Tax Rate For Calcs": 0.185,
        "Total Unusual Items": NaN,
        "Total Unusual Items Excluding Goodwill": NaN,
        "Net Income From Continuing Operation Net Minority Interest": 3922000.0,
        "Reconciled Depreciation": 537000.0,
        "Net Interest Income": 15415000.0,
        "Interest Expense": 11452000.0,
        "Interest Income": 26867000.0,
        "Normalized Income": 3922000.0,
        "Net Income From Continuing And Discontinued Operation": 3922000.0,
        "Diluted Average Shares": 4451000.0,
        "Basic Average Shares": 4436000.0,
        "Diluted EPS": 0.88,
        "Basic EPS": 0.88,
        "Diluted NI Availto Com Stockholders": 3922000.0,
        "Net Income Common Stockholders": 3922000.0,
        "Net Income": 3922000.0,
        "Net Income Including Noncontrolling Interests": 3922000.0,
        "Net Income Continuous Operations": 3922000.0,
        "Tax Provision": 890000.0,
        "Pretax Income": 4812000.0,
        "Special Income Charges": NaN,
        "Gain On Sale Of Security": -7000.0,
        "Selling General And Administration": 9496000.0,
        "Selling And Marketing Expense": 433000.0,
        "General And Administrative Expense": 9063000.0,
        "Insurance And Claims": 545000.0,
        "Salaries And Wages": 8518000.0,
        "Total Revenue": 19828000.0,
        "Operating Revenue": 19828000.0,
        "Occupancy And Equipment": 1225000.0,
        "Professional Expense And Contract Services Expense": 527000.0,
        "Other Non Interest Expense": 2989000.0
    },
    "2025-06-30": {
        "Tax Effect Of Unusual Items": 0.0,
        "Tax Rate For Calcs": 0.192565,
        "Total Unusual Items": NaN,
        "Total Unusual Items Excluding Goodwill": NaN,
        "Net Income From Continuing Operation Net Minority Interest": 5908000.0,
        "Reconciled Depreciation": 534000.0,
        "Net Interest Income": 17049000.0,
        "Interest Expense": 11362000.0,
        "Interest Income": 28411000.0,
        "Normalized Income": 5908000.0,
        "Net Income From Continuing And Discontinued Operation": 5908000.0,
        "Diluted Average Shares": 4475758.0,
        "Basic Average Shares": 4468004.0,
        "Diluted EPS": 1.32,
        "Basic EPS": 1.322291,
        "Diluted NI Availto Com Stockholders": 5908000.0,
        "Net Income Common Stockholders": 5908000.0,
        "Net Income": 5908000.0,
        "Net Income Including Noncontrolling Interests": 5908000.0,
        "Net Income Continuous Operations": 5908000.0,
        "Tax Provision": 1409000.0,
        "Pretax Income": 7317000.0,
        "Special Income Charges": NaN,
        "Gain On Sale Of Security": 0.0,
        "Selling General And Administration": 9626000.0,
        "Selling And Marketing Expense": 353000.0,
        "General And Administrative Expense": 9273000.0,
        "Insurance And Claims": 409000.0,
        "Salaries And Wages": 8864000.0,
        "Total Revenue": 21997000.0,
        "Operating Revenue": 21997000.0,
        "Occupancy And Equipment": 1146000.0,
        "Professional Expense And Contract Services Expense": 537000.0,
        "Other Non Interest Expense": 2736000.0
    },
    "2025-09-30": {
        "Tax Effect Of Unusual Items": 0.0,
        "Tax Rate For Calcs": 0.196,
        "Total Unusual Items": NaN,
        "Total Unusual Items Excluding Goodwill": NaN,
        "Net Income From Continuing Operation Net Minority Interest": 5354000.0,
        "Reconciled Depreciation": 537000.0,
        "Net Interest Income": 17993000.0,
        "Interest Expense": 11482000.0,
        "Interest Income": 29475000.0,
        "Normalized Income": 5354000.0,
        "Net Income From Continuing And Discontinued Operation": 5354000.0,
        "Diluted Average Shares": 4499160.0,
        "Basic Average Shares": 4478089.0,
        "Diluted EPS": 1.19,
        "Basic EPS": 1.195599,
        "Diluted NI Availto Com Stockholders": 5354000.0,
        "Net Income Common Stockholders": 5354000.0,
        "Net Income": 5354000.0,
        "Net Income Including Noncontrolling Interests": 5354000.0,
        "Net Income Continuous Operations": 5354000.0,
        "Tax Provision": 1304000.0,
        "Pretax Income": 6658000.0,
        "Special Income Charges": NaN,
        "Gain On Sale Of Security": 0.0,
        "Selling General And Administration": 10067000.0,
        "Selling And Marketing Expense": 439000.0,
        "General And Administrative Expense": 9628000.0,
        "Insurance And Claims": 495000.0,
        "Salaries And Wages": 9133000.0,
        "Total Revenue": 22657000.0,
        "Operating Revenue": 22657000.0,
        "Occupancy And Equipment": 1231000.0,
        "Professional Expense And Contract Services Expense": 680000.0,
        "Other Non Interest Expense": 2823000.0
    }
}