{
    "2023-03-31": {
        "Tax Effect Of Unusual Items": NaN,
        "Tax Rate For Calcs": NaN,
        "Total Unusual Items": NaN,
        "Total Unusual Items Excluding Goodwill": NaN,
        "Net Income From Continuing Operation Net Minority Interest": NaN,
        "Reconciled Depreciation": NaN,
        "Net Interest Income": NaN,
        "Interest Expense": NaN,
        "Interest Income": NaN,
        "Normalized Income": NaN,
        "Net Income From Continuing And Discontinued Operation": NaN,
        "Diluted Average Shares": NaN,
        "Basic Average Shares": NaN,
        "Diluted EPS": NaN,
        "Basic EPS": NaN,
        "Diluted NI Availto Com Stockholders": NaN,
        "Net Income Common Stockholders": NaN,
        "Net Income": NaN,
        "Net Income Including Noncontrolling Interests": NaN,
        "Net Income Continuous Operations": NaN,
        "Tax Provision": NaN,
        "Pretax Income": NaN,
        "Special Income Charges": NaN,
        "Restructuring And Mergern Acquisition": NaN,
        "Gain On Sale Of Security": NaN,
        "Selling General And Administration": NaN,
        "Selling And Marketing Expense": NaN,
        "General And Administrative Expense": NaN,
        "Other Gand A": 219000.0,
        "Insurance And Claims": NaN,
        "Salaries And Wages": NaN,
        "Total Revenue": NaN,
        "Operating Revenue": NaN,
        "Occupancy And Equipment": NaN,
        "Professional Expense And Contract Services Expense": NaN,
        "Other Non Interest Expense": NaN
    },
    "2022-12-31": {
        "Tax Effect Of Unusual Items": NaN,
        "Tax Rate For Calcs": NaN,
        "Total Unusual Items": NaN,
        "Total Unusual Items Excluding Goodwill": NaN,
        "Net Income From Continuing Operation Net Minority Interest": NaN,
        "Reconciled Depreciation": NaN,
        "Net Interest Income": NaN,
        "Interest Expense": NaN,
        "Interest Income": NaN,
        "Normalized Income": NaN,
        "Net Income From Continuing And Discontinued Operation": NaN,
        "Diluted Average Shares": NaN,
        "Basic Average Shares": NaN,
        "Diluted EPS": NaN,
        "Basic EPS": NaN,
        "Diluted NI Availto Com Stockholders": NaN,
        "Net Income Common Stockholders": NaN,
        "Net Income": NaN,
        "Net Income Including Noncontrolling Interests": NaN,
        "Net Income Continuous Operations": NaN,
        "Tax Provision": NaN,
        "Pretax Income": NaN,
        "Special Income Charges": NaN,
        "Restructuring And Mergern Acquisition": NaN,
        "Gain On Sale Of Security": NaN,
        "Selling General And Administration": NaN,
        "Selling And Marketing Expense": NaN,
        "General And Administrative Expense": NaN,
        "Other Gand A": -1670000.0,
        "Insurance And Claims": NaN,
        "Salaries And Wages": NaN,
        "Total Revenue": NaN,
        "Operating Revenue": NaN,
        "Occupancy And Equipment": NaN,
        "Professional Expense And Contract Services Expense": NaN,
        "Other Non Interest Expense": NaN
    },
    "2022-09-30": {
        "Tax Effect Of Unusual Items": NaN,
        "Tax Rate For Calcs": NaN,
        "Total Unusual Items": NaN,
        "Total Unusual Items Excluding Goodwill": NaN,
        "Net Income From Continuing Operation Net Minority Interest": NaN,
        "Reconciled Depreciation": NaN,
        "Net Interest Income": NaN,
        "Interest Expense": NaN,
        "Interest Income": NaN,
        "Normalized Income": NaN,
        "Net Income From Continuing And Discontinued Operation": NaN,
        "Diluted Average Shares": 19668133.0,
        "Basic Average Shares": 19451189.0,
        "Diluted EPS": 0.52,
        "Basic EPS": 0.52,
        "Diluted NI Availto Com Stockholders": NaN,
        "Net Income Common Stockholders": NaN,
        "Net Income": NaN,
        "Net Income Including Noncontrolling Interests": NaN,
        "Net Income Continuous Operations": NaN,
        "Tax Provision": NaN,
        "Pretax Income": NaN,
        "Special Income Charges": NaN,
        "Restructuring And Mergern Acquisition": NaN,
        "Gain On Sale Of Security": NaN,
        "Selling General And Administration": NaN,
        "Selling And Marketing Expense": NaN,
        "General And Administrative Expense": NaN,
        "Other Gand A": 674000.0,
        "Insurance And Claims": NaN,
        "Salaries And Wages": NaN,
        "Total Revenue": NaN,
        "Operating Revenue": NaN
    },
    "2022-06-30": {
        "Tax Effect Of Unusual Items": 0.0,
        "Tax Rate For Calcs": 0.2437,
        "Total Unusual Items": NaN,
        "Total Unusual Items Excluding Goodwill": NaN,
        "Net Income From Continuing Operation Net Minority Interest": 8823000.0,
        "Reconciled Depreciation": 375000.0,
        "Net Interest Income": 22910000.0,
        "Interest Expense": 1953000.0,
        "Interest Income": 24863000.0,
        "Normalized Income": 8823000.0,
        "Net Income From Continuing And Discontinued Operation": 8823000.0,
        "Diluted Average Shares": 19794657.0,
        "Basic Average Shares": 19586103.0,
        "Diluted EPS": 0.45,
        "Basic EPS": 0.45,
        "Diluted NI Availto Com Stockholders": 8823000.0,
        "Net Income Common Stockholders": 8823000.0,
        "Net Income": 8823000.0,
        "Net Income Including Noncontrolling Interests": 8823000.0,
        "Net Income Continuous Operations": 8823000.0,
        "Tax Provision": 2843000.0,
        "Pretax Income": 11666000.0,
        "Special Income Charges": NaN,
        "Restructuring And Mergern Acquisition": NaN,
        "Gain On Sale Of Security": NaN,
        "Selling General And Administration": 8174000.0,
        "Selling And Marketing Expense": 177000.0,
        "General And Administrative Expense": 7997000.0,
        "Other Gand A": 933000.0,
        "Insurance And Claims": 186000.0,
        "Salaries And Wages": 6878000.0,
        "Total Revenue": 24373000.0,
        "Operating Revenue": 24373000.0
    },
    "2022-03-31": {
        "Diluted EPS": 0.41,
        "Total Revenue": 24,
        "Gross Profit": 22,
        "Operating Income": 11,
        "EBIT": NaN,
        "Net Income": 8
    },
    "2021-12-31": {
        "Diluted EPS": 0.39,
        "Total Revenue": 25,
        "Gross Profit": 23,
        "Operating Income": 11,
        "EBIT": NaN,
        "Net Income": 8
    },
    "2021-09-30": {
        "Diluted EPS": 0.46,
        "Total Revenue": 25,
        "Gross Profit": 23,
        "Operating Income": 12,
        "EBIT": NaN,
        "Net Income": 9
    },
    "2021-06-30": {
        "Diluted EPS": 0.45,
        "Total Revenue": 24,
        "Gross Profit": 22,
        "Operating Income": 12,
        "EBIT": NaN,
        "Net Income": 9
    },
    "2021-03-31": {
        "Diluted EPS": 0.49,
        "Total Revenue": 25,
        "Gross Profit": 22,
        "Operating Income": 13,
        "EBIT": NaN,
        "Net Income": 10
    },
    "2020-12-31": {
        "Diluted EPS": 0.3,
        "Total Revenue": 24,
        "Gross Profit": 21,
        "Operating Income": 8,
        "EBIT": NaN,
        "Net Income": 6
    },
    "2020-09-30": {
        "Diluted EPS": 0.3,
        "Total Revenue": 24,
        "Gross Profit": 20,
        "Operating Income": 8,
        "EBIT": NaN,
        "Net Income": 6
    },
    "2020-06-30": {
        "Diluted EPS": 0.21,
        "Total Revenue": 24,
        "Gross Profit": 18,
        "Operating Income": 6,
        "EBIT": NaN,
        "Net Income": 4
    },
    "2020-03-31": {
        "Diluted EPS": 0.16,
        "Total Revenue": 23,
        "Gross Profit": 17,
        "Operating Income": 4,
        "EBIT": NaN,
        "Net Income": 3
    },
    "2019-12-31": {
        "Diluted EPS": 0.25,
        "Total Revenue": 25,
        "Gross Profit": 18,
        "Operating Income": 8,
        "EBIT": NaN,
        "Net Income": 5
    },
    "2019-09-30": {
        "Diluted EPS": 0.06,
        "Total Revenue": 22,
        "Gross Profit": 15,
        "Operating Income": 5,
        "EBIT": NaN,
        "Net Income": 1
    },
    "2019-06-30": {
        "Diluted EPS": 0.15,
        "Total Revenue": 21,
        "Gross Profit": 15,
        "Operating Income": 4,
        "EBIT": NaN,
        "Net Income": 3
    },
    "2019-03-31": {
        "Diluted EPS": 0.23,
        "Total Revenue": 21,
        "Gross Profit": 15,
        "Operating Income": 6,
        "EBIT": NaN,
        "Net Income": 4
    },
    "2018-12-31": {
        "Diluted EPS": 0.21,
        "Total Revenue": 20,
        "Gross Profit": 15,
        "Operating Income": 5,
        "EBIT": NaN,
        "Net Income": 4
    },
    "2018-09-30": {
        "Diluted EPS": 0.29,
        "Total Revenue": 21,
        "Gross Profit": 16,
        "Operating Income": 7,
        "EBIT": NaN,
        "Net Income": 5
    },
    "2018-06-30": {
        "Diluted EPS": 0.22,
        "Total Revenue": 18,
        "Gross Profit": 14,
        "Operating Income": 6,
        "EBIT": NaN,
        "Net Income": 4
    },
    "2018-03-31": {
        "Diluted EPS": 0.23,
        "Total Revenue": 17,
        "Gross Profit": 13,
        "Operating Income": 5,
        "EBIT": NaN,
        "Net Income": 4
    },
    "2015-12-31": {
        "Diluted EPS": 0.0,
        "Total Revenue": -159,
        "Gross Profit": -150,
        "Operating Income": -38,
        "EBIT": NaN,
        "Net Income": -18
    },
    "2015-09-30": {
        "Diluted EPS": 0.0,
        "Total Revenue": 63,
        "Gross Profit": 58,
        "Operating Income": 13,
        "EBIT": NaN,
        "Net Income": 7
    },
    "2015-06-30": {
        "Diluted EPS": 0.0,
        "Total Revenue": 69,
        "Gross Profit": 63,
        "Operating Income": 27,
        "EBIT": NaN,
        "Net Income": 13
    },
    "2015-03-31": {
        "Diluted EPS": 0.0,
        "Total Revenue": 60,
        "Gross Profit": 55,
        "Operating Income": 5,
        "EBIT": NaN,
        "Net Income": 3
    },
    "2014-12-31": {
        "Diluted EPS": 0.0,
        "Total Revenue": 56,
        "Gross Profit": 51,
        "Operating Income": 9,
        "EBIT": NaN,
        "Net Income": 5
    },
    "2014-09-30": {
        "Diluted EPS": 0.0,
        "Total Revenue": 56,
        "Gross Profit": 51,
        "Operating Income": 11,
        "EBIT": NaN,
        "Net Income": 6
    },
    "2014-06-30": {
        "Diluted EPS": 0.0,
        "Total Revenue": 56,
        "Gross Profit": 51,
        "Operating Income": 9,
        "EBIT": NaN,
        "Net Income": 5
    },
    "2014-03-31": {
        "Diluted EPS": 0.0,
        "Total Revenue": 56,
        "Gross Profit": 51,
        "Operating Income": 9,
        "EBIT": NaN,
        "Net Income": 5
    },
    "2013-12-31": {
        "Diluted EPS": NaN,
        "Total Revenue": 57,
        "Gross Profit": 51,
        "Operating Income": 7,
        "EBIT": NaN,
        "Net Income": 218
    },
    "2013-09-30": {
        "Diluted EPS": -3.04,
        "Total Revenue": 58,
        "Gross Profit": 52,
        "Operating Income": 9,
        "EBIT": NaN,
        "Net Income": 0
    },
    "2013-06-30": {
        "Diluted EPS": 152.49,
        "Total Revenue": 63,
        "Gross Profit": 57,
        "Operating Income": 14,
        "EBIT": NaN,
        "Net Income": 4
    },
    "2013-03-31": {
        "Diluted EPS": 39.35,
        "Total Revenue": 59,
        "Gross Profit": 53,
        "Operating Income": 11,
        "EBIT": NaN,
        "Net Income": 1
    },
    "2012-12-31": {
        "Diluted EPS": -97.67,
        "Total Revenue": 62,
        "Gross Profit": 56,
        "Operating Income": 13,
        "EBIT": NaN,
        "Net Income": -2
    },
    "2012-09-30": {
        "Diluted EPS": 119.48,
        "Total Revenue": 67,
        "Gross Profit": 60,
        "Operating Income": 14,
        "EBIT": NaN,
        "Net Income": 3
    },
    "2012-06-30": {
        "Diluted EPS": 81.78,
        "Total Revenue": 67,
        "Gross Profit": 59,
        "Operating Income": 14,
        "EBIT": NaN,
        "Net Income": 2
    },
    "2012-03-31": {
        "Diluted EPS": 58.63,
        "Total Revenue": 69,
        "Gross Profit": 61,
        "Operating Income": 12,
        "EBIT": NaN,
        "Net Income": 1
    },
    "2011-12-31": {
        "Diluted EPS": -901.04,
        "Total Revenue": 70,
        "Gross Profit": 60,
        "Operating Income": -6,
        "EBIT": NaN,
        "Net Income": -21
    },
    "2011-09-30": {
        "Diluted EPS": -315.01,
        "Total Revenue": 73,
        "Gross Profit": 63,
        "Operating Income": -9,
        "EBIT": NaN,
        "Net Income": -7
    },
    "2011-06-30": {
        "Diluted EPS": -945.0,
        "Total Revenue": 74,
        "Gross Profit": 63,
        "Operating Income": -10,
        "EBIT": NaN,
        "Net Income": -22
    },
    "2011-03-31": {
        "Diluted EPS": -481.41,
        "Total Revenue": 76,
        "Gross Profit": 64,
        "Operating Income": 2,
        "EBIT": NaN,
        "Net Income": -11
    },
    "2010-12-31": {
        "Diluted EPS": NaN,
        "Total Revenue": 82,
        "Gross Profit": 68,
        "Operating Income": -112,
        "EBIT": NaN,
        "Net Income": -51
    },
    "2010-09-30": {
        "Diluted EPS": NaN,
        "Total Revenue": 95,
        "Gross Profit": 76,
        "Operating Income": -35,
        "EBIT": NaN,
        "Net Income": -53
    },
    "2010-06-30": {
        "Diluted EPS": NaN,
        "Total Revenue": 102,
        "Gross Profit": 81,
        "Operating Income": -58,
        "EBIT": NaN,
        "Net Income": -70
    },
    "2010-03-31": {
        "Diluted EPS": NaN,
        "Total Revenue": 100,
        "Gross Profit": 78,
        "Operating Income": -22,
        "EBIT": NaN,
        "Net Income": -33
    },
    "2009-12-31": {
        "Diluted EPS": 0.0,
        "Total Revenue": NaN,
        "Gross Profit": NaN,
        "Operating Income": NaN,
        "EBIT": NaN,
        "Net Income": NaN
    },
    "2023-06-30": {
        "Tax Effect Of Unusual Items": NaN,
        "Tax Rate For Calcs": NaN,
        "Total Unusual Items": NaN,
        "Total Unusual Items Excluding Goodwill": NaN,
        "Net Income From Continuing Operation Net Minority Interest": NaN,
        "Reconciled Depreciation": NaN,
        "Net Interest Income": NaN,
        "Interest Expense": NaN,
        "Interest Income": NaN,
        "Normalized Income": NaN,
        "Net Income From Continuing And Discontinued Operation": NaN,
        "Diluted Average Shares": 19434522.0,
        "Basic Average Shares": 19332703.0,
        "Diluted EPS": 0.35,
        "Basic EPS": 0.35,
        "Diluted NI Availto Com Stockholders": NaN,
        "Net Income Common Stockholders": NaN,
        "Net Income": NaN,
        "Net Income Including Noncontrolling Interests": NaN,
        "Net Income Continuous Operations": NaN,
        "Tax Provision": NaN,
        "Pretax Income": NaN,
        "Special Income Charges": NaN,
        "Restructuring And Mergern Acquisition": NaN,
        "Gain On Sale Of Security": NaN,
        "Selling General And Administration": NaN,
        "Selling And Marketing Expense": NaN,
        "General And Administrative Expense": NaN,
        "Other Gand A": 160000.0,
        "Insurance And Claims": NaN,
        "Salaries And Wages": NaN,
        "Total Revenue": NaN,
        "Operating Revenue": NaN,
        "Occupancy And Equipment": NaN,
        "Professional Expense And Contract Services Expense": NaN,
        "Other Non Interest Expense": NaN
    },
    "2023-09-30": {
        "Tax Effect Of Unusual Items": NaN,
        "Tax Rate For Calcs": NaN,
        "Total Unusual Items": NaN,
        "Total Unusual Items Excluding Goodwill": NaN,
        "Net Income From Continuing Operation Net Minority Interest": NaN,
        "Reconciled Depreciation": NaN,
        "Net Interest Income": NaN,
        "Interest Expense": NaN,
        "Interest Income": NaN,
        "Normalized Income": NaN,
        "Net Income From Continuing And Discontinued Operation": NaN,
        "Diluted Average Shares": 23902478.0,
        "Basic Average Shares": 23902478.0,
        "Diluted EPS": -0.05,
        "Basic EPS": -0.05,
        "Diluted NI Availto Com Stockholders": NaN,
        "Net Income Common Stockholders": NaN,
        "Net Income": NaN,
        "Net Income Including Noncontrolling Interests": NaN,
        "Net Income Continuous Operations": NaN,
        "Tax Provision": NaN,
        "Pretax Income": NaN,
        "Special Income Charges": NaN,
        "Restructuring And Mergern Acquisition": NaN,
        "Gain On Sale Of Security": NaN,
        "Selling General And Administration": NaN,
        "Selling And Marketing Expense": NaN,
        "General And Administrative Expense": NaN,
        "Insurance And Claims": NaN,
        "Salaries And Wages": NaN,
        "Total Revenue": NaN,
        "Operating Revenue": NaN,
        "Occupancy And Equipment": NaN,
        "Professional Expense And Contract Services Expense": NaN,
        "Other Non Interest Expense": NaN
    },
    "2023-12-31": {
        "Tax Effect Of Unusual Items": NaN,
        "Tax Rate For Calcs": NaN,
        "Total Unusual Items": NaN,
        "Total Unusual Items Excluding Goodwill": NaN,
        "Net Income From Continuing Operation Net Minority Interest": NaN,
        "Reconciled Depreciation": NaN,
        "Net Interest Income": NaN,
        "Interest Expense": NaN,
        "Interest Income": NaN,
        "Normalized Income": NaN,
        "Net Income From Continuing And Discontinued Operation": NaN,
        "Diluted Average Shares": NaN,
        "Basic Average Shares": NaN,
        "Diluted EPS": NaN,
        "Basic EPS": NaN,
        "Diluted NI Availto Com Stockholders": NaN,
        "Net Income Common Stockholders": NaN,
        "Net Income": NaN,
        "Net Income Including Noncontrolling Interests": NaN,
        "Net Income Continuous Operations": NaN,
        "Tax Provision": NaN,
        "Pretax Income": NaN,
        "Special Income Charges": -338000.0,
        "Restructuring And Mergern Acquisition": 338000.0,
        "Gain On Sale Of Security": -916000.0,
        "Selling General And Administration": NaN,
        "Selling And Marketing Expense": NaN,
        "General And Administrative Expense": NaN,
        "Insurance And Claims": NaN,
        "Salaries And Wages": NaN,
        "Total Revenue": NaN,
        "Operating Revenue": NaN,
        "Occupancy And Equipment": NaN,
        "Professional Expense And Contract Services Expense": NaN,
        "Other Non Interest Expense": NaN
    },
    "2024-03-31": {
        "Tax Effect Of Unusual Items": NaN,
        "Tax Rate For Calcs": NaN,
        "Total Unusual Items": 0.0,
        "Total Unusual Items Excluding Goodwill": 0.0,
        "Net Income From Continuing Operation Net Minority Interest": NaN,
        "Reconciled Depreciation": NaN,
        "Net Interest Income": NaN,
        "Interest Expense": NaN,
        "Interest Income": NaN,
        "Normalized Income": NaN,
        "Net Income From Continuing And Discontinued Operation": NaN,
        "Diluted Average Shares": 25199381.0,
        "Basic Average Shares": 25039949.0,
        "Diluted EPS": 0.5,
        "Basic EPS": 0.5,
        "Diluted NI Availto Com Stockholders": NaN,
        "Net Income Common Stockholders": NaN,
        "Net Income": NaN,
        "Net Income Including Noncontrolling Interests": NaN,
        "Net Income Continuous Operations": NaN,
        "Tax Provision": NaN,
        "Pretax Income": NaN,
        "Special Income Charges": 0.0,
        "Restructuring And Mergern Acquisition": 0.0,
        "Gain On Sale Of Security": 0.0,
        "Selling General And Administration": NaN,
        "Selling And Marketing Expense": NaN,
        "General And Administrative Expense": NaN,
        "Insurance And Claims": NaN,
        "Salaries And Wages": NaN,
        "Total Revenue": NaN,
        "Operating Revenue": NaN,
        "Occupancy And Equipment": NaN,
        "Professional Expense And Contract Services Expense": NaN,
        "Other Non Interest Expense": NaN
    },
    "2024-06-30": {
        "Tax Effect Of Unusual Items": 0.0,
        "Tax Rate For Calcs": 0.161962,
        "Total Unusual Items": 0.0,
        "Total Unusual Items Excluding Goodwill": 0.0,
        "Net Income From Continuing Operation Net Minority Interest": 11073000.0,
        "Reconciled Depreciation": 1078000.0,
        "Net Interest Income": 30540000.0,
        "Interest Expense": 25019000.0,
        "Interest Income": 55559000.0,
        "Normalized Income": 11073000.0,
        "Net Income From Continuing And Discontinued Operation": 11073000.0,
        "Diluted Average Shares": 25258785.0,
        "Basic Average Shares": 25129199.0,
        "Diluted EPS": 0.44,
        "Basic EPS": 0.44,
        "Diluted NI Availto Com Stockholders": 11073000.0,
        "Net Income Common Stockholders": 11073000.0,
        "Net Income": 11073000.0,
        "Net Income Including Noncontrolling Interests": 11073000.0,
        "Net Income Continuous Operations": 11073000.0,
        "Tax Provision": 2140000.0,
        "Pretax Income": 13213000.0,
        "Special Income Charges": 0.0,
        "Restructuring And Mergern Acquisition": 0.0,
        "Gain On Sale Of Security": 0.0,
        "Selling General And Administration": 10866000.0,
        "Selling And Marketing Expense": 377000.0,
        "General And Administrative Expense": 10489000.0,
        "Insurance And Claims": 251000.0,
        "Salaries And Wages": 10238000.0,
        "Total Revenue": 31229000.0,
        "Operating Revenue": 31229000.0,
        "Occupancy And Equipment": 2082000.0,
        "Professional Expense And Contract Services Expense": 1169000.0,
        "Other Non Interest Expense": 3836000.0
    },
    "2024-09-30": {
        "Tax Effect Of Unusual Items": 0.0,
        "Tax Rate For Calcs": 0.339,
        "Total Unusual Items": 0.0,
        "Total Unusual Items Excluding Goodwill": 0.0,
        "Net Income From Continuing Operation Net Minority Interest": 8162000.0,
        "Reconciled Depreciation": 1109000.0,
        "Net Interest Income": 30094000.0,
        "Interest Expense": 26071000.0,
        "Interest Income": 56165000.0,
        "Normalized Income": 8162000.0,
        "Net Income From Continuing And Discontinued Operation": 8162000.0,
        "Diluted Average Shares": 25343820.0,
        "Basic Average Shares": 25174285.0,
        "Diluted EPS": 0.32,
        "Basic EPS": 0.32,
        "Diluted NI Availto Com Stockholders": 8162000.0,
        "Net Income Common Stockholders": 8162000.0,
        "Net Income": 8162000.0,
        "Net Income Including Noncontrolling Interests": 8162000.0,
        "Net Income Continuous Operations": 8162000.0,
        "Tax Provision": 4188000.0,
        "Pretax Income": 12350000.0,
        "Special Income Charges": 0.0,
        "Restructuring And Mergern Acquisition": 0.0,
        "Gain On Sale Of Security": -555000.0,
        "Selling General And Administration": 11002000.0,
        "Selling And Marketing Expense": 310000.0,
        "General And Administrative Expense": 10692000.0,
        "Insurance And Claims": 245000.0,
        "Salaries And Wages": 10447000.0,
        "Total Revenue": 32573000.0,
        "Operating Revenue": 32573000.0,
        "Occupancy And Equipment": 2080000.0,
        "Professional Expense And Contract Services Expense": 1188000.0,
        "Other Non Interest Expense": 4374000.0
    },
    "2024-12-31": {
        "Tax Effect Of Unusual Items": 0.0,
        "Tax Rate For Calcs": 0.271649,
        "Total Unusual Items": 0.0,
        "Total Unusual Items Excluding Goodwill": 0.0,
        "Net Income From Continuing Operation Net Minority Interest": 10497000.0,
        "Reconciled Depreciation": 1071000.0,
        "Net Interest Income": 31594000.0,
        "Interest Expense": 25245000.0,
        "Interest Income": 56839000.0,
        "Normalized Income": 10497000.0,
        "Net Income From Continuing And Discontinued Operation": 10497000.0,
        "Diluted Average Shares": NaN,
        "Basic Average Shares": NaN,
        "Diluted EPS": NaN,
        "Basic EPS": NaN,
        "Diluted NI Availto Com Stockholders": 10497000.0,
        "Net Income Common Stockholders": 10497000.0,
        "Net Income": 10497000.0,
        "Net Income Including Noncontrolling Interests": 10497000.0,
        "Net Income Continuous Operations": 10497000.0,
        "Tax Provision": 3915000.0,
        "Pretax Income": 14412000.0,
        "Special Income Charges": 0.0,
        "Restructuring And Mergern Acquisition": 0.0,
        "Gain On Sale Of Security": 0.0,
        "Selling General And Administration": 11422000.0,
        "Selling And Marketing Expense": 372000.0,
        "General And Administrative Expense": 11050000.0,
        "Insurance And Claims": 250000.0,
        "Salaries And Wages": 10800000.0,
        "Total Revenue": 33770000.0,
        "Operating Revenue": 33770000.0,
        "Occupancy And Equipment": 2262000.0,
        "Professional Expense And Contract Services Expense": 1381000.0,
        "Other Non Interest Expense": 4059000.0
    },
    "2025-03-31": {
        "Tax Effect Of Unusual Items": 0.0,
        "Tax Rate For Calcs": 0.227,
        "Total Unusual Items": NaN,
        "Total Unusual Items Excluding Goodwill": NaN,
        "Net Income From Continuing Operation Net Minority Interest": 9381000.0,
        "Reconciled Depreciation": 1120000.0,
        "Net Interest Income": 32092000.0,
        "Interest Expense": 23696000.0,
        "Interest Income": 55788000.0,
        "Normalized Income": 9381000.0,
        "Net Income From Continuing And Discontinued Operation": 9381000.0,
        "Diluted Average Shares": 25269002.0,
        "Basic Average Shares": 25118062.0,
        "Diluted EPS": 0.37,
        "Basic EPS": 0.37,
        "Diluted NI Availto Com Stockholders": 9381000.0,
        "Net Income Common Stockholders": 9381000.0,
        "Net Income": 9381000.0,
        "Net Income Including Noncontrolling Interests": 9381000.0,
        "Net Income Continuous Operations": 9381000.0,
        "Tax Provision": 2754000.0,
        "Pretax Income": 12135000.0,
        "Special Income Charges": NaN,
        "Restructuring And Mergern Acquisition": NaN,
        "Gain On Sale Of Security": NaN,
        "Selling General And Administration": 12013000.0,
        "Selling And Marketing Expense": 399000.0,
        "General And Administrative Expense": 11614000.0,
        "Insurance And Claims": 214000.0,
        "Salaries And Wages": 11400000.0,
        "Total Revenue": 34063000.0,
        "Operating Revenue": 34063000.0,
        "Occupancy And Equipment": 2464000.0,
        "Professional Expense And Contract Services Expense": 1094000.0,
        "Other Non Interest Expense": 4813000.0
    },
    "2025-06-30": {
        "Tax Effect Of Unusual Items": 91047.644137,
        "Tax Rate For Calcs": 0.229339,
        "Total Unusual Items": 397000.0,
        "Total Unusual Items Excluding Goodwill": 397000.0,
        "Net Income From Continuing Operation Net Minority Interest": 10239000.0,
        "Reconciled Depreciation": 1069000.0,
        "Net Interest Income": 34009000.0,
        "Interest Expense": 25159000.0,
        "Interest Income": 59168000.0,
        "Normalized Income": 9933047.644137,
        "Net Income From Continuing And Discontinued Operation": 10239000.0,
        "Diluted Average Shares": 25234120.0,
        "Basic Average Shares": 25029164.0,
        "Diluted EPS": 0.41,
        "Basic EPS": 0.41,
        "Diluted NI Availto Com Stockholders": 10239000.0,
        "Net Income Common Stockholders": 10239000.0,
        "Net Income": 10239000.0,
        "Net Income Including Noncontrolling Interests": 10239000.0,
        "Net Income Continuous Operations": 10239000.0,
        "Tax Provision": 3047000.0,
        "Pretax Income": 13286000.0,
        "Special Income Charges": NaN,
        "Restructuring And Mergern Acquisition": NaN,
        "Gain On Sale Of Security": NaN,
        "Selling General And Administration": 12955000.0,
        "Selling And Marketing Expense": 503000.0,
        "General And Administrative Expense": 12452000.0,
        "Insurance And Claims": 233000.0,
        "Salaries And Wages": 12219000.0,
        "Total Revenue": 36711000.0,
        "Operating Revenue": 36711000.0,
        "Occupancy And Equipment": 2350000.0,
        "Professional Expense And Contract Services Expense": 1203000.0,
        "Other Non Interest Expense": 4359000.0
    }
}