{
    "2023-03-31": {
        "Tax Effect Of Unusual Items": -19350000.0,
        "Tax Rate For Calcs": 0.258,
        "Normalized EBITDA": 68488000.0,
        "Total Unusual Items": -75000000.0,
        "Total Unusual Items Excluding Goodwill": -75000000.0,
        "Net Income From Continuing Operation Net Minority Interest": -108317000.0,
        "Reconciled Depreciation": 21851000.0,
        "Reconciled Cost Of Revenue": 669109000.0,
        "EBIT": -28363000.0,
        "Net Interest Income": -87129000.0,
        "Interest Expense": 87129000.0,
        "Normalized Income": -52667000.0,
        "Net Income From Continuing And Discontinued Operation": -108317000.0,
        "Total Expenses": 1056350000.0,
        "Rent Expense Supplemental": 2626000.0,
        "Total Operating Income As Reported": -26529000.0,
        "Diluted Average Shares": 35002174.0,
        "Basic Average Shares": 35002174.0,
        "Diluted EPS": -3.16,
        "Basic EPS": -3.16,
        "Diluted NI Availto Com Stockholders": -110446000.0,
        "Net Income Common Stockholders": -110446000.0,
        "Preferred Stock Dividends": 2128000.0,
        "Net Income": -108317000.0,
        "Net Income Including Noncontrolling Interests": -108317000.0,
        "Net Income Discontinuous Operations": NaN,
        "Net Income Continuous Operations": -108317000.0,
        "Tax Provision": -7175000.0,
        "Pretax Income": -115492000.0,
        "Other Income Expense": -76834000.0,
        "Other Non Operating Income Expenses": -1834000.0,
        "Special Income Charges": -75000000.0,
        "Gain On Sale Of Ppe": NaN,
        "Impairment Of Capital Assets": 75000000.0,
        "Restructuring And Mergern Acquisition": 0.0,
        "Net Non Operating Interest Income Expense": -87129000.0,
        "Interest Expense Non Operating": 87129000.0,
        "Operating Income": 48471000.0,
        "Operating Expense": 387241000.0,
        "Selling General And Administration": 387241000.0,
        "Gross Profit": 435712000.0,
        "Cost Of Revenue": 669109000.0,
        "Total Revenue": 1104821000.0,
        "Operating Revenue": 1104821000.0
    },
    "2022-12-31": {
        "Tax Effect Of Unusual Items": 218800.0,
        "Tax Rate For Calcs": 0.4,
        "Normalized EBITDA": 38215000.0,
        "Total Unusual Items": 547000.0,
        "Total Unusual Items Excluding Goodwill": 547000.0,
        "Net Income From Continuing Operation Net Minority Interest": -710000.0,
        "Reconciled Depreciation": 22982000.0,
        "Reconciled Cost Of Revenue": 676498000.0,
        "EBIT": 38762000.0,
        "Net Interest Income": -97580000.0,
        "Interest Expense": 97580000.0,
        "Normalized Income": -1038200.0,
        "Net Income From Continuing And Discontinued Operation": -710000.0,
        "Total Expenses": 1076146000.0,
        "Rent Expense Supplemental": 2831000.0,
        "Total Operating Income As Reported": 39743000.0,
        "Diluted Average Shares": 37147507.0,
        "Basic Average Shares": 37147507.0,
        "Diluted EPS": -0.08,
        "Basic EPS": -0.08,
        "Diluted NI Availto Com Stockholders": -710000.0,
        "Net Income Common Stockholders": -710000.0,
        "Preferred Stock Dividends": NaN,
        "Net Income": -710000.0,
        "Net Income Including Noncontrolling Interests": -710000.0,
        "Net Income Discontinuous Operations": 0.0,
        "Net Income Continuous Operations": -710000.0,
        "Tax Provision": -58108000.0,
        "Pretax Income": -58818000.0,
        "Other Income Expense": -981000.0,
        "Other Non Operating Income Expenses": -1528000.0,
        "Special Income Charges": 547000.0,
        "Gain On Sale Of Ppe": 547000.0,
        "Impairment Of Capital Assets": 0.0,
        "Restructuring And Mergern Acquisition": 0.0,
        "Net Non Operating Interest Income Expense": -97580000.0,
        "Interest Expense Non Operating": 97580000.0,
        "Operating Income": 39743000.0,
        "Operating Expense": 399648000.0,
        "Selling General And Administration": 399648000.0,
        "Gross Profit": 439391000.0,
        "Cost Of Revenue": 676498000.0,
        "Total Revenue": 1115889000.0,
        "Operating Revenue": 1115889000.0
    },
    "2022-09-30": {
        "Tax Effect Of Unusual Items": -24251600.0,
        "Tax Rate For Calcs": 0.4,
        "Normalized EBITDA": 52860000.0,
        "Total Unusual Items": -60629000.0,
        "Total Unusual Items Excluding Goodwill": -60629000.0,
        "Net Income From Continuing Operation Net Minority Interest": -121163000.0,
        "Reconciled Depreciation": 20145000.0,
        "Reconciled Cost Of Revenue": 616484000.0,
        "EBIT": -27914000.0,
        "Net Interest Income": -61236000.0,
        "Interest Expense": 61236000.0,
        "Normalized Income": -84785600.0,
        "Net Income From Continuing And Discontinued Operation": -121163000.0,
        "Total Expenses": 1007483000.0,
        "Rent Expense Supplemental": 2637000.0,
        "Total Operating Income As Reported": -26007000.0,
        "Diluted Average Shares": 39941287.0,
        "Basic Average Shares": 39941287.0,
        "Diluted EPS": -3.09,
        "Basic EPS": -3.09,
        "Diluted NI Availto Com Stockholders": -121163000.0,
        "Net Income Common Stockholders": -121163000.0,
        "Preferred Stock Dividends": NaN,
        "Net Income": -121163000.0,
        "Net Income Including Noncontrolling Interests": -121163000.0,
        "Net Income Discontinuous Operations": 0.0,
        "Net Income Continuous Operations": -121163000.0,
        "Tax Provision": 32013000.0,
        "Pretax Income": -89150000.0,
        "Other Income Expense": -71907000.0,
        "Other Non Operating Income Expenses": -11278000.0,
        "Special Income Charges": -60629000.0,
        "Gain On Sale Of Ppe": 9371000.0,
        "Impairment Of Capital Assets": 70000000.0,
        "Restructuring And Mergern Acquisition": 0.0,
        "Net Non Operating Interest Income Expense": -61236000.0,
        "Interest Expense Non Operating": 61236000.0,
        "Operating Income": 43993000.0,
        "Operating Expense": 390999000.0,
        "Selling General And Administration": 390999000.0,
        "Gross Profit": 434992000.0,
        "Cost Of Revenue": 616484000.0,
        "Total Revenue": 1051476000.0,
        "Operating Revenue": 1051476000.0
    },
    "2022-06-30": {
        "Tax Effect Of Unusual Items": 13305315.0,
        "Tax Rate For Calcs": 0.249,
        "Normalized EBITDA": 110162000.0,
        "Total Unusual Items": 53435000.0,
        "Total Unusual Items Excluding Goodwill": 53435000.0,
        "Net Income From Continuing Operation Net Minority Interest": 40983000.0,
        "Reconciled Depreciation": 20203000.0,
        "Reconciled Cost Of Revenue": 612253000.0,
        "EBIT": 143394000.0,
        "Net Interest Income": -88839000.0,
        "Interest Expense": 88839000.0,
        "Normalized Income": 853315.0,
        "Net Income From Continuing And Discontinued Operation": 40983000.0,
        "Total Expenses": 1017892000.0,
        "Rent Expense Supplemental": 2741000.0,
        "Total Operating Income As Reported": 77106000.0,
        "Diluted Average Shares": 41126605.0,
        "Basic Average Shares": 40356299.0,
        "Diluted EPS": 0.94,
        "Basic EPS": 0.96,
        "Diluted NI Availto Com Stockholders": 38854000.0,
        "Net Income Common Stockholders": 38854000.0,
        "Preferred Stock Dividends": 2129000.0,
        "Net Income": 40983000.0,
        "Net Income Including Noncontrolling Interests": 40983000.0,
        "Net Income Discontinuous Operations": 0.0,
        "Net Income Continuous Operations": 40983000.0,
        "Tax Provision": 13572000.0,
        "Pretax Income": 54555000.0,
        "Other Income Expense": 66288000.0,
        "Other Non Operating Income Expenses": 12853000.0,
        "Special Income Charges": 53435000.0,
        "Gain On Sale Of Ppe": 49854000.0,
        "Impairment Of Capital Assets": NaN,
        "Restructuring And Mergern Acquisition": -3581000.0,
        "Net Non Operating Interest Income Expense": -88839000.0,
        "Interest Expense Non Operating": 88839000.0,
        "Operating Income": 77106000.0,
        "Operating Expense": 405639000.0,
        "Selling General And Administration": 405639000.0,
        "Gross Profit": 482745000.0,
        "Cost Of Revenue": 612253000.0,
        "Total Revenue": 1094998000.0,
        "Operating Revenue": 1094998000.0
    },
    "2022-03-31": {
        "Diluted EPS": 0.25,
        "Total Revenue": NaN,
        "Gross Profit": 507,
        "Operating Income": 130,
        "EBIT": 159,
        "Net Income": 12
    },
    "2021-12-31": {
        "Diluted EPS": 3.53,
        "Total Revenue": 942,
        "Gross Profit": 388,
        "Operating Income": 60,
        "EBIT": 64,
        "Net Income": 149
    },
    "2021-09-30": {
        "Diluted EPS": 3.96,
        "Total Revenue": 829,
        "Gross Profit": 331,
        "Operating Income": 55,
        "EBIT": 76,
        "Net Income": 162
    },
    "2021-06-30": {
        "Diluted EPS": 0.89,
        "Total Revenue": 863,
        "Gross Profit": 336,
        "Operating Income": 58,
        "EBIT": 77,
        "Net Income": 39
    },
    "2021-03-31": {
        "Diluted EPS": 0.29,
        "Total Revenue": 621,
        "Gross Profit": 279,
        "Operating Income": 53,
        "EBIT": 135,
        "Net Income": 14
    },
    "2020-12-31": {
        "Diluted EPS": -0.97,
        "Total Revenue": 492,
        "Gross Profit": 213,
        "Operating Income": 16,
        "EBIT": 29,
        "Net Income": -4
    },
    "2020-09-30": {
        "Diluted EPS": -0.22,
        "Total Revenue": 538,
        "Gross Profit": 234,
        "Operating Income": 25,
        "EBIT": 49,
        "Net Income": -9
    },
    "2020-06-30": {
        "Diluted EPS": -0.62,
        "Total Revenue": 498,
        "Gross Profit": 214,
        "Operating Income": 15,
        "EBIT": 42,
        "Net Income": -22
    },
    "2020-03-31": {
        "Diluted EPS": 2.51,
        "Total Revenue": 503,
        "Gross Profit": 208,
        "Operating Income": -3,
        "EBIT": 25,
        "Net Income": 60
    },
    "2019-12-31": {
        "Diluted EPS": 0.0,
        "Total Revenue": NaN,
        "Gross Profit": NaN,
        "Operating Income": NaN,
        "EBIT": NaN,
        "Net Income": NaN
    },
    "2019-10-31": {
        "Diluted EPS": -0.81,
        "Total Revenue": 36,
        "Gross Profit": 23,
        "Operating Income": -24,
        "EBIT": -20,
        "Net Income": -13
    },
    "2019-09-30": {
        "Diluted EPS": -0.93,
        "Total Revenue": 19,
        "Gross Profit": 15,
        "Operating Income": -25,
        "EBIT": -20,
        "Net Income": -15
    },
    "2019-07-31": {
        "Diluted EPS": -1.09,
        "Total Revenue": 8,
        "Gross Profit": 8,
        "Operating Income": -23,
        "EBIT": -18,
        "Net Income": -16
    },
    "2019-06-30": {
        "Diluted EPS": -0.37,
        "Total Revenue": 24,
        "Gross Profit": 24,
        "Operating Income": -6,
        "EBIT": -2,
        "Net Income": -5
    },
    "2019-04-30": {
        "Diluted EPS": 0.0,
        "Total Revenue": NaN,
        "Gross Profit": NaN,
        "Operating Income": NaN,
        "EBIT": NaN,
        "Net Income": NaN
    },
    "2019-03-31": {
        "Diluted EPS": 2.71,
        "Total Revenue": 96,
        "Gross Profit": 96,
        "Operating Income": 55,
        "EBIT": 59,
        "Net Income": 38
    },
    "2019-01-31": {
        "Diluted EPS": -0.02,
        "Total Revenue": 33,
        "Gross Profit": 33,
        "Operating Income": 2,
        "EBIT": 6,
        "Net Income": 0
    },
    "2018-10-31": {
        "Diluted EPS": -0.92,
        "Total Revenue": 7,
        "Gross Profit": 7,
        "Operating Income": -18,
        "EBIT": -10,
        "Net Income": -13
    },
    "2018-07-31": {
        "Diluted EPS": -1.48,
        "Total Revenue": 7,
        "Gross Profit": 7,
        "Operating Income": -28,
        "EBIT": -28,
        "Net Income": -19
    },
    "2018-04-30": {
        "Diluted EPS": 0.0,
        "Total Revenue": NaN,
        "Gross Profit": NaN,
        "Operating Income": NaN,
        "EBIT": NaN,
        "Net Income": NaN
    },
    "2018-01-31": {
        "Diluted EPS": -0.11,
        "Total Revenue": 48,
        "Gross Profit": 48,
        "Operating Income": 0,
        "EBIT": 8,
        "Net Income": -1
    },
    "2017-10-31": {
        "Diluted EPS": -1.02,
        "Total Revenue": 8,
        "Gross Profit": 8,
        "Operating Income": -20,
        "EBIT": -14,
        "Net Income": -13
    },
    "2017-07-31": {
        "Diluted EPS": -0.76,
        "Total Revenue": 8,
        "Gross Profit": 8,
        "Operating Income": -16,
        "EBIT": -16,
        "Net Income": -10
    },
    "2017-04-30": {
        "Diluted EPS": 0.0,
        "Total Revenue": NaN,
        "Gross Profit": NaN,
        "Operating Income": NaN,
        "EBIT": NaN,
        "Net Income": NaN
    },
    "2017-01-31": {
        "Diluted EPS": 0.18,
        "Total Revenue": 48,
        "Gross Profit": 48,
        "Operating Income": 5,
        "EBIT": 11,
        "Net Income": 2
    },
    "2016-10-31": {
        "Diluted EPS": -0.72,
        "Total Revenue": 7,
        "Gross Profit": 7,
        "Operating Income": -15,
        "EBIT": -9,
        "Net Income": -9
    },
    "2016-07-31": {
        "Diluted EPS": -0.73,
        "Total Revenue": 7,
        "Gross Profit": 7,
        "Operating Income": -15,
        "EBIT": -15,
        "Net Income": -9
    },
    "2016-04-30": {
        "Diluted EPS": 0.0,
        "Total Revenue": NaN,
        "Gross Profit": NaN,
        "Operating Income": NaN,
        "EBIT": NaN,
        "Net Income": NaN
    },
    "2016-01-31": {
        "Diluted EPS": 0.34,
        "Total Revenue": 54,
        "Gross Profit": 54,
        "Operating Income": 9,
        "EBIT": 15,
        "Net Income": 4
    },
    "2015-10-31": {
        "Diluted EPS": -0.71,
        "Total Revenue": 8,
        "Gross Profit": 8,
        "Operating Income": -14,
        "EBIT": -11,
        "Net Income": -9
    },
    "2015-07-31": {
        "Diluted EPS": -0.67,
        "Total Revenue": 8,
        "Gross Profit": 8,
        "Operating Income": -14,
        "EBIT": -14,
        "Net Income": -9
    },
    "2015-04-30": {
        "Diluted EPS": 0.0,
        "Total Revenue": NaN,
        "Gross Profit": NaN,
        "Operating Income": NaN,
        "EBIT": NaN,
        "Net Income": NaN
    },
    "2015-01-31": {
        "Diluted EPS": 0.13,
        "Total Revenue": 48,
        "Gross Profit": 48,
        "Operating Income": 4,
        "EBIT": 8,
        "Net Income": 2
    },
    "2014-10-31": {
        "Diluted EPS": -0.89,
        "Total Revenue": 8,
        "Gross Profit": 8,
        "Operating Income": -18,
        "EBIT": -13,
        "Net Income": -11
    },
    "2014-07-31": {
        "Diluted EPS": -0.67,
        "Total Revenue": 8,
        "Gross Profit": 8,
        "Operating Income": -14,
        "EBIT": -14,
        "Net Income": -9
    },
    "2014-04-30": {
        "Diluted EPS": 0.0,
        "Total Revenue": NaN,
        "Gross Profit": NaN,
        "Operating Income": NaN,
        "EBIT": NaN,
        "Net Income": NaN
    },
    "2014-01-31": {
        "Diluted EPS": 0.28,
        "Total Revenue": 41,
        "Gross Profit": 41,
        "Operating Income": 5,
        "EBIT": 11,
        "Net Income": 4
    },
    "2013-10-31": {
        "Diluted EPS": -0.66,
        "Total Revenue": 7,
        "Gross Profit": 7,
        "Operating Income": -14,
        "EBIT": -10,
        "Net Income": -8
    },
    "2013-07-31": {
        "Diluted EPS": -0.46,
        "Total Revenue": 8,
        "Gross Profit": 8,
        "Operating Income": -9,
        "EBIT": -9,
        "Net Income": -6
    },
    "2013-04-30": {
        "Diluted EPS": 0.0,
        "Total Revenue": NaN,
        "Gross Profit": NaN,
        "Operating Income": NaN,
        "EBIT": NaN,
        "Net Income": NaN
    },
    "2013-01-31": {
        "Diluted EPS": 0.12,
        "Total Revenue": 38,
        "Gross Profit": 38,
        "Operating Income": 4,
        "EBIT": 7,
        "Net Income": 2
    },
    "2012-10-31": {
        "Diluted EPS": -0.47,
        "Total Revenue": 9,
        "Gross Profit": 9,
        "Operating Income": -9,
        "EBIT": -5,
        "Net Income": -6
    },
    "2012-07-31": {
        "Diluted EPS": -0.52,
        "Total Revenue": 7,
        "Gross Profit": 7,
        "Operating Income": -10,
        "EBIT": -15,
        "Net Income": -6
    },
    "2012-06-30": {
        "Diluted EPS": -0.51,
        "Total Revenue": 7,
        "Gross Profit": 7,
        "Operating Income": -9,
        "EBIT": -7,
        "Net Income": -6
    },
    "2012-04-30": {
        "Diluted EPS": 0.0,
        "Total Revenue": NaN,
        "Gross Profit": NaN,
        "Operating Income": NaN,
        "EBIT": NaN,
        "Net Income": NaN
    },
    "2012-03-31": {
        "Diluted EPS": 0.0,
        "Total Revenue": NaN,
        "Gross Profit": NaN,
        "Operating Income": -10,
        "EBIT": -6,
        "Net Income": -6
    },
    "2012-01-31": {
        "Diluted EPS": 0.37,
        "Total Revenue": 44,
        "Gross Profit": 44,
        "Operating Income": 9,
        "EBIT": 14,
        "Net Income": 4
    },
    "2011-12-31": {
        "Diluted EPS": 0.33,
        "Total Revenue": 44,
        "Gross Profit": 44,
        "Operating Income": 18,
        "EBIT": 20,
        "Net Income": 5
    },
    "2011-10-31": {
        "Diluted EPS": -0.38,
        "Total Revenue": 9,
        "Gross Profit": 9,
        "Operating Income": -7,
        "EBIT": -3,
        "Net Income": -4
    },
    "2011-09-30": {
        "Diluted EPS": 0.0,
        "Total Revenue": NaN,
        "Gross Profit": NaN,
        "Operating Income": -14,
        "EBIT": -18,
        "Net Income": -4
    },
    "2011-07-31": {
        "Diluted EPS": -0.44,
        "Total Revenue": 5,
        "Gross Profit": 5,
        "Operating Income": -8,
        "EBIT": -12,
        "Net Income": -5
    },
    "2011-06-30": {
        "Diluted EPS": -0.44,
        "Total Revenue": 5,
        "Gross Profit": 5,
        "Operating Income": -8,
        "EBIT": -6,
        "Net Income": -5
    },
    "2011-04-30": {
        "Diluted EPS": 0.0,
        "Total Revenue": NaN,
        "Gross Profit": NaN,
        "Operating Income": NaN,
        "EBIT": NaN,
        "Net Income": NaN
    },
    "2011-03-31": {
        "Diluted EPS": 0.0,
        "Total Revenue": NaN,
        "Gross Profit": NaN,
        "Operating Income": NaN,
        "EBIT": 3,
        "Net Income": 20
    },
    "2010-06-30": {
        "Diluted EPS": 0.0,
        "Total Revenue": NaN,
        "Gross Profit": NaN,
        "Operating Income": NaN,
        "EBIT": NaN,
        "Net Income": NaN
    },
    "2010-03-31": {
        "Diluted EPS": 0.0,
        "Total Revenue": NaN,
        "Gross Profit": NaN,
        "Operating Income": NaN,
        "EBIT": NaN,
        "Net Income": NaN
    },
    "2023-06-30": {
        "Tax Effect Of Unusual Items": 1284.0,
        "Tax Rate For Calcs": 0.214,
        "Normalized EBITDA": 41148000.0,
        "Total Unusual Items": 6000.0,
        "Total Unusual Items Excluding Goodwill": 6000.0,
        "Net Income From Continuing Operation Net Minority Interest": -50796000.0,
        "Reconciled Depreciation": 22431000.0,
        "Reconciled Cost Of Revenue": 632623000.0,
        "EBIT": 18723000.0,
        "Net Interest Income": -83364000.0,
        "Interest Expense": 83364000.0,
        "Normalized Income": -50800716.0,
        "Net Income From Continuing And Discontinued Operation": -50796000.0,
        "Total Expenses": 1016186000.0,
        "Rent Expense Supplemental": 2507000.0,
        "Total Operating Income As Reported": 22500000.0,
        "Diluted Average Shares": 35177146.0,
        "Basic Average Shares": 35177146.0,
        "Diluted EPS": -1.5,
        "Basic EPS": -1.5,
        "Diluted NI Availto Com Stockholders": -52925000.0,
        "Net Income Common Stockholders": -52925000.0,
        "Preferred Stock Dividends": 2129000.0,
        "Net Income": -50796000.0,
        "Net Income Including Noncontrolling Interests": -50796000.0,
        "Net Income Discontinuous Operations": NaN,
        "Net Income Continuous Operations": -50796000.0,
        "Tax Provision": -13845000.0,
        "Pretax Income": -64641000.0,
        "Other Income Expense": -3777000.0,
        "Other Non Operating Income Expenses": -3783000.0,
        "Special Income Charges": 6000.0,
        "Gain On Sale Of Ppe": 0.0,
        "Impairment Of Capital Assets": 0.0,
        "Restructuring And Mergern Acquisition": -6000.0,
        "Net Non Operating Interest Income Expense": -83364000.0,
        "Interest Expense Non Operating": 83364000.0,
        "Operating Income": 22500000.0,
        "Operating Expense": 383563000.0,
        "Selling General And Administration": 383563000.0,
        "Gross Profit": 406063000.0,
        "Cost Of Revenue": 632623000.0,
        "Total Revenue": 1038686000.0,
        "Operating Revenue": 1038686000.0
    }
}