{
    "2023-03-31": {
        "Tax Effect Of Unusual Items": NaN,
        "Tax Rate For Calcs": NaN,
        "Normalized EBITDA": NaN,
        "Total Unusual Items": NaN,
        "Total Unusual Items Excluding Goodwill": NaN,
        "Net Income From Continuing Operation Net Minority Interest": NaN,
        "Reconciled Depreciation": NaN,
        "Reconciled Cost Of Revenue": NaN,
        "EBITDA": NaN,
        "EBIT": NaN,
        "Net Interest Income": NaN,
        "Interest Expense": NaN,
        "Interest Income": NaN,
        "Normalized Income": NaN,
        "Net Income From Continuing And Discontinued Operation": NaN,
        "Total Expenses": NaN,
        "Total Operating Income As Reported": NaN,
        "Diluted Average Shares": NaN,
        "Basic Average Shares": NaN,
        "Diluted EPS": NaN,
        "Basic EPS": NaN,
        "Diluted NI Availto Com Stockholders": NaN,
        "Net Income Common Stockholders": NaN,
        "Net Income": NaN,
        "Minority Interests": 0.0,
        "Net Income Including Noncontrolling Interests": NaN,
        "Net Income Continuous Operations": NaN,
        "Tax Provision": NaN,
        "Pretax Income": NaN,
        "Other Income Expense": NaN,
        "Special Income Charges": NaN,
        "Gain On Sale Of Ppe": NaN,
        "Other Special Charges": NaN,
        "Earnings From Equity Interest": NaN,
        "Gain On Sale Of Security": NaN,
        "Net Non Operating Interest Income Expense": NaN,
        "Total Other Finance Cost": NaN,
        "Interest Expense Non Operating": NaN,
        "Interest Income Non Operating": NaN,
        "Operating Income": NaN,
        "Operating Expense": NaN,
        "Other Operating Expenses": NaN,
        "Selling General And Administration": NaN,
        "General And Administrative Expense": NaN,
        "Other Gand A": NaN,
        "Gross Profit": NaN,
        "Cost Of Revenue": NaN,
        "Total Revenue": NaN,
        "Operating Revenue": NaN
    },
    "2022-12-31": {
        "Tax Effect Of Unusual Items": NaN,
        "Tax Rate For Calcs": NaN,
        "Normalized EBITDA": NaN,
        "Total Unusual Items": NaN,
        "Total Unusual Items Excluding Goodwill": NaN,
        "Net Income From Continuing Operation Net Minority Interest": NaN,
        "Reconciled Depreciation": NaN,
        "Reconciled Cost Of Revenue": NaN,
        "EBITDA": NaN,
        "EBIT": NaN,
        "Net Interest Income": NaN,
        "Interest Expense": NaN,
        "Interest Income": NaN,
        "Normalized Income": NaN,
        "Net Income From Continuing And Discontinued Operation": NaN,
        "Total Expenses": NaN,
        "Total Operating Income As Reported": NaN,
        "Diluted Average Shares": 222253704.0,
        "Basic Average Shares": 222253704.0,
        "Diluted EPS": 1.08,
        "Basic EPS": 1.08,
        "Diluted NI Availto Com Stockholders": NaN,
        "Net Income Common Stockholders": NaN,
        "Net Income": NaN,
        "Minority Interests": NaN,
        "Net Income Including Noncontrolling Interests": NaN,
        "Net Income Continuous Operations": NaN,
        "Tax Provision": NaN,
        "Pretax Income": NaN,
        "Other Income Expense": NaN,
        "Other Non Operating Income Expenses": -966000.0,
        "Special Income Charges": NaN,
        "Gain On Sale Of Ppe": NaN,
        "Other Special Charges": NaN,
        "Earnings From Equity Interest": NaN,
        "Gain On Sale Of Security": NaN,
        "Net Non Operating Interest Income Expense": NaN,
        "Total Other Finance Cost": NaN,
        "Interest Expense Non Operating": NaN,
        "Interest Income Non Operating": NaN,
        "Operating Income": NaN,
        "Operating Expense": NaN,
        "Other Operating Expenses": NaN,
        "Selling General And Administration": NaN,
        "General And Administrative Expense": NaN,
        "Other Gand A": NaN,
        "Gross Profit": NaN,
        "Cost Of Revenue": NaN,
        "Total Revenue": NaN,
        "Operating Revenue": NaN
    },
    "2022-09-30": {
        "Tax Effect Of Unusual Items": NaN,
        "Tax Rate For Calcs": NaN,
        "Normalized EBITDA": NaN,
        "Total Unusual Items": NaN,
        "Total Unusual Items Excluding Goodwill": NaN,
        "Net Income From Continuing Operation Net Minority Interest": NaN,
        "Reconciled Depreciation": NaN,
        "Reconciled Cost Of Revenue": NaN,
        "EBITDA": NaN,
        "EBIT": NaN,
        "Net Interest Income": NaN,
        "Interest Expense": NaN,
        "Interest Income": NaN,
        "Normalized Income": NaN,
        "Net Income From Continuing And Discontinued Operation": NaN,
        "Total Expenses": NaN,
        "Rent Expense Supplemental": 0.0,
        "Total Operating Income As Reported": NaN,
        "Diluted Average Shares": 222623000.0,
        "Basic Average Shares": 222623000.0,
        "Diluted EPS": 0.7,
        "Basic EPS": 0.7,
        "Diluted NI Availto Com Stockholders": NaN,
        "Net Income Common Stockholders": NaN,
        "Net Income": NaN,
        "Minority Interests": NaN,
        "Net Income Including Noncontrolling Interests": NaN,
        "Net Income Continuous Operations": NaN,
        "Tax Provision": NaN,
        "Pretax Income": NaN,
        "Other Income Expense": NaN,
        "Other Non Operating Income Expenses": 844000.0,
        "Special Income Charges": 2796000.0,
        "Gain On Sale Of Ppe": NaN,
        "Other Special Charges": -2796000.0,
        "Earnings From Equity Interest": NaN,
        "Gain On Sale Of Security": NaN,
        "Net Non Operating Interest Income Expense": NaN,
        "Total Other Finance Cost": NaN,
        "Interest Expense Non Operating": NaN,
        "Interest Income Non Operating": NaN,
        "Operating Income": NaN,
        "Operating Expense": NaN,
        "Other Operating Expenses": NaN,
        "Selling General And Administration": NaN,
        "General And Administrative Expense": NaN,
        "Other Gand A": NaN,
        "Gross Profit": NaN,
        "Cost Of Revenue": NaN,
        "Total Revenue": NaN,
        "Operating Revenue": NaN
    },
    "2022-06-30": {
        "Tax Effect Of Unusual Items": -1272.688683,
        "Tax Rate For Calcs": 0.000403,
        "Normalized EBITDA": 106712000.0,
        "Total Unusual Items": -3156000.0,
        "Total Unusual Items Excluding Goodwill": -3156000.0,
        "Net Income From Continuing Operation Net Minority Interest": 47097000.0,
        "Reconciled Depreciation": 37512000.0,
        "Reconciled Cost Of Revenue": 228774000.0,
        "EBITDA": 103556000.0,
        "EBIT": 66044000.0,
        "Net Interest Income": -18787000.0,
        "Interest Expense": 18928000.0,
        "Interest Income": 141000.0,
        "Normalized Income": 50251727.311317,
        "Net Income From Continuing And Discontinued Operation": 47097000.0,
        "Total Expenses": 237608000.0,
        "Rent Expense Supplemental": 0.0,
        "Total Operating Income As Reported": 62904000.0,
        "Diluted Average Shares": 206965000.0,
        "Basic Average Shares": 206965000.0,
        "Diluted EPS": 0.25,
        "Basic EPS": 0.25,
        "Diluted NI Availto Com Stockholders": 47097000.0,
        "Net Income Common Stockholders": 47097000.0,
        "Net Income": 47097000.0,
        "Minority Interests": NaN,
        "Net Income Including Noncontrolling Interests": 47097000.0,
        "Net Income Continuous Operations": 47097000.0,
        "Tax Provision": 19000.0,
        "Pretax Income": 47116000.0,
        "Other Income Expense": 3071000.0,
        "Other Non Operating Income Expenses": 176000.0,
        "Earnings From Equity Interest": 6051000.0,
        "Gain On Sale Of Security": -3156000.0,
        "Net Non Operating Interest Income Expense": -18787000.0,
        "Interest Expense Non Operating": 18928000.0,
        "Interest Income Non Operating": 141000.0,
        "Operating Income": 62832000.0,
        "Operating Expense": 8834000.0,
        "Other Operating Expenses": -264000.0,
        "Selling General And Administration": 9098000.0,
        "General And Administrative Expense": 9098000.0,
        "Other Gand A": 9098000.0,
        "Gross Profit": 71666000.0,
        "Cost Of Revenue": 228774000.0,
        "Total Revenue": 300440000.0,
        "Operating Revenue": 300440000.0
    },
    "2022-03-31": {
        "Diluted EPS": 0.14,
        "Total Revenue": 223,
        "Gross Profit": 68,
        "Operating Income": 21,
        "EBIT": 62,
        "Net Income": 29
    },
    "2021-12-31": {
        "Diluted EPS": 0.07,
        "Total Revenue": 218,
        "Gross Profit": 77,
        "Operating Income": 15,
        "EBIT": 66,
        "Net Income": 16
    },
    "2021-09-30": {
        "Diluted EPS": -0.17,
        "Total Revenue": 172,
        "Gross Profit": 23,
        "Operating Income": -19,
        "EBIT": 18,
        "Net Income": -33
    },
    "2021-06-30": {
        "Diluted EPS": -0.13,
        "Total Revenue": 170,
        "Gross Profit": 31,
        "Operating Income": -12,
        "EBIT": 24,
        "Net Income": -27
    },
    "2021-03-31": {
        "Diluted EPS": 0.15,
        "Total Revenue": 194,
        "Gross Profit": 65,
        "Operating Income": 25,
        "EBIT": 60,
        "Net Income": 29
    },
    "2020-12-31": {
        "Diluted EPS": -0.05,
        "Total Revenue": 175,
        "Gross Profit": 48,
        "Operating Income": 3,
        "EBIT": 39,
        "Net Income": -9
    },
    "2020-09-30": {
        "Diluted EPS": 0.29,
        "Total Revenue": 247,
        "Gross Profit": 122,
        "Operating Income": 71,
        "EBIT": 107,
        "Net Income": 57
    },
    "2020-06-30": {
        "Diluted EPS": 1.01,
        "Total Revenue": 387,
        "Gross Profit": 260,
        "Operating Income": 226,
        "EBIT": 260,
        "Net Income": 200
    },
    "2020-03-31": {
        "Diluted EPS": 0.84,
        "Total Revenue": 412,
        "Gross Profit": 246,
        "Operating Income": 208,
        "EBIT": 243,
        "Net Income": 165
    },
    "2019-12-31": {
        "Diluted EPS": 0.59,
        "Total Revenue": 336,
        "Gross Profit": 178,
        "Operating Income": 132,
        "EBIT": 166,
        "Net Income": 109
    },
    "2019-09-30": {
        "Diluted EPS": -0.06,
        "Total Revenue": 188,
        "Gross Profit": 48,
        "Operating Income": 12,
        "EBIT": 43,
        "Net Income": -10
    },
    "2019-06-30": {
        "Diluted EPS": 0.01,
        "Total Revenue": 195,
        "Gross Profit": 65,
        "Operating Income": 27,
        "EBIT": 27,
        "Net Income": 1
    },
    "2019-03-31": {
        "Diluted EPS": 0.24,
        "Total Revenue": 238,
        "Gross Profit": 106,
        "Operating Income": 69,
        "EBIT": 69,
        "Net Income": 40
    },
    "2018-12-31": {
        "Diluted EPS": 0.15,
        "Total Revenue": 217,
        "Gross Profit": 85,
        "Operating Income": 57,
        "EBIT": 86,
        "Net Income": 25
    },
    "2018-09-30": {
        "Diluted EPS": 0.01,
        "Total Revenue": 189,
        "Gross Profit": 50,
        "Operating Income": 23,
        "EBIT": 54,
        "Net Income": 2
    },
    "2018-06-30": {
        "Diluted EPS": -0.13,
        "Total Revenue": 167,
        "Gross Profit": 34,
        "Operating Income": -1,
        "EBIT": 31,
        "Net Income": -23
    },
    "2018-03-31": {
        "Diluted EPS": -0.08,
        "Total Revenue": 170,
        "Gross Profit": 44,
        "Operating Income": 4,
        "EBIT": 36,
        "Net Income": -14
    },
    "2017-12-31": {
        "Diluted EPS": -1.47,
        "Total Revenue": 179,
        "Gross Profit": 64,
        "Operating Income": -117,
        "EBIT": -81,
        "Net Income": -248
    },
    "2017-09-30": {
        "Diluted EPS": -0.14,
        "Total Revenue": 140,
        "Gross Profit": 39,
        "Operating Income": -5,
        "EBIT": 30,
        "Net Income": -24
    },
    "2017-06-30": {
        "Diluted EPS": -0.11,
        "Total Revenue": 150,
        "Gross Profit": 48,
        "Operating Income": -1,
        "EBIT": 34,
        "Net Income": -19
    },
    "2017-03-31": {
        "Diluted EPS": 0.16,
        "Total Revenue": 177,
        "Gross Profit": 82,
        "Operating Income": 41,
        "EBIT": 76,
        "Net Income": 27
    },
    "2016-12-31": {
        "Diluted EPS": 0.13,
        "Total Revenue": 178,
        "Gross Profit": 85,
        "Operating Income": 18,
        "EBIT": 53,
        "Net Income": 18
    },
    "2016-09-30": {
        "Diluted EPS": 0.03,
        "Total Revenue": 157,
        "Gross Profit": 66,
        "Operating Income": 20,
        "EBIT": 54,
        "Net Income": 5
    },
    "2016-06-30": {
        "Diluted EPS": 0.09,
        "Total Revenue": 192,
        "Gross Profit": 107,
        "Operating Income": 37,
        "EBIT": 71,
        "Net Income": 14
    },
    "2016-03-31": {
        "Diluted EPS": 0.5,
        "Total Revenue": 227,
        "Gross Profit": 148,
        "Operating Income": 103,
        "EBIT": 137,
        "Net Income": 79
    },
    "2015-12-31": {
        "Diluted EPS": 0.65,
        "Total Revenue": 154,
        "Gross Profit": 93,
        "Operating Income": 173,
        "EBIT": 196,
        "Net Income": 59
    },
    "2015-09-30": {
        "Diluted EPS": 0.53,
        "Total Revenue": 107,
        "Gross Profit": 49,
        "Operating Income": 36,
        "EBIT": 48,
        "Net Income": 62
    },
    "2015-06-30": {
        "Diluted EPS": 0.02,
        "Total Revenue": 104,
        "Gross Profit": 51,
        "Operating Income": 39,
        "EBIT": 51,
        "Net Income": 23
    },
    "2015-03-31": {
        "Diluted EPS": 0.09,
        "Total Revenue": 94,
        "Gross Profit": 49,
        "Operating Income": 39,
        "EBIT": 48,
        "Net Income": 11
    },
    "2014-12-31": {
        "Diluted EPS": 8.89,
        "Total Revenue": -183,
        "Gross Profit": -43,
        "Operating Income": 218,
        "EBIT": 227,
        "Net Income": 299
    },
    "2014-09-30": {
        "Diluted EPS": -3.0,
        "Total Revenue": 136,
        "Gross Profit": 41,
        "Operating Income": -38,
        "EBIT": -9,
        "Net Income": -60
    },
    "2014-06-30": {
        "Diluted EPS": -4.05,
        "Total Revenue": 119,
        "Gross Profit": 24,
        "Operating Income": -66,
        "EBIT": -42,
        "Net Income": -78
    },
    "2014-03-31": {
        "Diluted EPS": -0.65,
        "Total Revenue": 170,
        "Gross Profit": 66,
        "Operating Income": 6,
        "EBIT": 29,
        "Net Income": -12
    },
    "2013-12-31": {
        "Diluted EPS": 11.81,
        "Total Revenue": -240,
        "Gross Profit": -26,
        "Operating Income": 129,
        "EBIT": 154,
        "Net Income": 245
    },
    "2013-09-30": {
        "Diluted EPS": -2.3,
        "Total Revenue": 126,
        "Gross Profit": 24,
        "Operating Income": -21,
        "EBIT": 4,
        "Net Income": -36
    },
    "2013-06-30": {
        "Diluted EPS": -7.7,
        "Total Revenue": 121,
        "Gross Profit": 14,
        "Operating Income": -100,
        "EBIT": -100,
        "Net Income": -120
    },
    "2013-03-31": {
        "Diluted EPS": -1.2,
        "Total Revenue": 126,
        "Gross Profit": 25,
        "Operating Income": 0,
        "EBIT": 0,
        "Net Income": -19
    },
    "2012-12-31": {
        "Diluted EPS": -1.05,
        "Total Revenue": 153,
        "Gross Profit": 36,
        "Operating Income": 7,
        "EBIT": 35,
        "Net Income": -17
    },
    "2012-09-30": {
        "Diluted EPS": -3.15,
        "Total Revenue": 113,
        "Gross Profit": 7,
        "Operating Income": -17,
        "EBIT": 12,
        "Net Income": -49
    },
    "2012-06-30": {
        "Diluted EPS": -1.55,
        "Total Revenue": 164,
        "Gross Profit": 56,
        "Operating Income": 11,
        "EBIT": 11,
        "Net Income": -24
    },
    "2012-03-31": {
        "Diluted EPS": 0.45,
        "Total Revenue": 149,
        "Gross Profit": 54,
        "Operating Income": 18,
        "EBIT": 18,
        "Net Income": 7
    },
    "2011-12-31": {
        "Diluted EPS": -21.1,
        "Total Revenue": 95,
        "Gross Profit": 6,
        "Operating Income": -313,
        "EBIT": -313,
        "Net Income": -344
    },
    "2011-09-30": {
        "Diluted EPS": -10.65,
        "Total Revenue": 174,
        "Gross Profit": 40,
        "Operating Income": -136,
        "EBIT": -136,
        "Net Income": -166
    },
    "2011-06-30": {
        "Diluted EPS": -2.25,
        "Total Revenue": 219,
        "Gross Profit": 70,
        "Operating Income": -1,
        "EBIT": 50,
        "Net Income": -35
    },
    "2011-03-31": {
        "Diluted EPS": 0.0,
        "Total Revenue": 235,
        "Gross Profit": 91,
        "Operating Income": 43,
        "EBIT": 95,
        "Net Income": 15
    },
    "2010-12-31": {
        "Diluted EPS": -0.75,
        "Total Revenue": 226,
        "Gross Profit": -10,
        "Operating Income": 26,
        "EBIT": 79,
        "Net Income": -12
    },
    "2010-09-30": {
        "Diluted EPS": 0.0,
        "Total Revenue": 251,
        "Gross Profit": 110,
        "Operating Income": 48,
        "EBIT": 103,
        "Net Income": 12
    },
    "2010-06-30": {
        "Diluted EPS": 5.2,
        "Total Revenue": 356,
        "Gross Profit": 233,
        "Operating Income": 120,
        "EBIT": 173,
        "Net Income": 81
    },
    "2010-03-31": {
        "Diluted EPS": 5.1,
        "Total Revenue": 332,
        "Gross Profit": 220,
        "Operating Income": 114,
        "EBIT": 167,
        "Net Income": 80
    },
    "2009-12-31": {
        "Diluted EPS": 0.25,
        "Total Revenue": 262,
        "Gross Profit": -25,
        "Operating Income": 15,
        "EBIT": 74,
        "Net Income": 4
    },
    "2009-09-30": {
        "Diluted EPS": -0.35,
        "Total Revenue": 233,
        "Gross Profit": 135,
        "Operating Income": 30,
        "EBIT": 90,
        "Net Income": -6
    },
    "2009-06-30": {
        "Diluted EPS": 1.8,
        "Total Revenue": 282,
        "Gross Profit": 188,
        "Operating Income": 70,
        "EBIT": 130,
        "Net Income": 28
    },
    "2009-03-31": {
        "Diluted EPS": 4.9,
        "Total Revenue": 357,
        "Gross Profit": 240,
        "Operating Income": 125,
        "EBIT": 184,
        "Net Income": 77
    },
    "2023-06-30": {
        "Tax Effect Of Unusual Items": NaN,
        "Tax Rate For Calcs": NaN,
        "Normalized EBITDA": NaN,
        "Total Unusual Items": NaN,
        "Total Unusual Items Excluding Goodwill": NaN,
        "Net Income From Continuing Operation Net Minority Interest": NaN,
        "Reconciled Depreciation": 57096000.0,
        "Reconciled Cost Of Revenue": NaN,
        "EBITDA": NaN,
        "EBIT": NaN,
        "Net Interest Income": NaN,
        "Interest Expense": NaN,
        "Interest Income": NaN,
        "Normalized Income": NaN,
        "Net Income From Continuing And Discontinued Operation": NaN,
        "Total Expenses": NaN,
        "Total Operating Income As Reported": NaN,
        "Diluted Average Shares": 222623000.0,
        "Basic Average Shares": 222623000.0,
        "Diluted EPS": 1.04,
        "Basic EPS": 1.04,
        "Diluted NI Availto Com Stockholders": NaN,
        "Net Income Common Stockholders": NaN,
        "Net Income": NaN,
        "Net Income Including Noncontrolling Interests": NaN,
        "Net Income Continuous Operations": NaN,
        "Tax Provision": NaN,
        "Pretax Income": NaN,
        "Other Income Expense": NaN,
        "Special Income Charges": NaN,
        "Gain On Sale Of Ppe": NaN,
        "Other Special Charges": NaN,
        "Earnings From Equity Interest": NaN,
        "Gain On Sale Of Security": NaN,
        "Net Non Operating Interest Income Expense": NaN,
        "Total Other Finance Cost": NaN,
        "Interest Expense Non Operating": NaN,
        "Interest Income Non Operating": NaN,
        "Operating Income": NaN,
        "Operating Expense": NaN,
        "Other Operating Expenses": NaN,
        "Selling General And Administration": NaN,
        "General And Administrative Expense": NaN,
        "Other Gand A": NaN,
        "Gross Profit": NaN,
        "Cost Of Revenue": NaN,
        "Total Revenue": NaN,
        "Operating Revenue": NaN
    },
    "2023-09-30": {
        "Tax Effect Of Unusual Items": NaN,
        "Tax Rate For Calcs": NaN,
        "Normalized EBITDA": NaN,
        "Total Unusual Items": NaN,
        "Total Unusual Items Excluding Goodwill": NaN,
        "Net Income From Continuing Operation Net Minority Interest": NaN,
        "Reconciled Depreciation": 58282000.0,
        "Reconciled Cost Of Revenue": NaN,
        "EBITDA": NaN,
        "EBIT": NaN,
        "Net Interest Income": NaN,
        "Interest Expense": NaN,
        "Interest Income": NaN,
        "Normalized Income": NaN,
        "Net Income From Continuing And Discontinued Operation": NaN,
        "Total Expenses": NaN,
        "Total Operating Income As Reported": NaN,
        "Diluted Average Shares": NaN,
        "Basic Average Shares": NaN,
        "Diluted EPS": NaN,
        "Basic EPS": NaN,
        "Diluted NI Availto Com Stockholders": NaN,
        "Net Income Common Stockholders": NaN,
        "Net Income": NaN,
        "Net Income Including Noncontrolling Interests": NaN,
        "Net Income Continuous Operations": NaN,
        "Tax Provision": NaN,
        "Pretax Income": NaN,
        "Other Income Expense": NaN,
        "Special Income Charges": 0.0,
        "Gain On Sale Of Ppe": NaN,
        "Other Special Charges": NaN,
        "Earnings From Equity Interest": NaN,
        "Gain On Sale Of Security": NaN,
        "Net Non Operating Interest Income Expense": NaN,
        "Total Other Finance Cost": NaN,
        "Interest Expense Non Operating": NaN,
        "Interest Income Non Operating": NaN,
        "Operating Income": NaN,
        "Operating Expense": NaN,
        "Other Operating Expenses": NaN,
        "Selling General And Administration": NaN,
        "General And Administrative Expense": NaN,
        "Other Gand A": NaN,
        "Gross Profit": NaN,
        "Cost Of Revenue": NaN,
        "Total Revenue": NaN,
        "Operating Revenue": NaN
    },
    "2023-12-31": {
        "Tax Effect Of Unusual Items": NaN,
        "Tax Rate For Calcs": NaN,
        "Normalized EBITDA": NaN,
        "Total Unusual Items": NaN,
        "Total Unusual Items Excluding Goodwill": NaN,
        "Net Income From Continuing Operation Net Minority Interest": NaN,
        "Reconciled Depreciation": NaN,
        "Reconciled Cost Of Revenue": NaN,
        "EBITDA": NaN,
        "EBIT": NaN,
        "Net Interest Income": NaN,
        "Interest Expense": NaN,
        "Interest Income": NaN,
        "Normalized Income": NaN,
        "Net Income From Continuing And Discontinued Operation": NaN,
        "Total Expenses": NaN,
        "Total Operating Income As Reported": NaN,
        "Diluted Average Shares": NaN,
        "Basic Average Shares": NaN,
        "Diluted EPS": NaN,
        "Basic EPS": NaN,
        "Diluted NI Availto Com Stockholders": NaN,
        "Net Income Common Stockholders": NaN,
        "Net Income": NaN,
        "Net Income Including Noncontrolling Interests": NaN,
        "Net Income Continuous Operations": NaN,
        "Tax Provision": NaN,
        "Pretax Income": NaN,
        "Other Income Expense": NaN,
        "Special Income Charges": 0.0,
        "Gain On Sale Of Ppe": 0.0,
        "Other Special Charges": 0.0,
        "Earnings From Equity Interest": NaN,
        "Gain On Sale Of Security": NaN,
        "Net Non Operating Interest Income Expense": NaN,
        "Total Other Finance Cost": 434000.0,
        "Interest Expense Non Operating": NaN,
        "Interest Income Non Operating": NaN,
        "Operating Income": NaN,
        "Operating Expense": NaN,
        "Other Operating Expenses": NaN,
        "Selling General And Administration": NaN,
        "General And Administrative Expense": NaN,
        "Other Gand A": NaN,
        "Gross Profit": NaN,
        "Cost Of Revenue": NaN,
        "Total Revenue": NaN,
        "Operating Revenue": NaN
    },
    "2024-03-31": {
        "Tax Effect Of Unusual Items": NaN,
        "Tax Rate For Calcs": NaN,
        "Normalized EBITDA": NaN,
        "Total Unusual Items": NaN,
        "Total Unusual Items Excluding Goodwill": NaN,
        "Net Income From Continuing Operation Net Minority Interest": NaN,
        "Reconciled Depreciation": 88012000.0,
        "Reconciled Cost Of Revenue": NaN,
        "EBITDA": NaN,
        "EBIT": NaN,
        "Net Interest Income": NaN,
        "Interest Expense": NaN,
        "Interest Income": NaN,
        "Normalized Income": NaN,
        "Net Income From Continuing And Discontinued Operation": NaN,
        "Total Expenses": NaN,
        "Total Operating Income As Reported": NaN,
        "Diluted Average Shares": NaN,
        "Basic Average Shares": NaN,
        "Diluted EPS": NaN,
        "Basic EPS": NaN,
        "Diluted NI Availto Com Stockholders": NaN,
        "Net Income Common Stockholders": NaN,
        "Net Income": NaN,
        "Net Income Including Noncontrolling Interests": NaN,
        "Net Income Continuous Operations": NaN,
        "Tax Provision": NaN,
        "Pretax Income": NaN,
        "Other Income Expense": NaN,
        "Special Income Charges": NaN,
        "Gain On Sale Of Ppe": NaN,
        "Other Special Charges": NaN,
        "Earnings From Equity Interest": NaN,
        "Gain On Sale Of Security": NaN,
        "Net Non Operating Interest Income Expense": NaN,
        "Total Other Finance Cost": NaN,
        "Interest Expense Non Operating": NaN,
        "Interest Income Non Operating": NaN,
        "Operating Income": NaN,
        "Operating Expense": NaN,
        "Other Operating Expenses": NaN,
        "Selling General And Administration": NaN,
        "General And Administrative Expense": NaN,
        "Other Gand A": NaN,
        "Gross Profit": NaN,
        "Cost Of Revenue": NaN,
        "Total Revenue": NaN,
        "Operating Revenue": NaN
    },
    "2024-06-30": {
        "Tax Effect Of Unusual Items": 24958.797557,
        "Tax Rate For Calcs": 0.008148,
        "Normalized EBITDA": 259432000.0,
        "Total Unusual Items": 3063000.0,
        "Total Unusual Items Excluding Goodwill": 3063000.0,
        "Net Income From Continuing Operation Net Minority Interest": 187574000.0,
        "Reconciled Depreciation": 83714000.0,
        "Reconciled Cost Of Revenue": 339028000.0,
        "EBITDA": 262495000.0,
        "EBIT": 262495000.0,
        "Net Interest Income": -67733000.0,
        "Interest Expense": 73380000.0,
        "Interest Income": 5647000.0,
        "Normalized Income": 184535958.797557,
        "Net Income From Continuing And Discontinued Operation": 187574000.0,
        "Total Expenses": 300107000.0,
        "Total Operating Income As Reported": 255919000.0,
        "Diluted Average Shares": 222623000.0,
        "Basic Average Shares": 222623000.0,
        "Diluted EPS": 0.84,
        "Basic EPS": 0.84,
        "Diluted NI Availto Com Stockholders": 187574000.0,
        "Net Income Common Stockholders": 187574000.0,
        "Net Income": 187574000.0,
        "Net Income Including Noncontrolling Interests": 187574000.0,
        "Net Income Continuous Operations": 187574000.0,
        "Tax Provision": 1541000.0,
        "Pretax Income": 189115000.0,
        "Other Income Expense": 929000.0,
        "Special Income Charges": NaN,
        "Gain On Sale Of Ppe": NaN,
        "Other Special Charges": NaN,
        "Earnings From Equity Interest": -2134000.0,
        "Gain On Sale Of Security": 3063000.0,
        "Net Non Operating Interest Income Expense": -67733000.0,
        "Total Other Finance Cost": NaN,
        "Interest Expense Non Operating": 73380000.0,
        "Interest Income Non Operating": 5647000.0,
        "Operating Income": 255919000.0,
        "Operating Expense": -38921000.0,
        "Other Operating Expenses": -51487000.0,
        "Selling General And Administration": 12566000.0,
        "General And Administrative Expense": 12566000.0,
        "Other Gand A": 12566000.0,
        "Gross Profit": 216998000.0,
        "Cost Of Revenue": 339028000.0,
        "Total Revenue": 556026000.0,
        "Operating Revenue": 556026000.0
    },
    "2024-09-30": {
        "Tax Effect Of Unusual Items": -162799.258272,
        "Tax Rate For Calcs": 0.073499,
        "Normalized EBITDA": 234063000.0,
        "Total Unusual Items": -2215000.0,
        "Total Unusual Items Excluding Goodwill": -2215000.0,
        "Net Income From Continuing Operation Net Minority Interest": 60457000.0,
        "Reconciled Depreciation": 84156000.0,
        "Reconciled Cost Of Revenue": 338587000.0,
        "EBITDA": 231848000.0,
        "EBIT": 147692000.0,
        "Net Interest Income": -77385000.0,
        "Interest Expense": 82439000.0,
        "Interest Income": 5054000.0,
        "Normalized Income": 62509200.741728,
        "Net Income From Continuing And Discontinued Operation": 60457000.0,
        "Total Expenses": 345507000.0,
        "Total Operating Income As Reported": 144811000.0,
        "Diluted Average Shares": 222622889.0,
        "Basic Average Shares": 222622889.0,
        "Diluted EPS": 0.27,
        "Basic EPS": 0.27,
        "Diluted NI Availto Com Stockholders": 60457000.0,
        "Net Income Common Stockholders": 60457000.0,
        "Net Income": 60457000.0,
        "Net Income Including Noncontrolling Interests": 60457000.0,
        "Net Income Continuous Operations": 60457000.0,
        "Tax Provision": 4796000.0,
        "Pretax Income": 65253000.0,
        "Other Income Expense": -2173000.0,
        "Special Income Charges": NaN,
        "Gain On Sale Of Ppe": NaN,
        "Other Special Charges": NaN,
        "Earnings From Equity Interest": 42000.0,
        "Gain On Sale Of Security": -2215000.0,
        "Net Non Operating Interest Income Expense": -77385000.0,
        "Total Other Finance Cost": NaN,
        "Interest Expense Non Operating": 82439000.0,
        "Interest Income Non Operating": 5054000.0,
        "Operating Income": 144811000.0,
        "Operating Expense": 6920000.0,
        "Other Operating Expenses": -45000.0,
        "Selling General And Administration": 6965000.0,
        "General And Administrative Expense": 6965000.0,
        "Other Gand A": 6965000.0,
        "Gross Profit": 151731000.0,
        "Cost Of Revenue": 338587000.0,
        "Total Revenue": 490318000.0,
        "Operating Revenue": 490318000.0
    },
    "2024-12-31": {
        "Tax Effect Of Unusual Items": 25372620.0,
        "Tax Rate For Calcs": 0.21,
        "Normalized EBITDA": 103974000.0,
        "Total Unusual Items": 120822000.0,
        "Total Unusual Items Excluding Goodwill": 120822000.0,
        "Net Income From Continuing Operation Net Minority Interest": 66733000.0,
        "Reconciled Depreciation": 83148000.0,
        "Reconciled Cost Of Revenue": 312066000.0,
        "EBITDA": 224796000.0,
        "EBIT": 141648000.0,
        "Net Interest Income": -72219000.0,
        "Interest Expense": 75129000.0,
        "Interest Income": 3857000.0,
        "Normalized Income": -28716380.0,
        "Net Income From Continuing And Discontinued Operation": 66733000.0,
        "Total Expenses": 408007000.0,
        "Total Operating Income As Reported": 129716000.0,
        "Diluted Average Shares": 222443333.0,
        "Basic Average Shares": 222443333.0,
        "Diluted EPS": 0.3,
        "Basic EPS": 0.3,
        "Diluted NI Availto Com Stockholders": 66733000.0,
        "Net Income Common Stockholders": 66733000.0,
        "Net Income": 66733000.0,
        "Net Income Including Noncontrolling Interests": 66733000.0,
        "Net Income Continuous Operations": 66733000.0,
        "Tax Provision": -214000.0,
        "Pretax Income": 66519000.0,
        "Other Income Expense": 121101000.0,
        "Special Income Charges": NaN,
        "Gain On Sale Of Ppe": NaN,
        "Other Special Charges": NaN,
        "Earnings From Equity Interest": 279000.0,
        "Gain On Sale Of Security": 8743000.0,
        "Net Non Operating Interest Income Expense": -72219000.0,
        "Total Other Finance Cost": NaN,
        "Interest Expense Non Operating": 75129000.0,
        "Interest Income Non Operating": 3857000.0,
        "Operating Income": 17637000.0,
        "Operating Expense": 95941000.0,
        "Other Operating Expenses": 94232000.0,
        "Selling General And Administration": 1709000.0,
        "General And Administrative Expense": 1709000.0,
        "Other Gand A": -16183000.0,
        "Gross Profit": 113578000.0,
        "Cost Of Revenue": 312066000.0,
        "Total Revenue": 425644000.0,
        "Operating Revenue": 425644000.0
    },
    "2025-03-31": {
        "Tax Effect Of Unusual Items": -28635.938563,
        "Tax Rate For Calcs": 0.056705,
        "Normalized EBITDA": 98592000.0,
        "Total Unusual Items": -505000.0,
        "Total Unusual Items Excluding Goodwill": -505000.0,
        "Net Income From Continuing Operation Net Minority Interest": 33287000.0,
        "Reconciled Depreciation": NaN,
        "Reconciled Cost Of Revenue": 321578000.0,
        "EBITDA": 98087000.0,
        "EBIT": 98087000.0,
        "Net Interest Income": -58315000.0,
        "Interest Expense": 62799000.0,
        "Interest Income": 4484000.0,
        "Normalized Income": 33763364.061437,
        "Net Income From Continuing And Discontinued Operation": 33287000.0,
        "Total Expenses": 334699000.0,
        "Total Operating Income As Reported": 93167000.0,
        "Diluted Average Shares": 222622889.0,
        "Basic Average Shares": 222622889.0,
        "Diluted EPS": 0.15,
        "Basic EPS": 0.15,
        "Diluted NI Availto Com Stockholders": 33287000.0,
        "Net Income Common Stockholders": 33287000.0,
        "Net Income": 33287000.0,
        "Net Income Including Noncontrolling Interests": 33287000.0,
        "Net Income Continuous Operations": 33287000.0,
        "Tax Provision": 2001000.0,
        "Pretax Income": 35288000.0,
        "Other Income Expense": 436000.0,
        "Special Income Charges": NaN,
        "Gain On Sale Of Ppe": NaN,
        "Other Special Charges": NaN,
        "Earnings From Equity Interest": 941000.0,
        "Gain On Sale Of Security": -505000.0,
        "Net Non Operating Interest Income Expense": -58315000.0,
        "Total Other Finance Cost": NaN,
        "Interest Expense Non Operating": 62799000.0,
        "Interest Income Non Operating": 4484000.0,
        "Operating Income": 93167000.0,
        "Operating Expense": 13121000.0,
        "Other Operating Expenses": -227000.0,
        "Selling General And Administration": 13348000.0,
        "General And Administrative Expense": 13348000.0,
        "Other Gand A": 13348000.0,
        "Gross Profit": 106288000.0,
        "Cost Of Revenue": 321578000.0,
        "Total Revenue": 427866000.0,
        "Operating Revenue": 427866000.0
    },
    "2025-06-30": {
        "Tax Effect Of Unusual Items": 50839.208246,
        "Tax Rate For Calcs": 0.01925,
        "Normalized EBITDA": 136813000.0,
        "Total Unusual Items": 2641000.0,
        "Total Unusual Items Excluding Goodwill": 2641000.0,
        "Net Income From Continuing Operation Net Minority Interest": 77543000.0,
        "Reconciled Depreciation": NaN,
        "Reconciled Cost Of Revenue": 336547000.0,
        "EBITDA": 139454000.0,
        "EBIT": 139454000.0,
        "Net Interest Income": -55630000.0,
        "Interest Expense": 60389000.0,
        "Interest Income": 4759000.0,
        "Normalized Income": 74952839.208246,
        "Net Income From Continuing And Discontinued Operation": 77543000.0,
        "Total Expenses": 348199000.0,
        "Total Operating Income As Reported": 131878000.0,
        "Diluted Average Shares": 222623000.0,
        "Basic Average Shares": 222623000.0,
        "Diluted EPS": 0.35,
        "Basic EPS": 0.35,
        "Diluted NI Availto Com Stockholders": 77543000.0,
        "Net Income Common Stockholders": 77543000.0,
        "Net Income": 77543000.0,
        "Net Income Including Noncontrolling Interests": 77543000.0,
        "Net Income Continuous Operations": 77543000.0,
        "Tax Provision": 1522000.0,
        "Pretax Income": 79065000.0,
        "Other Income Expense": 2817000.0,
        "Special Income Charges": NaN,
        "Gain On Sale Of Ppe": NaN,
        "Other Special Charges": NaN,
        "Earnings From Equity Interest": 176000.0,
        "Gain On Sale Of Security": 2641000.0,
        "Net Non Operating Interest Income Expense": -55630000.0,
        "Total Other Finance Cost": NaN,
        "Interest Expense Non Operating": 60389000.0,
        "Interest Income Non Operating": 4759000.0,
        "Operating Income": 131878000.0,
        "Operating Expense": 11652000.0,
        "Other Operating Expenses": 135000.0,
        "Selling General And Administration": 11517000.0,
        "General And Administrative Expense": 11517000.0,
        "Other Gand A": 11517000.0,
        "Gross Profit": 143530000.0,
        "Cost Of Revenue": 336547000.0,
        "Total Revenue": 480077000.0,
        "Operating Revenue": 480077000.0
    }
}