{
    "2023-03-31": {
        "Tax Effect Of Unusual Items": NaN,
        "Tax Rate For Calcs": NaN,
        "Normalized EBITDA": NaN,
        "Total Unusual Items": -146000.0,
        "Total Unusual Items Excluding Goodwill": -146000.0,
        "Net Income From Continuing Operation Net Minority Interest": NaN,
        "Reconciled Depreciation": NaN,
        "Reconciled Cost Of Revenue": NaN,
        "EBITDA": NaN,
        "EBIT": NaN,
        "Net Interest Income": NaN,
        "Interest Income": NaN,
        "Normalized Income": NaN,
        "Net Income From Continuing And Discontinued Operation": NaN,
        "Total Expenses": NaN,
        "Total Operating Income As Reported": NaN,
        "Diluted Average Shares": NaN,
        "Basic Average Shares": NaN,
        "Diluted EPS": NaN,
        "Basic EPS": NaN,
        "Diluted NI Availto Com Stockholders": NaN,
        "Net Income Common Stockholders": NaN,
        "Net Income": NaN,
        "Net Income Including Noncontrolling Interests": NaN,
        "Net Income Continuous Operations": NaN,
        "Tax Provision": NaN,
        "Pretax Income": NaN,
        "Other Income Expense": -146000.0,
        "Special Income Charges": -146000.0,
        "Restructuring And Mergern Acquisition": 146000.0,
        "Net Non Operating Interest Income Expense": NaN,
        "Interest Income Non Operating": NaN,
        "Operating Income": NaN,
        "Operating Expense": NaN,
        "Depreciation Amortization Depletion Income Statement": 358000.0,
        "Depreciation And Amortization In Income Statement": 358000.0,
        "Amortization": 358000.0,
        "Amortization Of Intangibles Income Statement": 358000.0,
        "Research And Development": NaN,
        "Selling General And Administration": NaN,
        "Selling And Marketing Expense": NaN,
        "General And Administrative Expense": NaN,
        "Other Gand A": NaN,
        "Gross Profit": NaN,
        "Cost Of Revenue": NaN,
        "Total Revenue": NaN,
        "Operating Revenue": NaN
    },
    "2022-12-31": {
        "Tax Effect Of Unusual Items": 0.0,
        "Tax Rate For Calcs": 0.23,
        "Normalized EBITDA": -20986000.0,
        "Net Income From Continuing Operation Net Minority Interest": -23155000.0,
        "Reconciled Depreciation": 3866000.0,
        "Reconciled Cost Of Revenue": 17282000.0,
        "EBITDA": -20986000.0,
        "EBIT": -24852000.0,
        "Net Interest Income": 2935000.0,
        "Interest Income": 2935000.0,
        "Normalized Income": -23155000.0,
        "Net Income From Continuing And Discontinued Operation": -23155000.0,
        "Total Expenses": 101398000.0,
        "Total Operating Income As Reported": -24852000.0,
        "Diluted Average Shares": 100486000.0,
        "Basic Average Shares": 100486000.0,
        "Diluted EPS": -0.23,
        "Basic EPS": -0.23,
        "Diluted NI Availto Com Stockholders": -23155000.0,
        "Net Income Common Stockholders": -23155000.0,
        "Net Income": -23155000.0,
        "Net Income Including Noncontrolling Interests": -23155000.0,
        "Net Income Continuous Operations": -23155000.0,
        "Tax Provision": 1238000.0,
        "Pretax Income": -21917000.0,
        "Net Non Operating Interest Income Expense": 2935000.0,
        "Interest Income Non Operating": 2935000.0,
        "Operating Income": -24852000.0,
        "Operating Expense": 84116000.0,
        "Research And Development": 33481000.0,
        "Selling General And Administration": 50635000.0,
        "Selling And Marketing Expense": 36489000.0,
        "General And Administrative Expense": 14146000.0,
        "Other Gand A": 14146000.0,
        "Gross Profit": 59264000.0,
        "Cost Of Revenue": 17282000.0,
        "Total Revenue": 76546000.0,
        "Operating Revenue": 76546000.0
    },
    "2022-09-30": {
        "Tax Effect Of Unusual Items": 0.0,
        "Tax Rate For Calcs": 0.23,
        "Normalized EBITDA": -19741000.0,
        "Net Income From Continuing Operation Net Minority Interest": -23552000.0,
        "Reconciled Depreciation": 3698000.0,
        "Reconciled Cost Of Revenue": 15898000.0,
        "EBITDA": -19741000.0,
        "EBIT": -23439000.0,
        "Net Interest Income": 1369000.0,
        "Interest Income": 1369000.0,
        "Normalized Income": -23552000.0,
        "Net Income From Continuing And Discontinued Operation": -23552000.0,
        "Total Expenses": 95430000.0,
        "Total Operating Income As Reported": -23439000.0,
        "Diluted Average Shares": 99617687.0,
        "Basic Average Shares": 99617687.0,
        "Diluted EPS": -0.24,
        "Basic EPS": -0.24,
        "Diluted NI Availto Com Stockholders": -23552000.0,
        "Net Income Common Stockholders": -23552000.0,
        "Net Income": -23552000.0,
        "Net Income Including Noncontrolling Interests": -23552000.0,
        "Net Income Continuous Operations": -23552000.0,
        "Tax Provision": 1482000.0,
        "Pretax Income": -22070000.0,
        "Net Non Operating Interest Income Expense": 1369000.0,
        "Interest Income Non Operating": 1369000.0,
        "Operating Income": -23439000.0,
        "Operating Expense": 79532000.0,
        "Research And Development": 31698000.0,
        "Selling General And Administration": 47834000.0,
        "Selling And Marketing Expense": 33152000.0,
        "General And Administrative Expense": 14682000.0,
        "Other Gand A": 14682000.0,
        "Gross Profit": 56093000.0,
        "Cost Of Revenue": 15898000.0,
        "Total Revenue": 71991000.0,
        "Operating Revenue": 71991000.0
    },
    "2022-06-30": {
        "Tax Effect Of Unusual Items": 0.0,
        "Tax Rate For Calcs": 0.4,
        "Normalized EBITDA": -18838000.0,
        "Net Income From Continuing Operation Net Minority Interest": -23773000.0,
        "Reconciled Depreciation": 3572000.0,
        "Reconciled Cost Of Revenue": 15244000.0,
        "EBITDA": -18838000.0,
        "EBIT": -22410000.0,
        "Net Interest Income": 517000.0,
        "Interest Income": 517000.0,
        "Normalized Income": -23773000.0,
        "Net Income From Continuing And Discontinued Operation": -23773000.0,
        "Total Expenses": 90217000.0,
        "Total Operating Income As Reported": -22410000.0,
        "Diluted Average Shares": 98955711.0,
        "Basic Average Shares": 98955711.0,
        "Diluted EPS": -0.24,
        "Basic EPS": -0.24,
        "Diluted NI Availto Com Stockholders": -23773000.0,
        "Net Income Common Stockholders": -23773000.0,
        "Net Income": -23773000.0,
        "Net Income Including Noncontrolling Interests": -23773000.0,
        "Net Income Continuous Operations": -23773000.0,
        "Tax Provision": 1880000.0,
        "Pretax Income": -21893000.0,
        "Net Non Operating Interest Income Expense": 517000.0,
        "Interest Income Non Operating": 517000.0,
        "Operating Income": -22410000.0,
        "Operating Expense": 74973000.0,
        "Research And Development": 28945000.0,
        "Selling General And Administration": 46028000.0,
        "Selling And Marketing Expense": 31991000.0,
        "General And Administrative Expense": 14037000.0,
        "Other Gand A": 14037000.0,
        "Gross Profit": 52563000.0,
        "Cost Of Revenue": 15244000.0,
        "Total Revenue": 67807000.0,
        "Operating Revenue": 67807000.0
    },
    "2023-06-30": {
        "Tax Effect Of Unusual Items": 0.0,
        "Tax Rate For Calcs": 0.23,
        "Normalized EBITDA": -15079000.0,
        "Total Unusual Items": NaN,
        "Total Unusual Items Excluding Goodwill": NaN,
        "Net Income From Continuing Operation Net Minority Interest": -15467000.0,
        "Reconciled Depreciation": 3828000.0,
        "Reconciled Cost Of Revenue": 18449000.0,
        "EBITDA": -15079000.0,
        "EBIT": -18907000.0,
        "Net Interest Income": 4896000.0,
        "Interest Income": 4896000.0,
        "Normalized Income": -15467000.0,
        "Net Income From Continuing And Discontinued Operation": -15467000.0,
        "Total Expenses": 103077000.0,
        "Total Operating Income As Reported": -18907000.0,
        "Diluted Average Shares": 102513000.0,
        "Basic Average Shares": 102513000.0,
        "Diluted EPS": -0.15,
        "Basic EPS": -0.15,
        "Diluted NI Availto Com Stockholders": -15467000.0,
        "Net Income Common Stockholders": -15467000.0,
        "Net Income": -15467000.0,
        "Net Income Including Noncontrolling Interests": -15467000.0,
        "Net Income Continuous Operations": -15467000.0,
        "Tax Provision": 1456000.0,
        "Pretax Income": -14011000.0,
        "Other Income Expense": NaN,
        "Special Income Charges": NaN,
        "Restructuring And Mergern Acquisition": NaN,
        "Net Non Operating Interest Income Expense": 4896000.0,
        "Interest Income Non Operating": 4896000.0,
        "Operating Income": -18907000.0,
        "Operating Expense": 84628000.0,
        "Depreciation Amortization Depletion Income Statement": NaN,
        "Depreciation And Amortization In Income Statement": NaN,
        "Amortization": NaN,
        "Amortization Of Intangibles Income Statement": NaN,
        "Research And Development": 33544000.0,
        "Selling General And Administration": 51084000.0,
        "Selling And Marketing Expense": 36352000.0,
        "General And Administrative Expense": 14732000.0,
        "Other Gand A": 14732000.0,
        "Gross Profit": 65721000.0,
        "Cost Of Revenue": 18449000.0,
        "Total Revenue": 84170000.0,
        "Operating Revenue": 84170000.0
    },
    "2022-03-31": {
        "Diluted EPS": -0.2,
        "Total Revenue": 64,
        "Gross Profit": 50,
        "Operating Income": -19,
        "EBIT": -14,
        "Net Income": -20
    },
    "2021-12-31": {
        "Diluted EPS": -0.24,
        "Total Revenue": 59,
        "Gross Profit": 46,
        "Operating Income": -23,
        "EBIT": -18,
        "Net Income": -23
    },
    "2021-09-30": {
        "Diluted EPS": -0.21,
        "Total Revenue": 54,
        "Gross Profit": 42,
        "Operating Income": -21,
        "EBIT": -16,
        "Net Income": -20
    },
    "2021-06-30": {
        "Diluted EPS": -0.14,
        "Total Revenue": 49,
        "Gross Profit": 40,
        "Operating Income": -14,
        "EBIT": -12,
        "Net Income": -13
    },
    "2021-03-31": {
        "Diluted EPS": -0.09,
        "Total Revenue": 45,
        "Gross Profit": 37,
        "Operating Income": -11,
        "EBIT": -8,
        "Net Income": -8
    },
    "2020-12-31": {
        "Diluted EPS": 0.02,
        "Total Revenue": 43,
        "Gross Profit": 35,
        "Operating Income": -8,
        "EBIT": -6,
        "Net Income": -2
    },
    "2020-09-30": {
        "Diluted EPS": -0.14,
        "Total Revenue": 39,
        "Gross Profit": 32,
        "Operating Income": -5,
        "EBIT": -4,
        "Net Income": -5
    },
    "2020-06-30": {
        "Diluted EPS": 0.0,
        "Total Revenue": 36,
        "Gross Profit": 30,
        "Operating Income": 1,
        "EBIT": 2,
        "Net Income": 0
    },
    "2020-03-31": {
        "Diluted EPS": -0.08,
        "Total Revenue": 33,
        "Gross Profit": 26,
        "Operating Income": -2,
        "EBIT": -1,
        "Net Income": -2
    },
    "2019-12-31": {
        "Diluted EPS": 0.0,
        "Total Revenue": NaN,
        "Gross Profit": NaN,
        "Operating Income": NaN,
        "EBIT": NaN,
        "Net Income": NaN
    },
    "2019-09-30": {
        "Diluted EPS": -0.11,
        "Total Revenue": 28,
        "Gross Profit": 22,
        "Operating Income": -3,
        "EBIT": -3,
        "Net Income": -3
    },
    "2018-12-31": {
        "Diluted EPS": 0.0,
        "Total Revenue": NaN,
        "Gross Profit": NaN,
        "Operating Income": NaN,
        "EBIT": NaN,
        "Net Income": NaN
    },
    "2023-09-30": {
        "Tax Effect Of Unusual Items": NaN,
        "Tax Rate For Calcs": NaN,
        "Normalized EBITDA": NaN,
        "Total Unusual Items": NaN,
        "Total Unusual Items Excluding Goodwill": NaN,
        "Net Income From Continuing Operation Net Minority Interest": NaN,
        "Reconciled Depreciation": NaN,
        "Reconciled Cost Of Revenue": NaN,
        "EBITDA": NaN,
        "EBIT": NaN,
        "Net Interest Income": NaN,
        "Interest Income": NaN,
        "Normalized Income": NaN,
        "Net Income From Continuing And Discontinued Operation": NaN,
        "Total Expenses": NaN,
        "Total Operating Income As Reported": NaN,
        "Diluted Average Shares": 104135000.0,
        "Basic Average Shares": 104135000.0,
        "Diluted EPS": -0.13,
        "Basic EPS": -0.13,
        "Diluted NI Availto Com Stockholders": NaN,
        "Net Income Common Stockholders": NaN,
        "Net Income": NaN,
        "Net Income Including Noncontrolling Interests": NaN,
        "Net Income Continuous Operations": NaN,
        "Tax Provision": NaN,
        "Pretax Income": NaN,
        "Other Income Expense": NaN,
        "Special Income Charges": NaN,
        "Restructuring And Mergern Acquisition": NaN,
        "Net Non Operating Interest Income Expense": NaN,
        "Interest Income Non Operating": NaN,
        "Operating Income": NaN,
        "Operating Expense": NaN,
        "Depreciation Amortization Depletion Income Statement": NaN,
        "Depreciation And Amortization In Income Statement": NaN,
        "Amortization": NaN,
        "Amortization Of Intangibles Income Statement": NaN,
        "Research And Development": NaN,
        "Selling General And Administration": NaN,
        "Selling And Marketing Expense": NaN,
        "General And Administrative Expense": NaN,
        "Other Gand A": NaN,
        "Gross Profit": NaN,
        "Cost Of Revenue": NaN,
        "Total Revenue": NaN,
        "Operating Revenue": NaN
    },
    "2023-12-31": {
        "Tax Effect Of Unusual Items": 0.0,
        "Tax Rate For Calcs": 0.23,
        "Normalized EBITDA": -11587000.0,
        "Total Unusual Items": NaN,
        "Total Unusual Items Excluding Goodwill": NaN,
        "Net Income From Continuing Operation Net Minority Interest": -11233000.0,
        "Reconciled Depreciation": 3791000.0,
        "Reconciled Cost Of Revenue": 20423000.0,
        "EBITDA": -11587000.0,
        "EBIT": -15378000.0,
        "Net Interest Income": 6411000.0,
        "Interest Income": 6411000.0,
        "Normalized Income": -11233000.0,
        "Net Income From Continuing And Discontinued Operation": -11233000.0,
        "Total Expenses": 112638000.0,
        "Total Operating Income As Reported": -15378000.0,
        "Diluted Average Shares": 105310000.0,
        "Basic Average Shares": 105310000.0,
        "Diluted EPS": -0.11,
        "Basic EPS": -0.11,
        "Diluted NI Availto Com Stockholders": -11233000.0,
        "Net Income Common Stockholders": -11233000.0,
        "Net Income": -11233000.0,
        "Net Income Including Noncontrolling Interests": -11233000.0,
        "Net Income Continuous Operations": -11233000.0,
        "Tax Provision": 2266000.0,
        "Pretax Income": -8967000.0,
        "Other Income Expense": NaN,
        "Special Income Charges": NaN,
        "Restructuring And Mergern Acquisition": NaN,
        "Net Non Operating Interest Income Expense": 6411000.0,
        "Interest Income Non Operating": 6411000.0,
        "Operating Income": -15378000.0,
        "Operating Expense": 92215000.0,
        "Depreciation Amortization Depletion Income Statement": NaN,
        "Depreciation And Amortization In Income Statement": NaN,
        "Amortization": NaN,
        "Amortization Of Intangibles Income Statement": NaN,
        "Research And Development": 32796000.0,
        "Selling General And Administration": 59419000.0,
        "Selling And Marketing Expense": 40922000.0,
        "General And Administrative Expense": 18497000.0,
        "Other Gand A": 18497000.0,
        "Gross Profit": 76837000.0,
        "Cost Of Revenue": 20423000.0,
        "Total Revenue": 97260000.0,
        "Operating Revenue": 97260000.0
    },
    "2024-03-31": {
        "Tax Effect Of Unusual Items": NaN,
        "Tax Rate For Calcs": NaN,
        "Normalized EBITDA": NaN,
        "Total Unusual Items": -34000.0,
        "Total Unusual Items Excluding Goodwill": -34000.0,
        "Net Income From Continuing Operation Net Minority Interest": NaN,
        "Reconciled Depreciation": NaN,
        "Reconciled Cost Of Revenue": NaN,
        "EBITDA": NaN,
        "EBIT": NaN,
        "Net Interest Income": NaN,
        "Interest Income": NaN,
        "Normalized Income": NaN,
        "Net Income From Continuing And Discontinued Operation": NaN,
        "Total Expenses": NaN,
        "Total Operating Income As Reported": NaN,
        "Diluted Average Shares": NaN,
        "Basic Average Shares": NaN,
        "Diluted EPS": NaN,
        "Basic EPS": NaN,
        "Diluted NI Availto Com Stockholders": NaN,
        "Net Income Common Stockholders": NaN,
        "Net Income": NaN,
        "Net Income Including Noncontrolling Interests": NaN,
        "Net Income Continuous Operations": NaN,
        "Tax Provision": NaN,
        "Pretax Income": NaN,
        "Other Income Expense": -34000.0,
        "Special Income Charges": -34000.0,
        "Restructuring And Mergern Acquisition": 34000.0,
        "Net Non Operating Interest Income Expense": NaN,
        "Interest Income Non Operating": NaN,
        "Operating Income": NaN,
        "Operating Expense": NaN,
        "Depreciation Amortization Depletion Income Statement": 358000.0,
        "Depreciation And Amortization In Income Statement": 358000.0,
        "Amortization": 358000.0,
        "Amortization Of Intangibles Income Statement": 358000.0,
        "Research And Development": NaN,
        "Selling General And Administration": NaN,
        "Selling And Marketing Expense": NaN,
        "General And Administrative Expense": NaN,
        "Other Gand A": NaN,
        "Gross Profit": NaN,
        "Cost Of Revenue": NaN,
        "Total Revenue": NaN,
        "Operating Revenue": NaN
    },
    "2024-06-30": {
        "Tax Effect Of Unusual Items": -148260.0,
        "Tax Rate For Calcs": 0.21,
        "Normalized EBITDA": -13889000.0,
        "Total Unusual Items": -706000.0,
        "Total Unusual Items Excluding Goodwill": -706000.0,
        "Net Income From Continuing Operation Net Minority Interest": -14303000.0,
        "Reconciled Depreciation": 3826000.0,
        "Reconciled Cost Of Revenue": 18425000.0,
        "EBITDA": -14595000.0,
        "EBIT": -18421000.0,
        "Net Interest Income": 6898000.0,
        "Interest Income": 6898000.0,
        "Normalized Income": -13745260.0,
        "Net Income From Continuing And Discontinued Operation": -14303000.0,
        "Total Expenses": 121464000.0,
        "Total Operating Income As Reported": -19127000.0,
        "Diluted Average Shares": NaN,
        "Basic Average Shares": NaN,
        "Diluted EPS": NaN,
        "Basic EPS": NaN,
        "Diluted NI Availto Com Stockholders": -14303000.0,
        "Net Income Common Stockholders": -14303000.0,
        "Net Income": -14303000.0,
        "Net Income Including Noncontrolling Interests": -14303000.0,
        "Net Income Continuous Operations": -14303000.0,
        "Tax Provision": 2074000.0,
        "Pretax Income": -12229000.0,
        "Other Income Expense": -706000.0,
        "Special Income Charges": -706000.0,
        "Restructuring And Mergern Acquisition": 706000.0,
        "Net Non Operating Interest Income Expense": 6898000.0,
        "Interest Income Non Operating": 6898000.0,
        "Operating Income": -18421000.0,
        "Operating Expense": 99571000.0,
        "Depreciation Amortization Depletion Income Statement": 358000.0,
        "Depreciation And Amortization In Income Statement": 358000.0,
        "Amortization": 358000.0,
        "Amortization Of Intangibles Income Statement": 358000.0,
        "Research And Development": 37117000.0,
        "Selling General And Administration": 62096000.0,
        "Selling And Marketing Expense": 45506000.0,
        "General And Administrative Expense": 16590000.0,
        "Other Gand A": 16590000.0,
        "Gross Profit": 81150000.0,
        "Cost Of Revenue": 21893000.0,
        "Total Revenue": 103043000.0,
        "Operating Revenue": 103043000.0
    },
    "2024-09-30": {
        "Tax Effect Of Unusual Items": 0.0,
        "Tax Rate For Calcs": 0.05,
        "Normalized EBITDA": -22940000.0,
        "Total Unusual Items": NaN,
        "Total Unusual Items Excluding Goodwill": NaN,
        "Net Income From Continuing Operation Net Minority Interest": -22945000.0,
        "Reconciled Depreciation": 6980000.0,
        "Reconciled Cost Of Revenue": 27291000.0,
        "EBITDA": -22940000.0,
        "EBIT": -29920000.0,
        "Net Interest Income": 5705000.0,
        "Interest Income": 5705000.0,
        "Normalized Income": -22945000.0,
        "Net Income From Continuing And Discontinued Operation": -22945000.0,
        "Total Expenses": 138976000.0,
        "Total Operating Income As Reported": -29920000.0,
        "Diluted Average Shares": 110772000.0,
        "Basic Average Shares": 110772000.0,
        "Diluted EPS": -0.21,
        "Basic EPS": -0.21,
        "Diluted NI Availto Com Stockholders": -22945000.0,
        "Net Income Common Stockholders": -22945000.0,
        "Net Income": -22945000.0,
        "Net Income Including Noncontrolling Interests": -22945000.0,
        "Net Income Continuous Operations": -22945000.0,
        "Tax Provision": -1270000.0,
        "Pretax Income": -24215000.0,
        "Other Income Expense": NaN,
        "Special Income Charges": NaN,
        "Restructuring And Mergern Acquisition": NaN,
        "Net Non Operating Interest Income Expense": 5705000.0,
        "Interest Income Non Operating": 5705000.0,
        "Operating Income": -29920000.0,
        "Operating Expense": 111685000.0,
        "Depreciation Amortization Depletion Income Statement": NaN,
        "Depreciation And Amortization In Income Statement": NaN,
        "Amortization": NaN,
        "Amortization Of Intangibles Income Statement": NaN,
        "Research And Development": 42996000.0,
        "Selling General And Administration": 68689000.0,
        "Selling And Marketing Expense": 50956000.0,
        "General And Administrative Expense": 17733000.0,
        "Other Gand A": 17733000.0,
        "Gross Profit": 81765000.0,
        "Cost Of Revenue": 27291000.0,
        "Total Revenue": 109056000.0,
        "Operating Revenue": 109056000.0
    },
    "2024-12-31": {
        "Tax Effect Of Unusual Items": 0.0,
        "Tax Rate For Calcs": 0.21,
        "Normalized EBITDA": -18560000.0,
        "Total Unusual Items": NaN,
        "Total Unusual Items Excluding Goodwill": NaN,
        "Net Income From Continuing Operation Net Minority Interest": -23198000.0,
        "Reconciled Depreciation": 6855000.0,
        "Reconciled Cost Of Revenue": 28512000.0,
        "EBITDA": -18560000.0,
        "EBIT": -25415000.0,
        "Net Interest Income": 5588000.0,
        "Interest Income": 5588000.0,
        "Normalized Income": -23198000.0,
        "Net Income From Continuing And Discontinued Operation": -23198000.0,
        "Total Expenses": 141493000.0,
        "Total Operating Income As Reported": -25415000.0,
        "Diluted Average Shares": 111985000.0,
        "Basic Average Shares": 111985000.0,
        "Diluted EPS": -0.21,
        "Basic EPS": -0.21,
        "Diluted NI Availto Com Stockholders": -23198000.0,
        "Net Income Common Stockholders": -23198000.0,
        "Net Income": -23198000.0,
        "Net Income Including Noncontrolling Interests": -23198000.0,
        "Net Income Continuous Operations": -23198000.0,
        "Tax Provision": 3371000.0,
        "Pretax Income": -19827000.0,
        "Other Income Expense": NaN,
        "Special Income Charges": NaN,
        "Restructuring And Mergern Acquisition": NaN,
        "Net Non Operating Interest Income Expense": 5588000.0,
        "Interest Income Non Operating": 5588000.0,
        "Operating Income": -25415000.0,
        "Operating Expense": 112981000.0,
        "Depreciation Amortization Depletion Income Statement": NaN,
        "Depreciation And Amortization In Income Statement": NaN,
        "Amortization": NaN,
        "Amortization Of Intangibles Income Statement": NaN,
        "Research And Development": 44919000.0,
        "Selling General And Administration": 68062000.0,
        "Selling And Marketing Expense": 49978000.0,
        "General And Administrative Expense": 18084000.0,
        "Other Gand A": 18084000.0,
        "Gross Profit": 87566000.0,
        "Cost Of Revenue": 28512000.0,
        "Total Revenue": 116078000.0,
        "Operating Revenue": 116078000.0
    },
    "2025-03-31": {
        "Tax Effect Of Unusual Items": -100380.0,
        "Tax Rate For Calcs": 0.21,
        "Normalized EBITDA": -15300000.0,
        "Total Unusual Items": -478000.0,
        "Total Unusual Items Excluding Goodwill": -478000.0,
        "Net Income From Continuing Operation Net Minority Interest": -18503000.0,
        "Reconciled Depreciation": 6714000.0,
        "Reconciled Cost Of Revenue": 24669000.0,
        "EBITDA": -15778000.0,
        "EBIT": -22492000.0,
        "Net Interest Income": 5965000.0,
        "Interest Income": 5965000.0,
        "Normalized Income": -18125380.0,
        "Net Income From Continuing And Discontinued Operation": -18503000.0,
        "Total Expenses": 144899000.0,
        "Total Operating Income As Reported": -22970000.0,
        "Diluted Average Shares": 113447000.0,
        "Basic Average Shares": 113447000.0,
        "Diluted EPS": -0.16,
        "Basic EPS": -0.16,
        "Diluted NI Availto Com Stockholders": -18503000.0,
        "Net Income Common Stockholders": -18503000.0,
        "Net Income": -18503000.0,
        "Net Income Including Noncontrolling Interests": -18503000.0,
        "Net Income Continuous Operations": -18503000.0,
        "Tax Provision": 1498000.0,
        "Pretax Income": -17005000.0,
        "Other Income Expense": -478000.0,
        "Special Income Charges": -478000.0,
        "Restructuring And Mergern Acquisition": 478000.0,
        "Net Non Operating Interest Income Expense": 5965000.0,
        "Interest Income Non Operating": 5965000.0,
        "Operating Income": -22492000.0,
        "Operating Expense": 114718000.0,
        "Depreciation Amortization Depletion Income Statement": 1202000.0,
        "Depreciation And Amortization In Income Statement": 1202000.0,
        "Amortization": 1202000.0,
        "Amortization Of Intangibles Income Statement": 1202000.0,
        "Research And Development": 43335000.0,
        "Selling General And Administration": 70181000.0,
        "Selling And Marketing Expense": 51147000.0,
        "General And Administrative Expense": 19034000.0,
        "Other Gand A": 19034000.0,
        "Gross Profit": 92226000.0,
        "Cost Of Revenue": 30181000.0,
        "Total Revenue": 122407000.0,
        "Operating Revenue": 122407000.0
    },
    "2025-06-30": {
        "Tax Effect Of Unusual Items": -103110.0,
        "Tax Rate For Calcs": 0.21,
        "Normalized EBITDA": -18433000.0,
        "Total Unusual Items": -491000.0,
        "Total Unusual Items Excluding Goodwill": -491000.0,
        "Net Income From Continuing Operation Net Minority Interest": -21675000.0,
        "Reconciled Depreciation": 6556000.0,
        "Reconciled Cost Of Revenue": 24815000.0,
        "EBITDA": -18924000.0,
        "EBIT": -25480000.0,
        "Net Interest Income": 6305000.0,
        "Interest Income": 6305000.0,
        "Normalized Income": -21287110.0,
        "Net Income From Continuing And Discontinued Operation": -21675000.0,
        "Total Expenses": 152700000.0,
        "Total Operating Income As Reported": -25971000.0,
        "Diluted Average Shares": 115250000.0,
        "Basic Average Shares": 115250000.0,
        "Diluted EPS": -0.19,
        "Basic EPS": -0.19,
        "Diluted NI Availto Com Stockholders": -21675000.0,
        "Net Income Common Stockholders": -21675000.0,
        "Net Income": -21675000.0,
        "Net Income Including Noncontrolling Interests": -21675000.0,
        "Net Income Continuous Operations": -21675000.0,
        "Tax Provision": 2009000.0,
        "Pretax Income": -19666000.0,
        "Other Income Expense": -491000.0,
        "Special Income Charges": -491000.0,
        "Restructuring And Mergern Acquisition": 491000.0,
        "Net Non Operating Interest Income Expense": 6305000.0,
        "Interest Income Non Operating": 6305000.0,
        "Operating Income": -25480000.0,
        "Operating Expense": 122498000.0,
        "Depreciation Amortization Depletion Income Statement": 1169000.0,
        "Depreciation And Amortization In Income Statement": 1169000.0,
        "Amortization": 1169000.0,
        "Amortization Of Intangibles Income Statement": 1169000.0,
        "Research And Development": 47424000.0,
        "Selling General And Administration": 73905000.0,
        "Selling And Marketing Expense": 53788000.0,
        "General And Administrative Expense": 20117000.0,
        "Other Gand A": 20117000.0,
        "Gross Profit": 97018000.0,
        "Cost Of Revenue": 30202000.0,
        "Total Revenue": 127220000.0,
        "Operating Revenue": 127220000.0
    },
    "2025-09-30": {
        "Tax Effect Of Unusual Items": NaN,
        "Tax Rate For Calcs": NaN,
        "Normalized EBITDA": NaN,
        "Total Unusual Items": NaN,
        "Total Unusual Items Excluding Goodwill": NaN,
        "Net Income From Continuing Operation Net Minority Interest": NaN,
        "Reconciled Depreciation": NaN,
        "Reconciled Cost Of Revenue": NaN,
        "EBITDA": NaN,
        "EBIT": NaN,
        "Net Interest Income": NaN,
        "Interest Income": NaN,
        "Normalized Income": NaN,
        "Net Income From Continuing And Discontinued Operation": NaN,
        "Total Expenses": NaN,
        "Total Operating Income As Reported": NaN,
        "Diluted Average Shares": 117263000.0,
        "Basic Average Shares": 117263000.0,
        "Diluted EPS": -0.14,
        "Basic EPS": -0.14,
        "Diluted NI Availto Com Stockholders": NaN,
        "Net Income Common Stockholders": NaN,
        "Net Income": NaN,
        "Net Income Including Noncontrolling Interests": NaN,
        "Net Income Continuous Operations": NaN,
        "Tax Provision": NaN,
        "Pretax Income": NaN,
        "Other Income Expense": NaN,
        "Special Income Charges": NaN,
        "Restructuring And Mergern Acquisition": NaN,
        "Net Non Operating Interest Income Expense": NaN,
        "Interest Income Non Operating": NaN,
        "Operating Income": NaN,
        "Operating Expense": NaN,
        "Depreciation Amortization Depletion Income Statement": NaN,
        "Depreciation And Amortization In Income Statement": NaN,
        "Amortization": NaN,
        "Amortization Of Intangibles Income Statement": NaN,
        "Research And Development": NaN,
        "Selling General And Administration": NaN,
        "Selling And Marketing Expense": NaN,
        "General And Administrative Expense": NaN,
        "Other Gand A": NaN,
        "Gross Profit": NaN,
        "Cost Of Revenue": NaN,
        "Total Revenue": NaN,
        "Operating Revenue": NaN
    }
}