{
    "2023-03-31": {
        "Tax Effect Of Unusual Items": NaN,
        "Tax Rate For Calcs": NaN,
        "Normalized EBITDA": NaN,
        "Total Unusual Items": NaN,
        "Total Unusual Items Excluding Goodwill": NaN,
        "Net Income From Continuing Operation Net Minority Interest": NaN,
        "Reconciled Depreciation": NaN,
        "Reconciled Cost Of Revenue": NaN,
        "EBITDA": NaN,
        "EBIT": NaN,
        "Net Interest Income": NaN,
        "Interest Expense": NaN,
        "Normalized Income": NaN,
        "Net Income From Continuing And Discontinued Operation": NaN,
        "Total Expenses": NaN,
        "Total Operating Income As Reported": NaN,
        "Diluted Average Shares": NaN,
        "Basic Average Shares": NaN,
        "Diluted EPS": NaN,
        "Basic EPS": NaN,
        "Diluted NI Availto Com Stockholders": NaN,
        "Net Income Common Stockholders": NaN,
        "Net Income": NaN,
        "Minority Interests": NaN,
        "Net Income Including Noncontrolling Interests": NaN,
        "Net Income Continuous Operations": NaN,
        "Tax Provision": NaN,
        "Pretax Income": NaN,
        "Other Income Expense": NaN,
        "Earnings From Equity Interest": NaN,
        "Gain On Sale Of Security": NaN,
        "Net Non Operating Interest Income Expense": NaN,
        "Interest Expense Non Operating": NaN,
        "Operating Income": NaN,
        "Operating Expense": NaN,
        "Other Operating Expenses": NaN,
        "Depreciation Amortization Depletion Income Statement": NaN,
        "Selling General And Administration": 1793000.0,
        "General And Administrative Expense": 1793000.0,
        "Other Gand A": 1793000.0,
        "Gross Profit": NaN,
        "Cost Of Revenue": NaN,
        "Total Revenue": NaN,
        "Operating Revenue": NaN
    },
    "2022-12-31": {
        "Tax Effect Of Unusual Items": NaN,
        "Tax Rate For Calcs": NaN,
        "Normalized EBITDA": NaN,
        "Total Unusual Items": NaN,
        "Total Unusual Items Excluding Goodwill": NaN,
        "Net Income From Continuing Operation Net Minority Interest": NaN,
        "Reconciled Depreciation": NaN,
        "Reconciled Cost Of Revenue": NaN,
        "EBITDA": NaN,
        "EBIT": NaN,
        "Net Interest Income": NaN,
        "Interest Expense": NaN,
        "Normalized Income": NaN,
        "Net Income From Continuing And Discontinued Operation": NaN,
        "Total Expenses": NaN,
        "Total Operating Income As Reported": NaN,
        "Diluted Average Shares": NaN,
        "Basic Average Shares": NaN,
        "Diluted EPS": NaN,
        "Basic EPS": NaN,
        "Diluted NI Availto Com Stockholders": NaN,
        "Net Income Common Stockholders": NaN,
        "Net Income": NaN,
        "Minority Interests": NaN,
        "Net Income Including Noncontrolling Interests": NaN,
        "Net Income Continuous Operations": NaN,
        "Tax Provision": NaN,
        "Pretax Income": NaN,
        "Other Income Expense": NaN,
        "Earnings From Equity Interest": NaN,
        "Gain On Sale Of Security": NaN,
        "Net Non Operating Interest Income Expense": NaN,
        "Interest Expense Non Operating": NaN,
        "Operating Income": NaN,
        "Operating Expense": NaN,
        "Other Operating Expenses": NaN,
        "Depreciation Amortization Depletion Income Statement": NaN,
        "Selling General And Administration": 1657000.0,
        "General And Administrative Expense": 1657000.0,
        "Other Gand A": 1657000.0,
        "Gross Profit": NaN,
        "Cost Of Revenue": NaN,
        "Total Revenue": NaN,
        "Operating Revenue": NaN
    },
    "2022-09-30": {
        "Tax Effect Of Unusual Items": 420928.825623,
        "Tax Rate For Calcs": 0.316726,
        "Normalized EBITDA": 2715000.0,
        "Total Unusual Items": 1329000.0,
        "Total Unusual Items Excluding Goodwill": 1329000.0,
        "Net Income From Continuing Operation Net Minority Interest": 480000.0,
        "Reconciled Depreciation": 2806000.0,
        "Reconciled Cost Of Revenue": 1034000.0,
        "EBITDA": 4044000.0,
        "EBIT": 1300000.0,
        "Net Interest Income": -738000.0,
        "Interest Expense": 738000.0,
        "Normalized Income": -428071.174377,
        "Net Income From Continuing And Discontinued Operation": 480000.0,
        "Total Expenses": 7445000.0,
        "Total Operating Income As Reported": 1849000.0,
        "Diluted Average Shares": 9433000.0,
        "Basic Average Shares": 9397000.0,
        "Diluted EPS": 0.05,
        "Basic EPS": 0.05,
        "Diluted NI Availto Com Stockholders": 480000.0,
        "Net Income Common Stockholders": 480000.0,
        "Net Income": 480000.0,
        "Minority Interests": 96000.0,
        "Net Income Including Noncontrolling Interests": 384000.0,
        "Net Income Continuous Operations": 384000.0,
        "Tax Provision": 178000.0,
        "Pretax Income": 562000.0,
        "Other Income Expense": -549000.0,
        "Earnings From Equity Interest": -1878000.0,
        "Gain On Sale Of Security": 1329000.0,
        "Net Non Operating Interest Income Expense": -738000.0,
        "Interest Expense Non Operating": 738000.0,
        "Operating Income": 1849000.0,
        "Operating Expense": 6411000.0,
        "Other Operating Expenses": 1967000.0,
        "Depreciation Amortization Depletion Income Statement": 2744000.0,
        "Selling General And Administration": 1700000.0,
        "General And Administrative Expense": 1700000.0,
        "Other Gand A": 1700000.0,
        "Gross Profit": 8260000.0,
        "Cost Of Revenue": 1034000.0,
        "Total Revenue": 9294000.0,
        "Operating Revenue": 9294000.0
    },
    "2022-06-30": {
        "Tax Effect Of Unusual Items": 162819.38326,
        "Tax Rate For Calcs": 0.145374,
        "Normalized EBITDA": 3168000.0,
        "Total Unusual Items": 1120000.0,
        "Total Unusual Items Excluding Goodwill": 1120000.0,
        "Net Income From Continuing Operation Net Minority Interest": 657000.0,
        "Reconciled Depreciation": 2929000.0,
        "Reconciled Cost Of Revenue": 1041000.0,
        "EBITDA": 4288000.0,
        "EBIT": 1420000.0,
        "Net Interest Income": -739000.0,
        "Interest Expense": 739000.0,
        "Normalized Income": -300180.61674,
        "Net Income From Continuing And Discontinued Operation": 657000.0,
        "Total Expenses": 7562000.0,
        "Total Operating Income As Reported": 2066000.0,
        "Diluted Average Shares": 9424000.0,
        "Basic Average Shares": 9384000.0,
        "Diluted EPS": 0.07,
        "Basic EPS": 0.07,
        "Diluted NI Availto Com Stockholders": 657000.0,
        "Net Income Common Stockholders": 657000.0,
        "Net Income": 657000.0,
        "Minority Interests": 75000.0,
        "Net Income Including Noncontrolling Interests": 582000.0,
        "Net Income Continuous Operations": 582000.0,
        "Tax Provision": 99000.0,
        "Pretax Income": 681000.0,
        "Other Income Expense": -646000.0,
        "Earnings From Equity Interest": -1766000.0,
        "Gain On Sale Of Security": 1120000.0,
        "Net Non Operating Interest Income Expense": -739000.0,
        "Interest Expense Non Operating": 739000.0,
        "Operating Income": 2066000.0,
        "Operating Expense": 6521000.0,
        "Other Operating Expenses": 1541000.0,
        "Depreciation Amortization Depletion Income Statement": 2868000.0,
        "Selling General And Administration": 2112000.0,
        "General And Administrative Expense": 2112000.0,
        "Other Gand A": 2112000.0,
        "Gross Profit": 8587000.0,
        "Cost Of Revenue": 1041000.0,
        "Total Revenue": 9628000.0,
        "Operating Revenue": 9628000.0
    },
    "2022-03-31": {
        "Diluted EPS": 0.07,
        "Total Revenue": 9,
        "Gross Profit": 1,
        "Operating Income": 1,
        "EBIT": 4,
        "Net Income": 1
    },
    "2021-12-31": {
        "Diluted EPS": -0.08,
        "Total Revenue": 8,
        "Gross Profit": 0,
        "Operating Income": 0,
        "EBIT": 3,
        "Net Income": -1
    },
    "2021-09-30": {
        "Diluted EPS": 0.04,
        "Total Revenue": 8,
        "Gross Profit": 1,
        "Operating Income": 1,
        "EBIT": 5,
        "Net Income": 0
    },
    "2021-06-30": {
        "Diluted EPS": 0.01,
        "Total Revenue": 8,
        "Gross Profit": 0,
        "Operating Income": 0,
        "EBIT": 4,
        "Net Income": 0
    },
    "2021-03-31": {
        "Diluted EPS": 3.03,
        "Total Revenue": 6,
        "Gross Profit": 1,
        "Operating Income": 1,
        "EBIT": 3,
        "Net Income": 28
    },
    "2020-12-31": {
        "Diluted EPS": 0.16,
        "Total Revenue": 6,
        "Gross Profit": 2,
        "Operating Income": 2,
        "EBIT": 3,
        "Net Income": 1
    },
    "2020-09-30": {
        "Diluted EPS": 0.57,
        "Total Revenue": 6,
        "Gross Profit": 2,
        "Operating Income": 2,
        "EBIT": 3,
        "Net Income": 5
    },
    "2020-06-30": {
        "Diluted EPS": 0.43,
        "Total Revenue": 6,
        "Gross Profit": 1,
        "Operating Income": 1,
        "EBIT": 3,
        "Net Income": 4
    },
    "2020-03-31": {
        "Diluted EPS": 0.16,
        "Total Revenue": 6,
        "Gross Profit": 1,
        "Operating Income": 1,
        "EBIT": 2,
        "Net Income": 2
    },
    "2019-12-31": {
        "Diluted EPS": 0.25,
        "Total Revenue": 6,
        "Gross Profit": 1,
        "Operating Income": 1,
        "EBIT": 2,
        "Net Income": 2
    },
    "2019-09-30": {
        "Diluted EPS": 0.2,
        "Total Revenue": 6,
        "Gross Profit": 1,
        "Operating Income": 1,
        "EBIT": 3,
        "Net Income": 2
    },
    "2019-06-30": {
        "Diluted EPS": 0.99,
        "Total Revenue": 6,
        "Gross Profit": 2,
        "Operating Income": 2,
        "EBIT": 4,
        "Net Income": 10
    },
    "2019-03-31": {
        "Diluted EPS": 0.19,
        "Total Revenue": 6,
        "Gross Profit": 1,
        "Operating Income": 1,
        "EBIT": 3,
        "Net Income": 2
    },
    "2018-12-31": {
        "Diluted EPS": 0.08,
        "Total Revenue": 6,
        "Gross Profit": 1,
        "Operating Income": 1,
        "EBIT": 2,
        "Net Income": 1
    },
    "2018-09-30": {
        "Diluted EPS": 0.22,
        "Total Revenue": 6,
        "Gross Profit": 2,
        "Operating Income": 2,
        "EBIT": 4,
        "Net Income": 2
    },
    "2018-06-30": {
        "Diluted EPS": 11.87,
        "Total Revenue": 6,
        "Gross Profit": 0,
        "Operating Income": 0,
        "EBIT": 2,
        "Net Income": 120
    },
    "2018-03-31": {
        "Diluted EPS": 0.15,
        "Total Revenue": 5,
        "Gross Profit": 0,
        "Operating Income": 0,
        "EBIT": 3,
        "Net Income": 2
    },
    "2017-12-31": {
        "Diluted EPS": 1.33,
        "Total Revenue": -1,
        "Gross Profit": -3,
        "Operating Income": -3,
        "EBIT": -1,
        "Net Income": 13
    },
    "2017-09-30": {
        "Diluted EPS": 2.52,
        "Total Revenue": 5,
        "Gross Profit": 0,
        "Operating Income": 0,
        "EBIT": 3,
        "Net Income": 25
    },
    "2017-06-30": {
        "Diluted EPS": 0.17,
        "Total Revenue": 3,
        "Gross Profit": 1,
        "Operating Income": 1,
        "EBIT": -1,
        "Net Income": 2
    },
    "2017-03-31": {
        "Diluted EPS": 0.14,
        "Total Revenue": 9,
        "Gross Profit": 3,
        "Operating Income": 3,
        "EBIT": 6,
        "Net Income": 1
    },
    "2016-12-31": {
        "Diluted EPS": 0.0,
        "Total Revenue": NaN,
        "Gross Profit": NaN,
        "Operating Income": NaN,
        "EBIT": NaN,
        "Net Income": NaN
    },
    "2016-09-30": {
        "Diluted EPS": 0.2,
        "Total Revenue": 10,
        "Gross Profit": 4,
        "Operating Income": 4,
        "EBIT": 7,
        "Net Income": 2
    },
    "2016-06-30": {
        "Diluted EPS": 0.08,
        "Total Revenue": 9,
        "Gross Profit": 2,
        "Operating Income": 2,
        "EBIT": 4,
        "Net Income": 1
    },
    "2016-03-31": {
        "Diluted EPS": 0.18,
        "Total Revenue": 10,
        "Gross Profit": 4,
        "Operating Income": 4,
        "EBIT": 6,
        "Net Income": 2
    },
    "2015-12-31": {
        "Diluted EPS": 0.76,
        "Total Revenue": 9,
        "Gross Profit": 4,
        "Operating Income": 9,
        "EBIT": 9,
        "Net Income": 7
    },
    "2015-09-30": {
        "Diluted EPS": 0.0,
        "Total Revenue": NaN,
        "Gross Profit": NaN,
        "Operating Income": NaN,
        "EBIT": NaN,
        "Net Income": NaN
    },
    "2015-06-30": {
        "Diluted EPS": 0.21,
        "Total Revenue": 8,
        "Gross Profit": 4,
        "Operating Income": 4,
        "EBIT": 6,
        "Net Income": 2
    },
    "2015-03-31": {
        "Diluted EPS": 0.14,
        "Total Revenue": 9,
        "Gross Profit": 2,
        "Operating Income": 2,
        "EBIT": 6,
        "Net Income": 1
    },
    "2014-12-31": {
        "Diluted EPS": 0.29,
        "Total Revenue": 8,
        "Gross Profit": 2,
        "Operating Income": 8,
        "EBIT": 8,
        "Net Income": 3
    },
    "2014-09-30": {
        "Diluted EPS": 0.0,
        "Total Revenue": NaN,
        "Gross Profit": NaN,
        "Operating Income": NaN,
        "EBIT": NaN,
        "Net Income": NaN
    },
    "2014-06-30": {
        "Diluted EPS": 0.36,
        "Total Revenue": 8,
        "Gross Profit": 3,
        "Operating Income": 3,
        "EBIT": 5,
        "Net Income": 3
    },
    "2014-03-31": {
        "Diluted EPS": 0.18,
        "Total Revenue": 8,
        "Gross Profit": 2,
        "Operating Income": 2,
        "EBIT": 5,
        "Net Income": 2
    },
    "2013-12-31": {
        "Diluted EPS": 0.24,
        "Total Revenue": 39,
        "Gross Profit": 4,
        "Operating Income": 39,
        "EBIT": 39,
        "Net Income": 2
    },
    "2013-09-30": {
        "Diluted EPS": 0.0,
        "Total Revenue": NaN,
        "Gross Profit": NaN,
        "Operating Income": NaN,
        "EBIT": NaN,
        "Net Income": NaN
    },
    "2013-06-30": {
        "Diluted EPS": 0.31,
        "Total Revenue": 36,
        "Gross Profit": 6,
        "Operating Income": 6,
        "EBIT": 10,
        "Net Income": 3
    },
    "2013-03-31": {
        "Diluted EPS": 0.24,
        "Total Revenue": 34,
        "Gross Profit": 4,
        "Operating Income": 4,
        "EBIT": 11,
        "Net Income": 2
    },
    "2012-12-31": {
        "Diluted EPS": 0.33,
        "Total Revenue": 33,
        "Gross Profit": 5,
        "Operating Income": 33,
        "EBIT": 33,
        "Net Income": 3
    },
    "2012-09-30": {
        "Diluted EPS": 0.0,
        "Total Revenue": NaN,
        "Gross Profit": NaN,
        "Operating Income": NaN,
        "EBIT": NaN,
        "Net Income": NaN
    },
    "2012-06-30": {
        "Diluted EPS": 0.28,
        "Total Revenue": 33,
        "Gross Profit": 5,
        "Operating Income": 5,
        "EBIT": 8,
        "Net Income": 3
    },
    "2012-03-31": {
        "Diluted EPS": 0.17,
        "Total Revenue": 31,
        "Gross Profit": 4,
        "Operating Income": 3,
        "EBIT": 10,
        "Net Income": 2
    },
    "2011-12-31": {
        "Diluted EPS": 0.23,
        "Total Revenue": 30,
        "Gross Profit": 4,
        "Operating Income": 30,
        "EBIT": 30,
        "Net Income": 2
    },
    "2011-09-30": {
        "Diluted EPS": 0.0,
        "Total Revenue": NaN,
        "Gross Profit": NaN,
        "Operating Income": NaN,
        "EBIT": NaN,
        "Net Income": NaN
    },
    "2011-06-30": {
        "Diluted EPS": 0.25,
        "Total Revenue": 32,
        "Gross Profit": 5,
        "Operating Income": 4,
        "EBIT": 7,
        "Net Income": 2
    },
    "2011-03-31": {
        "Diluted EPS": 0.18,
        "Total Revenue": 29,
        "Gross Profit": 4,
        "Operating Income": 3,
        "EBIT": 9,
        "Net Income": 2
    },
    "2010-12-31": {
        "Diluted EPS": 0.68,
        "Total Revenue": 28,
        "Gross Profit": 4,
        "Operating Income": 28,
        "EBIT": 28,
        "Net Income": 6
    },
    "2010-09-30": {
        "Diluted EPS": 0.0,
        "Total Revenue": NaN,
        "Gross Profit": NaN,
        "Operating Income": NaN,
        "EBIT": NaN,
        "Net Income": NaN
    },
    "2010-06-30": {
        "Diluted EPS": 0.28,
        "Total Revenue": 28,
        "Gross Profit": 5,
        "Operating Income": 4,
        "EBIT": 7,
        "Net Income": 3
    },
    "2010-03-31": {
        "Diluted EPS": 0.15,
        "Total Revenue": 28,
        "Gross Profit": 4,
        "Operating Income": 3,
        "EBIT": 9,
        "Net Income": 1
    },
    "2009-12-31": {
        "Diluted EPS": 0.14,
        "Total Revenue": 28,
        "Gross Profit": 4,
        "Operating Income": 28,
        "EBIT": 28,
        "Net Income": 1
    },
    "2009-09-30": {
        "Diluted EPS": 0.0,
        "Total Revenue": NaN,
        "Gross Profit": NaN,
        "Operating Income": NaN,
        "EBIT": NaN,
        "Net Income": NaN
    },
    "2009-06-30": {
        "Diluted EPS": -0.04,
        "Total Revenue": 28,
        "Gross Profit": 4,
        "Operating Income": 4,
        "EBIT": 7,
        "Net Income": 0
    },
    "2009-03-31": {
        "Diluted EPS": 0.15,
        "Total Revenue": 28,
        "Gross Profit": 4,
        "Operating Income": 4,
        "EBIT": 10,
        "Net Income": 1
    },
    "2023-06-30": {
        "Tax Effect Of Unusual Items": NaN,
        "Tax Rate For Calcs": NaN,
        "Normalized EBITDA": NaN,
        "Total Unusual Items": NaN,
        "Total Unusual Items Excluding Goodwill": NaN,
        "Net Income From Continuing Operation Net Minority Interest": NaN,
        "Reconciled Depreciation": NaN,
        "Reconciled Cost Of Revenue": NaN,
        "EBITDA": NaN,
        "EBIT": NaN,
        "Net Interest Income": NaN,
        "Interest Expense": NaN,
        "Normalized Income": NaN,
        "Net Income From Continuing And Discontinued Operation": NaN,
        "Total Expenses": NaN,
        "Total Operating Income As Reported": NaN,
        "Diluted Average Shares": NaN,
        "Basic Average Shares": NaN,
        "Diluted EPS": NaN,
        "Basic EPS": NaN,
        "Diluted NI Availto Com Stockholders": NaN,
        "Net Income Common Stockholders": NaN,
        "Net Income": NaN,
        "Minority Interests": NaN,
        "Net Income Including Noncontrolling Interests": NaN,
        "Net Income Continuous Operations": NaN,
        "Tax Provision": NaN,
        "Pretax Income": NaN,
        "Other Income Expense": NaN,
        "Earnings From Equity Interest": NaN,
        "Gain On Sale Of Security": NaN,
        "Net Non Operating Interest Income Expense": NaN,
        "Interest Expense Non Operating": NaN,
        "Operating Income": NaN,
        "Operating Expense": NaN,
        "Other Operating Expenses": NaN,
        "Depreciation Amortization Depletion Income Statement": NaN,
        "Selling General And Administration": 2409000.0,
        "General And Administrative Expense": 2409000.0,
        "Other Gand A": 2409000.0,
        "Gross Profit": NaN,
        "Cost Of Revenue": NaN,
        "Total Revenue": NaN,
        "Operating Revenue": NaN
    },
    "2023-09-30": {
        "Tax Effect Of Unusual Items": NaN,
        "Tax Rate For Calcs": NaN,
        "Normalized EBITDA": NaN,
        "Total Unusual Items": NaN,
        "Total Unusual Items Excluding Goodwill": NaN,
        "Net Income From Continuing Operation Net Minority Interest": NaN,
        "Reconciled Depreciation": NaN,
        "Reconciled Cost Of Revenue": NaN,
        "EBITDA": NaN,
        "EBIT": NaN,
        "Net Interest Income": NaN,
        "Interest Expense": NaN,
        "Normalized Income": NaN,
        "Net Income From Continuing And Discontinued Operation": NaN,
        "Total Expenses": NaN,
        "Total Operating Income As Reported": NaN,
        "Diluted Average Shares": 18920000.0,
        "Basic Average Shares": 18846000.0,
        "Diluted EPS": 0.065,
        "Basic EPS": 0.065,
        "Diluted NI Availto Com Stockholders": NaN,
        "Net Income Common Stockholders": NaN,
        "Net Income": NaN,
        "Minority Interests": NaN,
        "Net Income Including Noncontrolling Interests": NaN,
        "Net Income Continuous Operations": NaN,
        "Tax Provision": NaN,
        "Pretax Income": NaN,
        "Other Income Expense": NaN,
        "Earnings From Equity Interest": NaN,
        "Gain On Sale Of Security": NaN,
        "Net Non Operating Interest Income Expense": NaN,
        "Interest Expense Non Operating": NaN,
        "Operating Income": NaN,
        "Operating Expense": NaN,
        "Other Operating Expenses": NaN,
        "Depreciation Amortization Depletion Income Statement": NaN,
        "Selling General And Administration": 1948000.0,
        "General And Administrative Expense": 1948000.0,
        "Other Gand A": 1948000.0,
        "Gross Profit": NaN,
        "Cost Of Revenue": NaN,
        "Total Revenue": NaN,
        "Operating Revenue": NaN
    },
    "2023-12-31": {
        "Tax Effect Of Unusual Items": 482685.697973,
        "Tax Rate For Calcs": 0.17642,
        "Normalized EBITDA": 4249000.0,
        "Total Unusual Items": 2736000.0,
        "Total Unusual Items Excluding Goodwill": 2736000.0,
        "Net Income From Continuing Operation Net Minority Interest": 2880000.0,
        "Reconciled Depreciation": 2418000.0,
        "Reconciled Cost Of Revenue": 893000.0,
        "EBITDA": 6985000.0,
        "EBIT": 4567000.0,
        "Net Interest Income": -1064000.0,
        "Interest Expense": 1064000.0,
        "Normalized Income": 626685.697973,
        "Net Income From Continuing And Discontinued Operation": 2880000.0,
        "Total Expenses": 6922000.0,
        "Total Operating Income As Reported": 3183000.0,
        "Diluted Average Shares": 18902000.0,
        "Basic Average Shares": 18822000.0,
        "Diluted EPS": 0.15,
        "Basic EPS": 0.155,
        "Diluted NI Availto Com Stockholders": 2880000.0,
        "Net Income Common Stockholders": 2880000.0,
        "Net Income": 2880000.0,
        "Minority Interests": -5000.0,
        "Net Income Including Noncontrolling Interests": 2885000.0,
        "Net Income Continuous Operations": 2885000.0,
        "Tax Provision": 618000.0,
        "Pretax Income": 3503000.0,
        "Other Income Expense": 1384000.0,
        "Earnings From Equity Interest": -1352000.0,
        "Gain On Sale Of Security": 2736000.0,
        "Net Non Operating Interest Income Expense": -1064000.0,
        "Interest Expense Non Operating": 1064000.0,
        "Operating Income": 3183000.0,
        "Operating Expense": 6017000.0,
        "Other Operating Expenses": 3611000.0,
        "Depreciation Amortization Depletion Income Statement": 2406000.0,
        "Selling General And Administration": NaN,
        "General And Administrative Expense": NaN,
        "Other Gand A": NaN,
        "Gross Profit": 9200000.0,
        "Cost Of Revenue": 905000.0,
        "Total Revenue": 10105000.0,
        "Operating Revenue": 10105000.0
    },
    "2024-03-31": {
        "Tax Effect Of Unusual Items": 641613.832853,
        "Tax Rate For Calcs": 0.230548,
        "Normalized EBITDA": 2459000.0,
        "Total Unusual Items": 2783000.0,
        "Total Unusual Items Excluding Goodwill": 2783000.0,
        "Net Income From Continuing Operation Net Minority Interest": 1301000.0,
        "Reconciled Depreciation": 2596000.0,
        "Reconciled Cost Of Revenue": 746000.0,
        "EBITDA": 5242000.0,
        "EBIT": 2646000.0,
        "Net Interest Income": -911000.0,
        "Interest Expense": 911000.0,
        "Normalized Income": -840386.167147,
        "Net Income From Continuing And Discontinued Operation": 1301000.0,
        "Total Expenses": 7251000.0,
        "Total Operating Income As Reported": 2882000.0,
        "Diluted Average Shares": 37888000.0,
        "Basic Average Shares": 37718000.0,
        "Diluted EPS": 0.035,
        "Basic EPS": 0.035,
        "Diluted NI Availto Com Stockholders": 1301000.0,
        "Net Income Common Stockholders": 1301000.0,
        "Net Income": 1301000.0,
        "Minority Interests": -34000.0,
        "Net Income Including Noncontrolling Interests": 1335000.0,
        "Net Income Continuous Operations": 1335000.0,
        "Tax Provision": 400000.0,
        "Pretax Income": 1735000.0,
        "Other Income Expense": -236000.0,
        "Earnings From Equity Interest": -3019000.0,
        "Gain On Sale Of Security": 2783000.0,
        "Net Non Operating Interest Income Expense": -911000.0,
        "Interest Expense Non Operating": 911000.0,
        "Operating Income": 2882000.0,
        "Operating Expense": 6444000.0,
        "Other Operating Expenses": 1867000.0,
        "Depreciation Amortization Depletion Income Statement": 2535000.0,
        "Selling General And Administration": 2042000.0,
        "General And Administrative Expense": 2042000.0,
        "Other Gand A": 2042000.0,
        "Gross Profit": 9326000.0,
        "Cost Of Revenue": 807000.0,
        "Total Revenue": 10133000.0,
        "Operating Revenue": 10133000.0
    },
    "2024-06-30": {
        "Tax Effect Of Unusual Items": 1141690.084034,
        "Tax Rate For Calcs": 0.307899,
        "Normalized EBITDA": 2710000.0,
        "Total Unusual Items": 3708000.0,
        "Total Unusual Items Excluding Goodwill": 3708000.0,
        "Net Income From Continuing Operation Net Minority Interest": 2044000.0,
        "Reconciled Depreciation": 2614000.0,
        "Reconciled Cost Of Revenue": 789000.0,
        "EBITDA": 6418000.0,
        "EBIT": 3804000.0,
        "Net Interest Income": -829000.0,
        "Interest Expense": 829000.0,
        "Normalized Income": -522309.915966,
        "Net Income From Continuing And Discontinued Operation": 2044000.0,
        "Total Expenses": 7657000.0,
        "Total Operating Income As Reported": 2820000.0,
        "Diluted Average Shares": 18948000.0,
        "Basic Average Shares": 18879000.0,
        "Diluted EPS": 0.11,
        "Basic EPS": 0.11,
        "Diluted NI Availto Com Stockholders": 2044000.0,
        "Net Income Common Stockholders": 2044000.0,
        "Net Income": 2044000.0,
        "Minority Interests": -15000.0,
        "Net Income Including Noncontrolling Interests": 2059000.0,
        "Net Income Continuous Operations": 2059000.0,
        "Tax Provision": 916000.0,
        "Pretax Income": 2975000.0,
        "Other Income Expense": 984000.0,
        "Earnings From Equity Interest": -2724000.0,
        "Gain On Sale Of Security": 3708000.0,
        "Net Non Operating Interest Income Expense": -829000.0,
        "Interest Expense Non Operating": 829000.0,
        "Operating Income": 2820000.0,
        "Operating Expense": 6797000.0,
        "Other Operating Expenses": 1702000.0,
        "Depreciation Amortization Depletion Income Statement": 2543000.0,
        "Selling General And Administration": 2552000.0,
        "General And Administrative Expense": 2552000.0,
        "Other Gand A": 2552000.0,
        "Gross Profit": 9617000.0,
        "Cost Of Revenue": 860000.0,
        "Total Revenue": 10477000.0,
        "Operating Revenue": 10477000.0
    },
    "2024-09-30": {
        "Tax Effect Of Unusual Items": 544744.186047,
        "Tax Rate For Calcs": 0.236434,
        "Normalized EBITDA": 2874000.0,
        "Total Unusual Items": 2304000.0,
        "Total Unusual Items Excluding Goodwill": 2304000.0,
        "Net Income From Continuing Operation Net Minority Interest": 1361000.0,
        "Reconciled Depreciation": 2630000.0,
        "Reconciled Cost Of Revenue": 771000.0,
        "EBITDA": 5178000.0,
        "EBIT": 2548000.0,
        "Net Interest Income": -742000.0,
        "Interest Expense": 742000.0,
        "Normalized Income": -398255.813953,
        "Net Income From Continuing And Discontinued Operation": 1361000.0,
        "Total Expenses": 7550000.0,
        "Total Operating Income As Reported": 3083000.0,
        "Diluted Average Shares": 19442857.0,
        "Basic Average Shares": 19442857.0,
        "Diluted EPS": 0.07,
        "Basic EPS": 0.07,
        "Diluted NI Availto Com Stockholders": 1361000.0,
        "Net Income Common Stockholders": 1361000.0,
        "Net Income": 1361000.0,
        "Minority Interests": -18000.0,
        "Net Income Including Noncontrolling Interests": 1379000.0,
        "Net Income Continuous Operations": 1379000.0,
        "Tax Provision": 427000.0,
        "Pretax Income": 1806000.0,
        "Other Income Expense": -535000.0,
        "Earnings From Equity Interest": -2839000.0,
        "Gain On Sale Of Security": 2304000.0,
        "Net Non Operating Interest Income Expense": -742000.0,
        "Interest Expense Non Operating": 742000.0,
        "Operating Income": 3083000.0,
        "Operating Expense": 6700000.0,
        "Other Operating Expenses": 1860000.0,
        "Depreciation Amortization Depletion Income Statement": 2551000.0,
        "Selling General And Administration": 2289000.0,
        "General And Administrative Expense": 2289000.0,
        "Other Gand A": 2289000.0,
        "Gross Profit": 9783000.0,
        "Cost Of Revenue": 850000.0,
        "Total Revenue": 10633000.0,
        "Operating Revenue": 10633000.0
    },
    "2024-12-31": {
        "Tax Effect Of Unusual Items": 362247.339078,
        "Tax Rate For Calcs": 0.144957,
        "Normalized EBITDA": 2700000.0,
        "Total Unusual Items": 2499000.0,
        "Total Unusual Items Excluding Goodwill": 2499000.0,
        "Net Income From Continuing Operation Net Minority Interest": 1679000.0,
        "Reconciled Depreciation": 2550000.0,
        "Reconciled Cost Of Revenue": 928000.0,
        "EBITDA": 5199000.0,
        "EBIT": 2641000.0,
        "Net Interest Income": -668000.0,
        "Interest Expense": 668000.0,
        "Normalized Income": -457752.660922,
        "Net Income From Continuing And Discontinued Operation": 1679000.0,
        "Total Expenses": 7612000.0,
        "Total Operating Income As Reported": 2919000.0,
        "Diluted Average Shares": 18655556.0,
        "Basic Average Shares": 18655556.0,
        "Diluted EPS": 0.09,
        "Basic EPS": 0.09,
        "Diluted NI Availto Com Stockholders": 1679000.0,
        "Net Income Common Stockholders": 1679000.0,
        "Net Income": 1679000.0,
        "Minority Interests": -8000.0,
        "Net Income Including Noncontrolling Interests": 1687000.0,
        "Net Income Continuous Operations": 1687000.0,
        "Tax Provision": 286000.0,
        "Pretax Income": 1973000.0,
        "Other Income Expense": -278000.0,
        "Earnings From Equity Interest": -2777000.0,
        "Gain On Sale Of Security": 2499000.0,
        "Net Non Operating Interest Income Expense": -668000.0,
        "Interest Expense Non Operating": 668000.0,
        "Operating Income": 2919000.0,
        "Operating Expense": 6692000.0,
        "Other Operating Expenses": 1741000.0,
        "Depreciation Amortization Depletion Income Statement": 2558000.0,
        "Selling General And Administration": 2393000.0,
        "General And Administrative Expense": 2393000.0,
        "Other Gand A": 2393000.0,
        "Gross Profit": 9611000.0,
        "Cost Of Revenue": 920000.0,
        "Total Revenue": 10531000.0,
        "Operating Revenue": 10531000.0
    },
    "2025-03-31": {
        "Tax Effect Of Unusual Items": 623650.925926,
        "Tax Rate For Calcs": 0.243519,
        "Normalized EBITDA": 3010000.0,
        "Total Unusual Items": 2561000.0,
        "Total Unusual Items Excluding Goodwill": 2561000.0,
        "Net Income From Continuing Operation Net Minority Interest": 1710000.0,
        "Reconciled Depreciation": 2716000.0,
        "Reconciled Cost Of Revenue": 829000.0,
        "EBITDA": 5571000.0,
        "EBIT": 2855000.0,
        "Net Interest Income": -695000.0,
        "Interest Expense": 695000.0,
        "Normalized Income": -227349.074074,
        "Net Income From Continuing And Discontinued Operation": 1710000.0,
        "Total Expenses": 7981000.0,
        "Total Operating Income As Reported": 2325000.0,
        "Diluted Average Shares": 19012000.0,
        "Basic Average Shares": 18947000.0,
        "Diluted EPS": 0.09,
        "Basic EPS": 0.09,
        "Diluted NI Availto Com Stockholders": 1710000.0,
        "Net Income Common Stockholders": 1710000.0,
        "Net Income": 1710000.0,
        "Minority Interests": 76000.0,
        "Net Income Including Noncontrolling Interests": 1634000.0,
        "Net Income Continuous Operations": 1634000.0,
        "Tax Provision": 526000.0,
        "Pretax Income": 2160000.0,
        "Other Income Expense": 530000.0,
        "Earnings From Equity Interest": -2031000.0,
        "Gain On Sale Of Security": 2561000.0,
        "Net Non Operating Interest Income Expense": -695000.0,
        "Interest Expense Non Operating": 695000.0,
        "Operating Income": 2325000.0,
        "Operating Expense": 7043000.0,
        "Other Operating Expenses": 1859000.0,
        "Depreciation Amortization Depletion Income Statement": 2607000.0,
        "Selling General And Administration": 2577000.0,
        "General And Administrative Expense": 2577000.0,
        "Other Gand A": 2577000.0,
        "Gross Profit": 9368000.0,
        "Cost Of Revenue": 938000.0,
        "Total Revenue": 10306000.0,
        "Operating Revenue": 10306000.0
    },
    "2025-06-30": {
        "Tax Effect Of Unusual Items": 521127.182045,
        "Tax Rate For Calcs": 0.221945,
        "Normalized EBITDA": 2184000.0,
        "Total Unusual Items": 2348000.0,
        "Total Unusual Items Excluding Goodwill": 2348000.0,
        "Net Income From Continuing Operation Net Minority Interest": 578000.0,
        "Reconciled Depreciation": 2906000.0,
        "Reconciled Cost Of Revenue": 822000.0,
        "EBITDA": 4532000.0,
        "EBIT": 1626000.0,
        "Net Interest Income": -824000.0,
        "Interest Expense": 824000.0,
        "Normalized Income": -1248872.817955,
        "Net Income From Continuing And Discontinued Operation": 578000.0,
        "Total Expenses": 9193000.0,
        "Total Operating Income As Reported": 1657000.0,
        "Diluted Average Shares": 19016000.0,
        "Basic Average Shares": 18966000.0,
        "Diluted EPS": 0.03,
        "Basic EPS": 0.03,
        "Diluted NI Availto Com Stockholders": 578000.0,
        "Net Income Common Stockholders": 578000.0,
        "Net Income": 578000.0,
        "Minority Interests": -46000.0,
        "Net Income Including Noncontrolling Interests": 624000.0,
        "Net Income Continuous Operations": 624000.0,
        "Tax Provision": 178000.0,
        "Pretax Income": 802000.0,
        "Other Income Expense": -31000.0,
        "Earnings From Equity Interest": -2379000.0,
        "Gain On Sale Of Security": 2348000.0,
        "Net Non Operating Interest Income Expense": -824000.0,
        "Interest Expense Non Operating": 824000.0,
        "Operating Income": 1657000.0,
        "Operating Expense": 8191000.0,
        "Other Operating Expenses": 2580000.0,
        "Depreciation Amortization Depletion Income Statement": 2726000.0,
        "Selling General And Administration": 2885000.0,
        "General And Administrative Expense": 2885000.0,
        "Other Gand A": 2885000.0,
        "Gross Profit": 9848000.0,
        "Cost Of Revenue": 1002000.0,
        "Total Revenue": 10850000.0,
        "Operating Revenue": 10850000.0
    },
    "2025-09-30": {
        "Tax Effect Of Unusual Items": 626180.989583,
        "Tax Rate For Calcs": 0.264323,
        "Normalized EBITDA": 2143000.0,
        "Total Unusual Items": 2369000.0,
        "Total Unusual Items Excluding Goodwill": 2369000.0,
        "Net Income From Continuing Operation Net Minority Interest": 662000.0,
        "Reconciled Depreciation": 3005000.0,
        "Reconciled Cost Of Revenue": 775000.0,
        "EBITDA": 4512000.0,
        "EBIT": 1507000.0,
        "Net Interest Income": -739000.0,
        "Interest Expense": 739000.0,
        "Normalized Income": -1080819.010417,
        "Net Income From Continuing And Discontinued Operation": 662000.0,
        "Total Expenses": 9412000.0,
        "Total Operating Income As Reported": 1363000.0,
        "Diluted Average Shares": 19026000.0,
        "Basic Average Shares": 18976000.0,
        "Diluted EPS": 0.03,
        "Basic EPS": 0.03,
        "Diluted NI Availto Com Stockholders": 662000.0,
        "Net Income Common Stockholders": 662000.0,
        "Net Income": 662000.0,
        "Minority Interests": 97000.0,
        "Net Income Including Noncontrolling Interests": 565000.0,
        "Net Income Continuous Operations": 565000.0,
        "Tax Provision": 203000.0,
        "Pretax Income": 768000.0,
        "Other Income Expense": 144000.0,
        "Earnings From Equity Interest": -2225000.0,
        "Gain On Sale Of Security": 2369000.0,
        "Net Non Operating Interest Income Expense": -739000.0,
        "Interest Expense Non Operating": 739000.0,
        "Operating Income": 1363000.0,
        "Operating Expense": 8457000.0,
        "Other Operating Expenses": 3304000.0,
        "Depreciation Amortization Depletion Income Statement": 2825000.0,
        "Selling General And Administration": 2328000.0,
        "General And Administrative Expense": 2328000.0,
        "Other Gand A": 2328000.0,
        "Gross Profit": 9820000.0,
        "Cost Of Revenue": 955000.0,
        "Total Revenue": 10775000.0,
        "Operating Revenue": 10775000.0
    }
}