{
    "2023-03-31": {
        "Tax Effect Of Unusual Items": NaN,
        "Tax Rate For Calcs": NaN,
        "Normalized EBITDA": NaN,
        "Total Unusual Items": NaN,
        "Total Unusual Items Excluding Goodwill": NaN,
        "Net Income From Continuing Operation Net Minority Interest": NaN,
        "Reconciled Depreciation": NaN,
        "Reconciled Cost Of Revenue": NaN,
        "EBITDA": NaN,
        "EBIT": NaN,
        "Net Interest Income": NaN,
        "Interest Expense": NaN,
        "Interest Income": NaN,
        "Normalized Income": NaN,
        "Net Income From Continuing And Discontinued Operation": NaN,
        "Total Expenses": NaN,
        "Total Operating Income As Reported": NaN,
        "Diluted Average Shares": NaN,
        "Basic Average Shares": NaN,
        "Diluted EPS": NaN,
        "Basic EPS": NaN,
        "Diluted NI Availto Com Stockholders": NaN,
        "Net Income Common Stockholders": NaN,
        "Net Income": NaN,
        "Net Income Including Noncontrolling Interests": NaN,
        "Net Income Continuous Operations": NaN,
        "Earnings From Equity Interest Net Of Tax": NaN,
        "Tax Provision": NaN,
        "Pretax Income": NaN,
        "Other Income Expense": 946000.0,
        "Other Non Operating Income Expenses": 946000.0,
        "Gain On Sale Of Security": NaN,
        "Net Non Operating Interest Income Expense": NaN,
        "Interest Expense Non Operating": NaN,
        "Interest Income Non Operating": NaN,
        "Operating Income": NaN,
        "Operating Expense": NaN,
        "Selling General And Administration": NaN,
        "Gross Profit": NaN,
        "Cost Of Revenue": NaN,
        "Total Revenue": NaN,
        "Operating Revenue": NaN
    },
    "2022-12-31": {
        "Tax Effect Of Unusual Items": NaN,
        "Tax Rate For Calcs": NaN,
        "Normalized EBITDA": NaN,
        "Total Unusual Items": NaN,
        "Total Unusual Items Excluding Goodwill": NaN,
        "Net Income From Continuing Operation Net Minority Interest": NaN,
        "Reconciled Depreciation": NaN,
        "Reconciled Cost Of Revenue": NaN,
        "EBITDA": NaN,
        "EBIT": NaN,
        "Net Interest Income": NaN,
        "Interest Expense": NaN,
        "Interest Income": NaN,
        "Normalized Income": NaN,
        "Net Income From Continuing And Discontinued Operation": NaN,
        "Total Expenses": NaN,
        "Total Operating Income As Reported": NaN,
        "Diluted Average Shares": NaN,
        "Basic Average Shares": NaN,
        "Diluted EPS": NaN,
        "Basic EPS": NaN,
        "Diluted NI Availto Com Stockholders": NaN,
        "Net Income Common Stockholders": NaN,
        "Net Income": NaN,
        "Net Income Including Noncontrolling Interests": NaN,
        "Net Income Continuous Operations": NaN,
        "Earnings From Equity Interest Net Of Tax": NaN,
        "Tax Provision": NaN,
        "Pretax Income": NaN,
        "Other Income Expense": 1218000.0,
        "Other Non Operating Income Expenses": 1218000.0,
        "Gain On Sale Of Security": NaN,
        "Net Non Operating Interest Income Expense": NaN,
        "Interest Expense Non Operating": NaN,
        "Interest Income Non Operating": NaN,
        "Operating Income": NaN,
        "Operating Expense": NaN,
        "Selling General And Administration": NaN,
        "Gross Profit": NaN,
        "Cost Of Revenue": NaN,
        "Total Revenue": NaN,
        "Operating Revenue": NaN
    },
    "2022-09-30": {
        "Tax Effect Of Unusual Items": NaN,
        "Tax Rate For Calcs": NaN,
        "Normalized EBITDA": NaN,
        "Total Unusual Items": NaN,
        "Total Unusual Items Excluding Goodwill": NaN,
        "Net Income From Continuing Operation Net Minority Interest": NaN,
        "Reconciled Depreciation": NaN,
        "Reconciled Cost Of Revenue": NaN,
        "EBITDA": NaN,
        "EBIT": NaN,
        "Net Interest Income": NaN,
        "Interest Expense": NaN,
        "Interest Income": NaN,
        "Normalized Income": NaN,
        "Net Income From Continuing And Discontinued Operation": NaN,
        "Total Expenses": NaN,
        "Total Operating Income As Reported": NaN,
        "Diluted Average Shares": NaN,
        "Basic Average Shares": NaN,
        "Diluted EPS": NaN,
        "Basic EPS": NaN,
        "Diluted NI Availto Com Stockholders": NaN,
        "Net Income Common Stockholders": NaN,
        "Net Income": NaN,
        "Net Income Including Noncontrolling Interests": NaN,
        "Net Income Continuous Operations": NaN,
        "Earnings From Equity Interest Net Of Tax": NaN,
        "Tax Provision": NaN,
        "Pretax Income": NaN,
        "Other Income Expense": 256000.0,
        "Other Non Operating Income Expenses": 256000.0,
        "Gain On Sale Of Security": NaN,
        "Net Non Operating Interest Income Expense": NaN,
        "Interest Expense Non Operating": NaN,
        "Interest Income Non Operating": NaN,
        "Operating Income": NaN,
        "Operating Expense": NaN,
        "Selling General And Administration": NaN,
        "Gross Profit": NaN,
        "Cost Of Revenue": NaN,
        "Total Revenue": NaN,
        "Operating Revenue": NaN
    },
    "2022-06-30": {
        "Tax Effect Of Unusual Items": 0.0,
        "Tax Rate For Calcs": 0.4,
        "Normalized EBITDA": -18156000.0,
        "Net Income From Continuing Operation Net Minority Interest": -20586000.0,
        "Reconciled Depreciation": 7881000.0,
        "Reconciled Cost Of Revenue": 93773000.0,
        "EBITDA": -18156000.0,
        "EBIT": -18156000.0,
        "Net Interest Income": -1672000.0,
        "Interest Expense": 1672000.0,
        "Interest Income": NaN,
        "Normalized Income": -20586000.0,
        "Net Income From Continuing And Discontinued Operation": -20586000.0,
        "Total Expenses": 164142000.0,
        "Total Operating Income As Reported": -18135000.0,
        "Diluted Average Shares": 45636000.0,
        "Basic Average Shares": 45636000.0,
        "Diluted EPS": -0.45,
        "Basic EPS": -0.45,
        "Diluted NI Availto Com Stockholders": -20586000.0,
        "Net Income Common Stockholders": -20586000.0,
        "Net Income": -20586000.0,
        "Net Income Including Noncontrolling Interests": -20586000.0,
        "Net Income Continuous Operations": -20586000.0,
        "Earnings From Equity Interest Net Of Tax": -717000.0,
        "Tax Provision": 41000.0,
        "Pretax Income": -19828000.0,
        "Other Income Expense": -21000.0,
        "Other Non Operating Income Expenses": -21000.0,
        "Net Non Operating Interest Income Expense": -1672000.0,
        "Interest Expense Non Operating": 1672000.0,
        "Interest Income Non Operating": NaN,
        "Operating Income": -18135000.0,
        "Operating Expense": 70369000.0,
        "Selling General And Administration": 70369000.0,
        "Gross Profit": 52234000.0,
        "Cost Of Revenue": 93773000.0,
        "Total Revenue": 146007000.0,
        "Operating Revenue": 146007000.0
    },
    "2022-03-31": {
        "Diluted EPS": -0.4,
        "Total Revenue": 132,
        "Gross Profit": 45,
        "Operating Income": -16,
        "EBIT": -8,
        "Net Income": -18
    },
    "2021-12-31": {
        "Diluted EPS": -0.21,
        "Total Revenue": 116,
        "Gross Profit": 41,
        "Operating Income": -8,
        "EBIT": 1,
        "Net Income": -9
    },
    "2021-09-30": {
        "Diluted EPS": -0.05,
        "Total Revenue": 108,
        "Gross Profit": 42,
        "Operating Income": -1,
        "EBIT": 7,
        "Net Income": -2
    },
    "2021-06-30": {
        "Diluted EPS": -0.17,
        "Total Revenue": 109,
        "Gross Profit": 43,
        "Operating Income": -6,
        "EBIT": 1,
        "Net Income": -7
    },
    "2021-03-31": {
        "Diluted EPS": -0.26,
        "Total Revenue": 93,
        "Gross Profit": 36,
        "Operating Income": -10,
        "EBIT": -2,
        "Net Income": -11
    },
    "2020-12-31": {
        "Diluted EPS": -0.07,
        "Total Revenue": 85,
        "Gross Profit": 31,
        "Operating Income": -3,
        "EBIT": 3,
        "Net Income": -3
    },
    "2020-09-30": {
        "Diluted EPS": 0.09,
        "Total Revenue": 84,
        "Gross Profit": 37,
        "Operating Income": 4,
        "EBIT": 9,
        "Net Income": 4
    },
    "2020-06-30": {
        "Diluted EPS": 0.0,
        "Total Revenue": 80,
        "Gross Profit": 34,
        "Operating Income": 0,
        "EBIT": 6,
        "Net Income": 0
    },
    "2020-03-31": {
        "Diluted EPS": -0.1,
        "Total Revenue": 70,
        "Gross Profit": 32,
        "Operating Income": -3,
        "EBIT": 2,
        "Net Income": -4
    },
    "2019-12-31": {
        "Diluted EPS": 0.14,
        "Total Revenue": 66,
        "Gross Profit": 30,
        "Operating Income": 5,
        "EBIT": 9,
        "Net Income": 5
    },
    "2019-09-30": {
        "Diluted EPS": 0.08,
        "Total Revenue": 65,
        "Gross Profit": 31,
        "Operating Income": 4,
        "EBIT": 8,
        "Net Income": 3
    },
    "2019-06-30": {
        "Diluted EPS": -0.16,
        "Total Revenue": 60,
        "Gross Profit": 27,
        "Operating Income": -5,
        "EBIT": -1,
        "Net Income": -6
    },
    "2019-03-31": {
        "Diluted EPS": -0.1,
        "Total Revenue": 55,
        "Gross Profit": 26,
        "Operating Income": -3,
        "EBIT": 0,
        "Net Income": -3
    },
    "2018-12-31": {
        "Diluted EPS": 0.05,
        "Total Revenue": 52,
        "Gross Profit": 23,
        "Operating Income": 2,
        "EBIT": 6,
        "Net Income": 2
    },
    "2018-09-30": {
        "Diluted EPS": 0.0,
        "Total Revenue": 51,
        "Gross Profit": 24,
        "Operating Income": 0,
        "EBIT": 4,
        "Net Income": 0
    },
    "2018-06-30": {
        "Diluted EPS": -0.1,
        "Total Revenue": 48,
        "Gross Profit": 23,
        "Operating Income": -3,
        "EBIT": 0,
        "Net Income": -4
    },
    "2018-03-31": {
        "Diluted EPS": -0.1,
        "Total Revenue": 43,
        "Gross Profit": 20,
        "Operating Income": -3,
        "EBIT": 0,
        "Net Income": -4
    },
    "2017-12-31": {
        "Diluted EPS": 0.06,
        "Total Revenue": 40,
        "Gross Profit": 19,
        "Operating Income": 2,
        "EBIT": 5,
        "Net Income": 2
    },
    "2017-09-30": {
        "Diluted EPS": -0.01,
        "Total Revenue": 40,
        "Gross Profit": 20,
        "Operating Income": 0,
        "EBIT": 4,
        "Net Income": 0
    },
    "2017-06-30": {
        "Diluted EPS": -0.08,
        "Total Revenue": 39,
        "Gross Profit": 18,
        "Operating Income": -2,
        "EBIT": 1,
        "Net Income": -3
    },
    "2017-03-31": {
        "Diluted EPS": -0.09,
        "Total Revenue": 34,
        "Gross Profit": 16,
        "Operating Income": -3,
        "EBIT": 0,
        "Net Income": -3
    },
    "2016-12-31": {
        "Diluted EPS": 0.04,
        "Total Revenue": 31,
        "Gross Profit": 15,
        "Operating Income": 2,
        "EBIT": 5,
        "Net Income": 1
    },
    "2016-09-30": {
        "Diluted EPS": 0.02,
        "Total Revenue": 35,
        "Gross Profit": 15,
        "Operating Income": 1,
        "EBIT": 4,
        "Net Income": 1
    },
    "2016-06-30": {
        "Diluted EPS": -0.1,
        "Total Revenue": 33,
        "Gross Profit": 15,
        "Operating Income": -3,
        "EBIT": -1,
        "Net Income": -3
    },
    "2016-03-31": {
        "Diluted EPS": -0.05,
        "Total Revenue": 31,
        "Gross Profit": 15,
        "Operating Income": -2,
        "EBIT": 1,
        "Net Income": -2
    },
    "2015-12-31": {
        "Diluted EPS": 0.09,
        "Total Revenue": 30,
        "Gross Profit": 14,
        "Operating Income": 3,
        "EBIT": 5,
        "Net Income": 3
    },
    "2015-09-30": {
        "Diluted EPS": -0.05,
        "Total Revenue": 31,
        "Gross Profit": 14,
        "Operating Income": -2,
        "EBIT": 0,
        "Net Income": -2
    },
    "2015-06-30": {
        "Diluted EPS": -0.07,
        "Total Revenue": 28,
        "Gross Profit": 14,
        "Operating Income": -2,
        "EBIT": 0,
        "Net Income": -2
    },
    "2015-03-31": {
        "Diluted EPS": -0.08,
        "Total Revenue": 27,
        "Gross Profit": 13,
        "Operating Income": -2,
        "EBIT": -1,
        "Net Income": -3
    },
    "2014-12-31": {
        "Diluted EPS": -7.14,
        "Total Revenue": 25,
        "Gross Profit": 12,
        "Operating Income": 1,
        "EBIT": 3,
        "Net Income": -101
    },
    "2014-09-30": {
        "Diluted EPS": -1.19,
        "Total Revenue": 23,
        "Gross Profit": 11,
        "Operating Income": -1,
        "EBIT": 0,
        "Net Income": -12
    },
    "2014-06-30": {
        "Diluted EPS": -0.77,
        "Total Revenue": 20,
        "Gross Profit": 10,
        "Operating Income": -3,
        "EBIT": -2,
        "Net Income": -11
    },
    "2014-03-31": {
        "Diluted EPS": -0.53,
        "Total Revenue": 19,
        "Gross Profit": 9,
        "Operating Income": -2,
        "EBIT": -1,
        "Net Income": -7
    },
    "2013-12-31": {
        "Diluted EPS": 0.0,
        "Total Revenue": NaN,
        "Gross Profit": NaN,
        "Operating Income": NaN,
        "EBIT": NaN,
        "Net Income": NaN
    },
    "2013-09-30": {
        "Diluted EPS": -0.83,
        "Total Revenue": 17,
        "Gross Profit": 7,
        "Operating Income": -4,
        "EBIT": -3,
        "Net Income": -9
    },
    "2013-06-30": {
        "Diluted EPS": 0.0,
        "Total Revenue": NaN,
        "Gross Profit": NaN,
        "Operating Income": NaN,
        "EBIT": NaN,
        "Net Income": NaN
    },
    "2012-12-31": {
        "Diluted EPS": 0.0,
        "Total Revenue": NaN,
        "Gross Profit": NaN,
        "Operating Income": NaN,
        "EBIT": NaN,
        "Net Income": NaN
    },
    "2023-06-30": {
        "Tax Effect Of Unusual Items": 0.0,
        "Tax Rate For Calcs": 0.21,
        "Normalized EBITDA": 1795000.0,
        "Total Unusual Items": NaN,
        "Total Unusual Items Excluding Goodwill": NaN,
        "Net Income From Continuing Operation Net Minority Interest": -16952000.0,
        "Reconciled Depreciation": 14438000.0,
        "Reconciled Cost Of Revenue": 124087000.0,
        "EBITDA": 1795000.0,
        "EBIT": -12643000.0,
        "Net Interest Income": 779000.0,
        "Interest Expense": 3329000.0,
        "Interest Income": 4108000.0,
        "Normalized Income": -16952000.0,
        "Net Income From Continuing And Discontinued Operation": -16952000.0,
        "Total Expenses": 200083000.0,
        "Total Operating Income As Reported": -16752000.0,
        "Diluted Average Shares": 48132000.0,
        "Basic Average Shares": 48132000.0,
        "Diluted EPS": -0.35,
        "Basic EPS": -0.35,
        "Diluted NI Availto Com Stockholders": -16952000.0,
        "Net Income Common Stockholders": -16952000.0,
        "Net Income": -16952000.0,
        "Net Income Including Noncontrolling Interests": -16952000.0,
        "Net Income Continuous Operations": -16952000.0,
        "Earnings From Equity Interest Net Of Tax": -910000.0,
        "Tax Provision": 70000.0,
        "Pretax Income": -15972000.0,
        "Other Income Expense": NaN,
        "Other Non Operating Income Expenses": NaN,
        "Gain On Sale Of Security": NaN,
        "Net Non Operating Interest Income Expense": 779000.0,
        "Interest Expense Non Operating": 3329000.0,
        "Interest Income Non Operating": 4108000.0,
        "Operating Income": -16752000.0,
        "Operating Expense": 75996000.0,
        "Selling General And Administration": 75996000.0,
        "Gross Profit": 59244000.0,
        "Cost Of Revenue": 124087000.0,
        "Total Revenue": 183331000.0,
        "Operating Revenue": 183331000.0
    },
    "2023-09-30": {
        "Tax Effect Of Unusual Items": NaN,
        "Tax Rate For Calcs": NaN,
        "Normalized EBITDA": NaN,
        "Total Unusual Items": NaN,
        "Total Unusual Items Excluding Goodwill": NaN,
        "Net Income From Continuing Operation Net Minority Interest": NaN,
        "Reconciled Depreciation": NaN,
        "Reconciled Cost Of Revenue": NaN,
        "EBITDA": NaN,
        "EBIT": NaN,
        "Net Interest Income": NaN,
        "Interest Expense": NaN,
        "Interest Income": NaN,
        "Normalized Income": NaN,
        "Net Income From Continuing And Discontinued Operation": NaN,
        "Total Expenses": NaN,
        "Total Operating Income As Reported": NaN,
        "Diluted Average Shares": NaN,
        "Basic Average Shares": NaN,
        "Diluted EPS": NaN,
        "Basic EPS": NaN,
        "Diluted NI Availto Com Stockholders": NaN,
        "Net Income Common Stockholders": NaN,
        "Net Income": NaN,
        "Net Income Including Noncontrolling Interests": NaN,
        "Net Income Continuous Operations": NaN,
        "Earnings From Equity Interest Net Of Tax": NaN,
        "Tax Provision": NaN,
        "Pretax Income": NaN,
        "Other Income Expense": NaN,
        "Earnings From Equity Interest": 0.0,
        "Gain On Sale Of Security": NaN,
        "Net Non Operating Interest Income Expense": NaN,
        "Interest Expense Non Operating": NaN,
        "Interest Income Non Operating": NaN,
        "Operating Income": NaN,
        "Operating Expense": NaN,
        "Selling General And Administration": NaN,
        "Gross Profit": NaN,
        "Cost Of Revenue": NaN,
        "Total Revenue": NaN,
        "Operating Revenue": NaN
    },
    "2023-12-31": {
        "Tax Effect Of Unusual Items": NaN,
        "Tax Rate For Calcs": NaN,
        "Normalized EBITDA": NaN,
        "Total Unusual Items": NaN,
        "Total Unusual Items Excluding Goodwill": NaN,
        "Net Income From Continuing Operation Net Minority Interest": NaN,
        "Reconciled Depreciation": NaN,
        "Reconciled Cost Of Revenue": NaN,
        "EBITDA": NaN,
        "EBIT": NaN,
        "Net Interest Income": NaN,
        "Interest Expense": NaN,
        "Interest Income": NaN,
        "Normalized Income": NaN,
        "Net Income From Continuing And Discontinued Operation": NaN,
        "Total Expenses": NaN,
        "Total Operating Income As Reported": NaN,
        "Diluted Average Shares": NaN,
        "Basic Average Shares": NaN,
        "Diluted EPS": NaN,
        "Basic EPS": NaN,
        "Diluted NI Availto Com Stockholders": NaN,
        "Net Income Common Stockholders": NaN,
        "Net Income": NaN,
        "Net Income Including Noncontrolling Interests": NaN,
        "Net Income Continuous Operations": NaN,
        "Earnings From Equity Interest Net Of Tax": 0.0,
        "Tax Provision": NaN,
        "Pretax Income": NaN,
        "Other Income Expense": NaN,
        "Earnings From Equity Interest": NaN,
        "Gain On Sale Of Security": NaN,
        "Net Non Operating Interest Income Expense": NaN,
        "Interest Expense Non Operating": NaN,
        "Interest Income Non Operating": NaN,
        "Operating Income": NaN,
        "Operating Expense": NaN,
        "Selling General And Administration": NaN,
        "Gross Profit": NaN,
        "Cost Of Revenue": NaN,
        "Total Revenue": NaN,
        "Operating Revenue": NaN
    },
    "2024-03-31": {
        "Tax Effect Of Unusual Items": NaN,
        "Tax Rate For Calcs": NaN,
        "Normalized EBITDA": NaN,
        "Total Unusual Items": 9918000.0,
        "Total Unusual Items Excluding Goodwill": 9918000.0,
        "Net Income From Continuing Operation Net Minority Interest": NaN,
        "Reconciled Depreciation": NaN,
        "Reconciled Cost Of Revenue": NaN,
        "EBITDA": NaN,
        "EBIT": NaN,
        "Net Interest Income": NaN,
        "Interest Expense": NaN,
        "Interest Income": NaN,
        "Normalized Income": NaN,
        "Net Income From Continuing And Discontinued Operation": NaN,
        "Total Expenses": NaN,
        "Total Operating Income As Reported": NaN,
        "Diluted Average Shares": NaN,
        "Basic Average Shares": NaN,
        "Diluted EPS": NaN,
        "Basic EPS": NaN,
        "Diluted NI Availto Com Stockholders": NaN,
        "Average Dilution Earnings": NaN,
        "Net Income Common Stockholders": NaN,
        "Net Income": NaN,
        "Net Income Including Noncontrolling Interests": NaN,
        "Net Income Continuous Operations": NaN,
        "Earnings From Equity Interest Net Of Tax": 0.0,
        "Tax Provision": NaN,
        "Pretax Income": NaN,
        "Other Income Expense": 9918000.0,
        "Earnings From Equity Interest": NaN,
        "Gain On Sale Of Security": 9918000.0,
        "Net Non Operating Interest Income Expense": NaN,
        "Interest Expense Non Operating": NaN,
        "Interest Income Non Operating": NaN,
        "Operating Income": NaN,
        "Operating Expense": NaN,
        "Selling General And Administration": NaN,
        "Gross Profit": NaN,
        "Cost Of Revenue": NaN,
        "Total Revenue": NaN,
        "Operating Revenue": NaN
    },
    "2024-06-30": {
        "Tax Effect Of Unusual Items": NaN,
        "Tax Rate For Calcs": NaN,
        "Normalized EBITDA": NaN,
        "Total Unusual Items": NaN,
        "Total Unusual Items Excluding Goodwill": NaN,
        "Net Income From Continuing Operation Net Minority Interest": NaN,
        "Reconciled Depreciation": NaN,
        "Reconciled Cost Of Revenue": NaN,
        "EBITDA": NaN,
        "EBIT": NaN,
        "Net Interest Income": NaN,
        "Interest Expense": NaN,
        "Interest Income": NaN,
        "Normalized Income": NaN,
        "Net Income From Continuing And Discontinued Operation": NaN,
        "Total Expenses": NaN,
        "Total Operating Income As Reported": NaN,
        "Diluted Average Shares": NaN,
        "Basic Average Shares": NaN,
        "Diluted EPS": NaN,
        "Basic EPS": NaN,
        "Diluted NI Availto Com Stockholders": NaN,
        "Average Dilution Earnings": NaN,
        "Net Income Common Stockholders": NaN,
        "Net Income": NaN,
        "Net Income Including Noncontrolling Interests": NaN,
        "Net Income Continuous Operations": NaN,
        "Earnings From Equity Interest Net Of Tax": 0.0,
        "Tax Provision": NaN,
        "Pretax Income": NaN,
        "Other Income Expense": NaN,
        "Earnings From Equity Interest": NaN,
        "Gain On Sale Of Security": NaN,
        "Net Non Operating Interest Income Expense": NaN,
        "Interest Expense Non Operating": NaN,
        "Interest Income Non Operating": NaN,
        "Operating Income": NaN,
        "Operating Expense": NaN,
        "Selling General And Administration": NaN,
        "Gross Profit": NaN,
        "Cost Of Revenue": NaN,
        "Total Revenue": NaN,
        "Operating Revenue": NaN
    },
    "2024-09-30": {
        "Tax Effect Of Unusual Items": 0.0,
        "Tax Rate For Calcs": 0.005,
        "Normalized EBITDA": 33797000.0,
        "Total Unusual Items": NaN,
        "Total Unusual Items Excluding Goodwill": NaN,
        "Net Income From Continuing Operation Net Minority Interest": 11895000.0,
        "Reconciled Depreciation": 18925000.0,
        "Reconciled Cost Of Revenue": 151120000.0,
        "EBITDA": 33797000.0,
        "EBIT": 14872000.0,
        "Net Interest Income": 40000.0,
        "Interest Expense": 2923000.0,
        "Interest Income": 2963000.0,
        "Normalized Income": 11895000.0,
        "Net Income From Continuing And Discontinued Operation": 11895000.0,
        "Total Expenses": 241458000.0,
        "Total Operating Income As Reported": 11909000.0,
        "Diluted Average Shares": 50282000.0,
        "Basic Average Shares": 48509000.0,
        "Diluted EPS": 0.24,
        "Basic EPS": 0.25,
        "Diluted NI Availto Com Stockholders": 11895000.0,
        "Average Dilution Earnings": NaN,
        "Net Income Common Stockholders": 11895000.0,
        "Net Income": 11895000.0,
        "Net Income Including Noncontrolling Interests": 11895000.0,
        "Net Income Continuous Operations": 11895000.0,
        "Earnings From Equity Interest Net Of Tax": 0.0,
        "Tax Provision": 54000.0,
        "Pretax Income": 11949000.0,
        "Other Income Expense": NaN,
        "Earnings From Equity Interest": 0.0,
        "Gain On Sale Of Security": NaN,
        "Net Non Operating Interest Income Expense": 40000.0,
        "Interest Expense Non Operating": 2923000.0,
        "Interest Income Non Operating": 2963000.0,
        "Operating Income": 11909000.0,
        "Operating Expense": 90338000.0,
        "Selling General And Administration": 90338000.0,
        "Gross Profit": 102247000.0,
        "Cost Of Revenue": 151120000.0,
        "Total Revenue": 253367000.0,
        "Operating Revenue": 253367000.0
    },
    "2024-12-31": {
        "Tax Effect Of Unusual Items": 0.0,
        "Tax Rate For Calcs": 0.023494,
        "Normalized EBITDA": 43452000.0,
        "Total Unusual Items": NaN,
        "Total Unusual Items Excluding Goodwill": NaN,
        "Net Income From Continuing Operation Net Minority Interest": 18122000.0,
        "Reconciled Depreciation": 21366000.0,
        "Reconciled Cost Of Revenue": 151109000.0,
        "EBITDA": 43452000.0,
        "EBIT": 22086000.0,
        "Net Interest Income": -818000.0,
        "Interest Expense": 3528000.0,
        "Interest Income": 2710000.0,
        "Normalized Income": 18122000.0,
        "Net Income From Continuing And Discontinued Operation": 18122000.0,
        "Total Expenses": 243332000.0,
        "Total Operating Income As Reported": 19376000.0,
        "Diluted Average Shares": 50407000.0,
        "Basic Average Shares": 48642000.0,
        "Diluted EPS": 0.36,
        "Basic EPS": 0.37,
        "Diluted NI Availto Com Stockholders": 18122000.0,
        "Average Dilution Earnings": NaN,
        "Net Income Common Stockholders": 18122000.0,
        "Net Income": 18122000.0,
        "Net Income Including Noncontrolling Interests": 18122000.0,
        "Net Income Continuous Operations": 18122000.0,
        "Earnings From Equity Interest Net Of Tax": 0.0,
        "Tax Provision": 436000.0,
        "Pretax Income": 18558000.0,
        "Other Income Expense": 0.0,
        "Earnings From Equity Interest": 0.0,
        "Gain On Sale Of Security": NaN,
        "Net Non Operating Interest Income Expense": -818000.0,
        "Interest Expense Non Operating": 3528000.0,
        "Interest Income Non Operating": 2710000.0,
        "Operating Income": 19376000.0,
        "Operating Expense": 92223000.0,
        "Selling General And Administration": 92223000.0,
        "Gross Profit": 111599000.0,
        "Cost Of Revenue": 151109000.0,
        "Total Revenue": 262708000.0,
        "Operating Revenue": 262708000.0
    },
    "2025-03-31": {
        "Tax Effect Of Unusual Items": 0.0,
        "Tax Rate For Calcs": 0.21,
        "Normalized EBITDA": 12723000.0,
        "Total Unusual Items": NaN,
        "Total Unusual Items Excluding Goodwill": NaN,
        "Net Income From Continuing Operation Net Minority Interest": -12697000.0,
        "Reconciled Depreciation": 21827000.0,
        "Reconciled Cost Of Revenue": 159461000.0,
        "EBITDA": 12723000.0,
        "EBIT": -9104000.0,
        "Net Interest Income": -1066000.0,
        "Interest Expense": 3459000.0,
        "Interest Income": 2393000.0,
        "Normalized Income": -12697000.0,
        "Net Income From Continuing And Discontinued Operation": -12697000.0,
        "Total Expenses": 274746000.0,
        "Total Operating Income As Reported": -11497000.0,
        "Diluted Average Shares": 48733000.0,
        "Basic Average Shares": 48733000.0,
        "Diluted EPS": -0.26,
        "Basic EPS": -0.26,
        "Diluted NI Availto Com Stockholders": -12697000.0,
        "Average Dilution Earnings": NaN,
        "Net Income Common Stockholders": -12697000.0,
        "Net Income": -12697000.0,
        "Net Income Including Noncontrolling Interests": -12697000.0,
        "Net Income Continuous Operations": -12697000.0,
        "Earnings From Equity Interest Net Of Tax": NaN,
        "Tax Provision": 134000.0,
        "Pretax Income": -12563000.0,
        "Other Income Expense": NaN,
        "Earnings From Equity Interest": 0.0,
        "Gain On Sale Of Security": NaN,
        "Net Non Operating Interest Income Expense": -1066000.0,
        "Interest Expense Non Operating": 3459000.0,
        "Interest Income Non Operating": 2393000.0,
        "Operating Income": -11497000.0,
        "Operating Expense": 115285000.0,
        "Selling General And Administration": 115285000.0,
        "Gross Profit": 103788000.0,
        "Cost Of Revenue": 159461000.0,
        "Total Revenue": 263249000.0,
        "Operating Revenue": 263249000.0
    },
    "2025-06-30": {
        "Tax Effect Of Unusual Items": 0.0,
        "Tax Rate For Calcs": 0.21,
        "Normalized EBITDA": 40612000.0,
        "Total Unusual Items": NaN,
        "Total Unusual Items Excluding Goodwill": NaN,
        "Net Income From Continuing Operation Net Minority Interest": 16356000.0,
        "Reconciled Depreciation": 20609000.0,
        "Reconciled Cost Of Revenue": 156499000.0,
        "EBITDA": 40612000.0,
        "EBIT": 20003000.0,
        "Net Interest Income": -1550000.0,
        "Interest Expense": 3749000.0,
        "Interest Income": 2199000.0,
        "Normalized Income": 16356000.0,
        "Net Income From Continuing And Discontinued Operation": 16356000.0,
        "Total Expenses": 246885000.0,
        "Total Operating Income As Reported": 17804000.0,
        "Diluted Average Shares": 50198000.0,
        "Basic Average Shares": 48778000.0,
        "Diluted EPS": 0.33,
        "Basic EPS": 0.34,
        "Diluted NI Availto Com Stockholders": 16356000.0,
        "Average Dilution Earnings": NaN,
        "Net Income Common Stockholders": 16356000.0,
        "Net Income": 16356000.0,
        "Net Income Including Noncontrolling Interests": 16356000.0,
        "Net Income Continuous Operations": 16356000.0,
        "Earnings From Equity Interest Net Of Tax": NaN,
        "Tax Provision": -102000.0,
        "Pretax Income": 16254000.0,
        "Other Income Expense": NaN,
        "Earnings From Equity Interest": 0.0,
        "Gain On Sale Of Security": NaN,
        "Net Non Operating Interest Income Expense": -1550000.0,
        "Interest Expense Non Operating": 3749000.0,
        "Interest Income Non Operating": 2199000.0,
        "Operating Income": 17804000.0,
        "Operating Expense": 90386000.0,
        "Selling General And Administration": 90386000.0,
        "Gross Profit": 108190000.0,
        "Cost Of Revenue": 156499000.0,
        "Total Revenue": 264689000.0,
        "Operating Revenue": 264689000.0
    },
    "2025-09-30": {
        "Tax Effect Of Unusual Items": 0.0,
        "Tax Rate For Calcs": 0.21,
        "Normalized EBITDA": 51619000.0,
        "Total Unusual Items": NaN,
        "Total Unusual Items Excluding Goodwill": NaN,
        "Net Income From Continuing Operation Net Minority Interest": 101663000.0,
        "Reconciled Depreciation": 24362000.0,
        "Reconciled Cost Of Revenue": 174656000.0,
        "EBITDA": 51619000.0,
        "EBIT": 27257000.0,
        "Net Interest Income": -1196000.0,
        "Interest Expense": 3552000.0,
        "Interest Income": 2356000.0,
        "Normalized Income": 101663000.0,
        "Net Income From Continuing And Discontinued Operation": 101663000.0,
        "Total Expenses": 263947000.0,
        "Total Operating Income As Reported": 24901000.0,
        "Diluted Average Shares": 55875000.0,
        "Basic Average Shares": 48787000.0,
        "Diluted EPS": 1.86,
        "Basic EPS": 2.08,
        "Diluted NI Availto Com Stockholders": 103867000.0,
        "Average Dilution Earnings": 2204000.0,
        "Net Income Common Stockholders": 101663000.0,
        "Net Income": 101663000.0,
        "Net Income Including Noncontrolling Interests": 101663000.0,
        "Net Income Continuous Operations": 101663000.0,
        "Earnings From Equity Interest Net Of Tax": NaN,
        "Tax Provision": -77958000.0,
        "Pretax Income": 23705000.0,
        "Other Income Expense": NaN,
        "Earnings From Equity Interest": 0.0,
        "Gain On Sale Of Security": NaN,
        "Net Non Operating Interest Income Expense": -1196000.0,
        "Interest Expense Non Operating": 3552000.0,
        "Interest Income Non Operating": 2356000.0,
        "Operating Income": 24901000.0,
        "Operating Expense": 89291000.0,
        "Selling General And Administration": 89291000.0,
        "Gross Profit": 114192000.0,
        "Cost Of Revenue": 174656000.0,
        "Total Revenue": 288848000.0,
        "Operating Revenue": 288848000.0
    }
}