{
    "2023-03-31": {
        "Tax Effect Of Unusual Items": 0.0,
        "Tax Rate For Calcs": 0.21,
        "Normalized EBITDA": -44995000.0,
        "Net Income From Continuing Operation Net Minority Interest": -42664000.0,
        "Reconciled Depreciation": 3112000.0,
        "Reconciled Cost Of Revenue": 25236000.0,
        "EBITDA": -44995000.0,
        "EBIT": -48107000.0,
        "Net Interest Income": 9270000.0,
        "Interest Income": 9270000.0,
        "Normalized Income": -42664000.0,
        "Net Income From Continuing And Discontinued Operation": -42664000.0,
        "Total Expenses": 185799000.0,
        "Total Operating Income As Reported": -48107000.0,
        "Diluted Average Shares": 290133000.0,
        "Basic Average Shares": 290133000.0,
        "Diluted EPS": -0.15,
        "Basic EPS": -0.15,
        "Diluted NI Availto Com Stockholders": -42664000.0,
        "Net Income Common Stockholders": -42664000.0,
        "Otherunder Preferred Stock Dividend": NaN,
        "Net Income": -42664000.0,
        "Net Income Including Noncontrolling Interests": -42664000.0,
        "Net Income Continuous Operations": -42664000.0,
        "Tax Provision": 4036000.0,
        "Pretax Income": -38628000.0,
        "Other Income Expense": 209000.0,
        "Other Non Operating Income Expenses": 209000.0,
        "Net Non Operating Interest Income Expense": 9270000.0,
        "Interest Income Non Operating": 9270000.0,
        "Operating Income": -48107000.0,
        "Operating Expense": 160563000.0,
        "Research And Development": 32857000.0,
        "Selling General And Administration": 127706000.0,
        "Selling And Marketing Expense": 86810000.0,
        "General And Administrative Expense": 40896000.0,
        "Other Gand A": 40896000.0,
        "Gross Profit": 112456000.0,
        "Cost Of Revenue": 25236000.0,
        "Total Revenue": 137692000.0,
        "Operating Revenue": 137692000.0
    },
    "2022-12-31": {
        "Tax Effect Of Unusual Items": NaN,
        "Tax Rate For Calcs": NaN,
        "Normalized EBITDA": NaN,
        "Net Income From Continuing Operation Net Minority Interest": NaN,
        "Reconciled Depreciation": NaN,
        "Reconciled Cost Of Revenue": NaN,
        "EBITDA": NaN,
        "EBIT": NaN,
        "Net Interest Income": NaN,
        "Interest Income": NaN,
        "Normalized Income": NaN,
        "Net Income From Continuing And Discontinued Operation": NaN,
        "Total Expenses": NaN,
        "Total Operating Income As Reported": NaN,
        "Diluted Average Shares": NaN,
        "Basic Average Shares": NaN,
        "Diluted EPS": NaN,
        "Basic EPS": NaN,
        "Diluted NI Availto Com Stockholders": NaN,
        "Net Income Common Stockholders": NaN,
        "Otherunder Preferred Stock Dividend": 0.0,
        "Net Income": NaN,
        "Net Income Including Noncontrolling Interests": NaN,
        "Net Income Continuous Operations": NaN,
        "Tax Provision": NaN,
        "Pretax Income": NaN,
        "Other Income Expense": NaN,
        "Other Non Operating Income Expenses": NaN,
        "Net Non Operating Interest Income Expense": NaN,
        "Interest Income Non Operating": NaN,
        "Operating Income": NaN,
        "Operating Expense": NaN,
        "Research And Development": NaN,
        "Selling General And Administration": NaN,
        "Selling And Marketing Expense": NaN,
        "General And Administrative Expense": NaN,
        "Other Gand A": NaN,
        "Gross Profit": NaN,
        "Cost Of Revenue": NaN,
        "Total Revenue": NaN,
        "Operating Revenue": NaN
    },
    "2022-09-30": {
        "Tax Effect Of Unusual Items": NaN,
        "Tax Rate For Calcs": NaN,
        "Normalized EBITDA": NaN,
        "Net Income From Continuing Operation Net Minority Interest": NaN,
        "Reconciled Depreciation": NaN,
        "Reconciled Cost Of Revenue": NaN,
        "EBITDA": NaN,
        "EBIT": NaN,
        "Net Interest Income": NaN,
        "Interest Income": NaN,
        "Normalized Income": NaN,
        "Net Income From Continuing And Discontinued Operation": NaN,
        "Total Expenses": NaN,
        "Total Operating Income As Reported": NaN,
        "Diluted Average Shares": NaN,
        "Basic Average Shares": NaN,
        "Diluted EPS": NaN,
        "Basic EPS": NaN,
        "Diluted NI Availto Com Stockholders": NaN,
        "Net Income Common Stockholders": NaN,
        "Otherunder Preferred Stock Dividend": 0.0,
        "Net Income": NaN,
        "Net Income Including Noncontrolling Interests": NaN,
        "Net Income Continuous Operations": NaN,
        "Tax Provision": NaN,
        "Pretax Income": NaN,
        "Other Income Expense": NaN,
        "Other Non Operating Income Expenses": NaN,
        "Net Non Operating Interest Income Expense": NaN,
        "Interest Income Non Operating": NaN,
        "Operating Income": NaN,
        "Operating Expense": NaN,
        "Research And Development": NaN,
        "Selling General And Administration": NaN,
        "Selling And Marketing Expense": NaN,
        "General And Administrative Expense": NaN,
        "Other Gand A": NaN,
        "Gross Profit": NaN,
        "Cost Of Revenue": NaN,
        "Total Revenue": NaN,
        "Operating Revenue": NaN
    },
    "2022-06-30": {
        "Tax Effect Of Unusual Items": 0.0,
        "Tax Rate For Calcs": 0.4,
        "Normalized EBITDA": -64546000.0,
        "Net Income From Continuing Operation Net Minority Interest": -69753000.0,
        "Reconciled Depreciation": 2806000.0,
        "Reconciled Cost Of Revenue": 24042000.0,
        "EBITDA": -64546000.0,
        "EBIT": -67352000.0,
        "Net Interest Income": -242000.0,
        "Interest Income": 2109000.0,
        "Normalized Income": -69753000.0,
        "Net Income From Continuing And Discontinued Operation": -69753000.0,
        "Total Expenses": 188784000.0,
        "Total Operating Income As Reported": -67352000.0,
        "Diluted Average Shares": 284761000.0,
        "Basic Average Shares": 284761000.0,
        "Diluted EPS": -0.24,
        "Basic EPS": -0.24,
        "Diluted NI Availto Com Stockholders": -69753000.0,
        "Net Income Common Stockholders": -69753000.0,
        "Otherunder Preferred Stock Dividend": 0.0,
        "Net Income": -69753000.0,
        "Net Income Including Noncontrolling Interests": -69753000.0,
        "Net Income Continuous Operations": -69753000.0,
        "Tax Provision": 2159000.0,
        "Pretax Income": -67594000.0,
        "Other Income Expense": -2351000.0,
        "Other Non Operating Income Expenses": -2351000.0,
        "Net Non Operating Interest Income Expense": -242000.0,
        "Total Other Finance Cost": 242000.0,
        "Interest Income Non Operating": 2109000.0,
        "Operating Income": -67352000.0,
        "Operating Expense": 164742000.0,
        "Research And Development": 34297000.0,
        "Selling General And Administration": 130445000.0,
        "Selling And Marketing Expense": 90038000.0,
        "General And Administrative Expense": 40407000.0,
        "Other Gand A": 40407000.0,
        "Gross Profit": 97390000.0,
        "Cost Of Revenue": 24042000.0,
        "Total Revenue": 121432000.0,
        "Operating Revenue": 121432000.0
    },
    "2023-06-30": {
        "Tax Effect Of Unusual Items": 0.0,
        "Tax Rate For Calcs": 0.21,
        "Normalized EBITDA": -40287000.0,
        "Net Income From Continuing Operation Net Minority Interest": -35658000.0,
        "Reconciled Depreciation": 3002000.0,
        "Reconciled Cost Of Revenue": 24861000.0,
        "EBITDA": -40287000.0,
        "EBIT": -43289000.0,
        "Net Interest Income": 11252000.0,
        "Interest Income": 11252000.0,
        "Normalized Income": -35658000.0,
        "Net Income From Continuing And Discontinued Operation": -35658000.0,
        "Total Expenses": 188368000.0,
        "Total Operating Income As Reported": -43289000.0,
        "Diluted Average Shares": 291995000.0,
        "Basic Average Shares": 291995000.0,
        "Diluted EPS": -0.12,
        "Basic EPS": -0.12,
        "Diluted NI Availto Com Stockholders": -35658000.0,
        "Net Income Common Stockholders": -35658000.0,
        "Net Income": -35658000.0,
        "Net Income Including Noncontrolling Interests": -35658000.0,
        "Net Income Continuous Operations": -35658000.0,
        "Tax Provision": 3585000.0,
        "Pretax Income": -32073000.0,
        "Other Income Expense": -36000.0,
        "Other Non Operating Income Expenses": -36000.0,
        "Net Non Operating Interest Income Expense": 11252000.0,
        "Interest Income Non Operating": 11252000.0,
        "Operating Income": -43289000.0,
        "Operating Expense": 163507000.0,
        "Research And Development": 34180000.0,
        "Selling General And Administration": 129327000.0,
        "Selling And Marketing Expense": 87975000.0,
        "General And Administrative Expense": 41352000.0,
        "Other Gand A": 41352000.0,
        "Gross Profit": 120218000.0,
        "Cost Of Revenue": 24861000.0,
        "Total Revenue": 145079000.0,
        "Operating Revenue": 145079000.0
    },
    "2022-03-31": {
        "Diluted EPS": -0.18,
        "Total Revenue": 115,
        "Gross Profit": 92,
        "Operating Income": -47,
        "EBIT": -39,
        "Net Income": -49
    },
    "2021-12-31": {
        "Diluted EPS": 10.79,
        "Total Revenue": 105,
        "Gross Profit": 85,
        "Operating Income": -56,
        "EBIT": -49,
        "Net Income": 69
    },
    "2021-09-30": {
        "Diluted EPS": -24.72,
        "Total Revenue": 97,
        "Gross Profit": 74,
        "Operating Income": -140,
        "EBIT": -133,
        "Net Income": NaN
    },
    "2021-06-30": {
        "Diluted EPS": -7.79,
        "Total Revenue": 88,
        "Gross Profit": 70,
        "Operating Income": -6,
        "EBIT": 0,
        "Net Income": -605
    },
    "2021-03-31": {
        "Diluted EPS": -0.01,
        "Total Revenue": 81,
        "Gross Profit": 64,
        "Operating Income": -2,
        "EBIT": 5,
        "Net Income": 69
    },
    "2020-12-31": {
        "Diluted EPS": 0.0,
        "Total Revenue": NaN,
        "Gross Profit": NaN,
        "Operating Income": NaN,
        "EBIT": NaN,
        "Net Income": NaN
    },
    "2020-09-30": {
        "Diluted EPS": -3.49,
        "Total Revenue": 66,
        "Gross Profit": 53,
        "Operating Income": 0,
        "EBIT": 5,
        "Net Income": -268
    },
    "2020-06-30": {
        "Diluted EPS": 0.0,
        "Total Revenue": NaN,
        "Gross Profit": NaN,
        "Operating Income": NaN,
        "EBIT": NaN,
        "Net Income": NaN
    },
    "2019-12-31": {
        "Diluted EPS": 0.0,
        "Total Revenue": NaN,
        "Gross Profit": NaN,
        "Operating Income": NaN,
        "EBIT": NaN,
        "Net Income": NaN
    },
    "2023-09-30": {
        "Tax Effect Of Unusual Items": NaN,
        "Tax Rate For Calcs": NaN,
        "Normalized EBITDA": NaN,
        "Net Income From Continuing Operation Net Minority Interest": NaN,
        "Reconciled Depreciation": NaN,
        "Reconciled Cost Of Revenue": NaN,
        "EBITDA": NaN,
        "EBIT": NaN,
        "Net Interest Income": NaN,
        "Interest Income": NaN,
        "Normalized Income": NaN,
        "Net Income From Continuing And Discontinued Operation": NaN,
        "Total Expenses": NaN,
        "Total Operating Income As Reported": NaN,
        "Diluted Average Shares": 294146000.0,
        "Basic Average Shares": 294146000.0,
        "Diluted EPS": -0.11,
        "Basic EPS": -0.11,
        "Diluted NI Availto Com Stockholders": NaN,
        "Net Income Common Stockholders": NaN,
        "Net Income": NaN,
        "Net Income Including Noncontrolling Interests": NaN,
        "Net Income Continuous Operations": NaN,
        "Tax Provision": NaN,
        "Pretax Income": NaN,
        "Other Income Expense": NaN,
        "Other Non Operating Income Expenses": NaN,
        "Net Non Operating Interest Income Expense": NaN,
        "Interest Income Non Operating": NaN,
        "Operating Income": NaN,
        "Operating Expense": NaN,
        "Research And Development": NaN,
        "Selling General And Administration": NaN,
        "Selling And Marketing Expense": NaN,
        "General And Administrative Expense": NaN,
        "Other Gand A": NaN,
        "Gross Profit": NaN,
        "Cost Of Revenue": NaN,
        "Total Revenue": NaN,
        "Operating Revenue": NaN
    },
    "2023-12-31": {
        "Tax Effect Of Unusual Items": NaN,
        "Tax Rate For Calcs": NaN,
        "Normalized EBITDA": NaN,
        "Total Unusual Items": NaN,
        "Total Unusual Items Excluding Goodwill": NaN,
        "Net Income From Continuing Operation Net Minority Interest": NaN,
        "Reconciled Depreciation": NaN,
        "Reconciled Cost Of Revenue": NaN,
        "EBITDA": NaN,
        "EBIT": NaN,
        "Net Interest Income": NaN,
        "Interest Income": NaN,
        "Normalized Income": NaN,
        "Net Income From Continuing And Discontinued Operation": NaN,
        "Total Expenses": NaN,
        "Total Operating Income As Reported": NaN,
        "Diluted Average Shares": 296001000.0,
        "Basic Average Shares": 296001000.0,
        "Diluted EPS": -0.09,
        "Basic EPS": -0.09,
        "Diluted NI Availto Com Stockholders": NaN,
        "Net Income Common Stockholders": NaN,
        "Net Income": NaN,
        "Net Income Including Noncontrolling Interests": NaN,
        "Net Income Continuous Operations": NaN,
        "Tax Provision": NaN,
        "Pretax Income": NaN,
        "Other Income Expense": NaN,
        "Other Non Operating Income Expenses": NaN,
        "Special Income Charges": NaN,
        "Restructuring And Mergern Acquisition": NaN,
        "Net Non Operating Interest Income Expense": NaN,
        "Interest Income Non Operating": NaN,
        "Operating Income": NaN,
        "Operating Expense": NaN,
        "Research And Development": NaN,
        "Selling General And Administration": NaN,
        "Selling And Marketing Expense": NaN,
        "General And Administrative Expense": NaN,
        "Other Gand A": NaN,
        "Gross Profit": NaN,
        "Cost Of Revenue": NaN,
        "Total Revenue": NaN,
        "Operating Revenue": NaN
    },
    "2024-03-31": {
        "Tax Effect Of Unusual Items": NaN,
        "Tax Rate For Calcs": NaN,
        "Normalized EBITDA": NaN,
        "Total Unusual Items": 0.0,
        "Total Unusual Items Excluding Goodwill": 0.0,
        "Net Income From Continuing Operation Net Minority Interest": NaN,
        "Reconciled Depreciation": NaN,
        "Reconciled Cost Of Revenue": NaN,
        "EBITDA": NaN,
        "EBIT": NaN,
        "Net Interest Income": NaN,
        "Interest Income": NaN,
        "Normalized Income": NaN,
        "Net Income From Continuing And Discontinued Operation": NaN,
        "Total Expenses": NaN,
        "Total Operating Income As Reported": NaN,
        "Diluted Average Shares": NaN,
        "Basic Average Shares": NaN,
        "Diluted EPS": NaN,
        "Basic EPS": NaN,
        "Diluted NI Availto Com Stockholders": NaN,
        "Net Income Common Stockholders": NaN,
        "Net Income": NaN,
        "Net Income Including Noncontrolling Interests": NaN,
        "Net Income Continuous Operations": NaN,
        "Tax Provision": NaN,
        "Pretax Income": NaN,
        "Other Income Expense": NaN,
        "Other Non Operating Income Expenses": NaN,
        "Special Income Charges": 0.0,
        "Restructuring And Mergern Acquisition": 0.0,
        "Net Non Operating Interest Income Expense": NaN,
        "Interest Income Non Operating": NaN,
        "Operating Income": NaN,
        "Operating Expense": NaN,
        "Research And Development": NaN,
        "Selling General And Administration": NaN,
        "Selling And Marketing Expense": NaN,
        "General And Administrative Expense": NaN,
        "Other Gand A": NaN,
        "Gross Profit": NaN,
        "Cost Of Revenue": NaN,
        "Total Revenue": NaN,
        "Operating Revenue": NaN
    },
    "2024-06-30": {
        "Tax Effect Of Unusual Items": 0.0,
        "Tax Rate For Calcs": 0.339096,
        "Normalized EBITDA": -40041000.0,
        "Total Unusual Items": 0.0,
        "Total Unusual Items Excluding Goodwill": 0.0,
        "Net Income From Continuing Operation Net Minority Interest": -20184000.0,
        "Reconciled Depreciation": 3746000.0,
        "Reconciled Cost Of Revenue": 28175000.0,
        "EBITDA": -40041000.0,
        "EBIT": -43787000.0,
        "Net Interest Income": 13775000.0,
        "Interest Income": 13775000.0,
        "Normalized Income": -20184000.0,
        "Net Income From Continuing And Discontinued Operation": -20184000.0,
        "Total Expenses": 217918000.0,
        "Total Operating Income As Reported": -43787000.0,
        "Diluted Average Shares": 299805000.0,
        "Basic Average Shares": 299805000.0,
        "Diluted EPS": -0.07,
        "Basic EPS": -0.07,
        "Diluted NI Availto Com Stockholders": -20184000.0,
        "Net Income Common Stockholders": -20184000.0,
        "Net Income": -20184000.0,
        "Net Income Including Noncontrolling Interests": -20184000.0,
        "Net Income Continuous Operations": -20184000.0,
        "Tax Provision": -10356000.0,
        "Pretax Income": -30540000.0,
        "Other Income Expense": -528000.0,
        "Other Non Operating Income Expenses": -528000.0,
        "Special Income Charges": 0.0,
        "Restructuring And Mergern Acquisition": 0.0,
        "Net Non Operating Interest Income Expense": 13775000.0,
        "Interest Income Non Operating": 13775000.0,
        "Operating Income": -43787000.0,
        "Operating Expense": 189743000.0,
        "Research And Development": 40993000.0,
        "Selling General And Administration": 148750000.0,
        "Selling And Marketing Expense": 104248000.0,
        "General And Administrative Expense": 44502000.0,
        "Other Gand A": 44502000.0,
        "Gross Profit": 145956000.0,
        "Cost Of Revenue": 28175000.0,
        "Total Revenue": 174131000.0,
        "Operating Revenue": 174131000.0
    },
    "2024-09-30": {
        "Tax Effect Of Unusual Items": 0.0,
        "Tax Rate For Calcs": 0.21,
        "Normalized EBITDA": -32525000.0,
        "Total Unusual Items": NaN,
        "Total Unusual Items Excluding Goodwill": NaN,
        "Net Income From Continuing Operation Net Minority Interest": -29959000.0,
        "Reconciled Depreciation": 6339000.0,
        "Reconciled Cost Of Revenue": 29806000.0,
        "EBITDA": -32525000.0,
        "EBIT": -38864000.0,
        "Net Interest Income": 12389000.0,
        "Interest Income": 12389000.0,
        "Normalized Income": -29959000.0,
        "Net Income From Continuing And Discontinued Operation": -29959000.0,
        "Total Expenses": 225439000.0,
        "Total Operating Income As Reported": -38864000.0,
        "Diluted Average Shares": 302096000.0,
        "Basic Average Shares": 302096000.0,
        "Diluted EPS": -0.1,
        "Basic EPS": -0.1,
        "Diluted NI Availto Com Stockholders": -29959000.0,
        "Net Income Common Stockholders": -29959000.0,
        "Net Income": -29959000.0,
        "Net Income Including Noncontrolling Interests": -29959000.0,
        "Net Income Continuous Operations": -29959000.0,
        "Tax Provision": 5024000.0,
        "Pretax Income": -24935000.0,
        "Other Income Expense": 1540000.0,
        "Other Non Operating Income Expenses": 1540000.0,
        "Special Income Charges": NaN,
        "Restructuring And Mergern Acquisition": NaN,
        "Net Non Operating Interest Income Expense": 12389000.0,
        "Interest Income Non Operating": 12389000.0,
        "Operating Income": -38864000.0,
        "Operating Expense": 195633000.0,
        "Research And Development": 47885000.0,
        "Selling General And Administration": 147748000.0,
        "Selling And Marketing Expense": 101253000.0,
        "General And Administrative Expense": 46495000.0,
        "Other Gand A": 46495000.0,
        "Gross Profit": 156769000.0,
        "Cost Of Revenue": 29806000.0,
        "Total Revenue": 186575000.0,
        "Operating Revenue": 186575000.0
    },
    "2024-12-31": {
        "Tax Effect Of Unusual Items": 0.0,
        "Tax Rate For Calcs": 0.21,
        "Normalized EBITDA": -7765000.0,
        "Total Unusual Items": NaN,
        "Total Unusual Items Excluding Goodwill": NaN,
        "Net Income From Continuing Operation Net Minority Interest": -21900000.0,
        "Reconciled Depreciation": 6363000.0,
        "Reconciled Cost Of Revenue": 29459000.0,
        "EBITDA": -7765000.0,
        "EBIT": -14128000.0,
        "Net Interest Income": 11625000.0,
        "Interest Income": 11625000.0,
        "Normalized Income": -21900000.0,
        "Net Income From Continuing And Discontinued Operation": -21900000.0,
        "Total Expenses": 208699000.0,
        "Total Operating Income As Reported": -23792000.0,
        "Diluted Average Shares": 303560000.0,
        "Basic Average Shares": 303560000.0,
        "Diluted EPS": -0.07,
        "Basic EPS": -0.07,
        "Diluted NI Availto Com Stockholders": -21900000.0,
        "Net Income Common Stockholders": -21900000.0,
        "Net Income": -21900000.0,
        "Net Income Including Noncontrolling Interests": -21900000.0,
        "Net Income Continuous Operations": -21900000.0,
        "Tax Provision": 5910000.0,
        "Pretax Income": -15990000.0,
        "Other Income Expense": -13487000.0,
        "Other Non Operating Income Expenses": -3823000.0,
        "Special Income Charges": NaN,
        "Restructuring And Mergern Acquisition": NaN,
        "Net Non Operating Interest Income Expense": 11625000.0,
        "Interest Income Non Operating": 11625000.0,
        "Operating Income": -14128000.0,
        "Operating Expense": 179240000.0,
        "Research And Development": 41028000.0,
        "Selling General And Administration": 138212000.0,
        "Selling And Marketing Expense": 90674000.0,
        "General And Administrative Expense": 47538000.0,
        "Other Gand A": 47538000.0,
        "Gross Profit": 165112000.0,
        "Cost Of Revenue": 29459000.0,
        "Total Revenue": 194571000.0,
        "Operating Revenue": 194571000.0
    },
    "2025-03-31": {
        "Tax Effect Of Unusual Items": -85050.0,
        "Tax Rate For Calcs": 0.21,
        "Normalized EBITDA": -3246000.0,
        "Total Unusual Items": -405000.0,
        "Total Unusual Items Excluding Goodwill": -405000.0,
        "Net Income From Continuing Operation Net Minority Interest": -1304000.0,
        "Reconciled Depreciation": 6360000.0,
        "Reconciled Cost Of Revenue": 29878000.0,
        "EBITDA": -3651000.0,
        "EBIT": -10011000.0,
        "Net Interest Income": 11294000.0,
        "Interest Income": 11294000.0,
        "Normalized Income": -984050.0,
        "Net Income From Continuing And Discontinued Operation": -1304000.0,
        "Total Expenses": 206284000.0,
        "Total Operating Income As Reported": -10416000.0,
        "Diluted Average Shares": 301280000.0,
        "Basic Average Shares": 301280000.0,
        "Diluted EPS": 0.0,
        "Basic EPS": 0.0,
        "Diluted NI Availto Com Stockholders": -1304000.0,
        "Net Income Common Stockholders": -1304000.0,
        "Net Income": -1304000.0,
        "Net Income Including Noncontrolling Interests": -1304000.0,
        "Net Income Continuous Operations": -1304000.0,
        "Tax Provision": 3857000.0,
        "Pretax Income": 2553000.0,
        "Other Income Expense": 1270000.0,
        "Other Non Operating Income Expenses": 1675000.0,
        "Special Income Charges": -405000.0,
        "Restructuring And Mergern Acquisition": 405000.0,
        "Net Non Operating Interest Income Expense": 11294000.0,
        "Interest Income Non Operating": 11294000.0,
        "Operating Income": -10011000.0,
        "Operating Expense": 176406000.0,
        "Research And Development": 40001000.0,
        "Selling General And Administration": 136405000.0,
        "Selling And Marketing Expense": 89158000.0,
        "General And Administrative Expense": 47247000.0,
        "Other Gand A": 47247000.0,
        "Gross Profit": 166395000.0,
        "Cost Of Revenue": 29878000.0,
        "Total Revenue": 196273000.0,
        "Operating Revenue": 196273000.0
    },
    "2025-06-30": {
        "Tax Effect Of Unusual Items": 0.0,
        "Tax Rate For Calcs": 0.21,
        "Normalized EBITDA": -2375000.0,
        "Total Unusual Items": 0.0,
        "Total Unusual Items Excluding Goodwill": 0.0,
        "Net Income From Continuing Operation Net Minority Interest": -1739000.0,
        "Reconciled Depreciation": 6281000.0,
        "Reconciled Cost Of Revenue": 31142000.0,
        "EBITDA": -2375000.0,
        "EBIT": -8656000.0,
        "Net Interest Income": 10155000.0,
        "Interest Income": 10155000.0,
        "Normalized Income": -1739000.0,
        "Net Income From Continuing And Discontinued Operation": -1739000.0,
        "Total Expenses": 213334000.0,
        "Total Operating Income As Reported": -8656000.0,
        "Diluted Average Shares": 294435000.0,
        "Basic Average Shares": 294435000.0,
        "Diluted EPS": -0.01,
        "Basic EPS": -0.01,
        "Diluted NI Availto Com Stockholders": -1739000.0,
        "Net Income Common Stockholders": -1739000.0,
        "Net Income": -1739000.0,
        "Net Income Including Noncontrolling Interests": -1739000.0,
        "Net Income Continuous Operations": -1739000.0,
        "Tax Provision": 5630000.0,
        "Pretax Income": 3891000.0,
        "Other Income Expense": 2392000.0,
        "Other Non Operating Income Expenses": 2392000.0,
        "Special Income Charges": 0.0,
        "Restructuring And Mergern Acquisition": 0.0,
        "Net Non Operating Interest Income Expense": 10155000.0,
        "Interest Income Non Operating": 10155000.0,
        "Operating Income": -8656000.0,
        "Operating Expense": 182192000.0,
        "Research And Development": 39943000.0,
        "Selling General And Administration": 142249000.0,
        "Selling And Marketing Expense": 95223000.0,
        "General And Administrative Expense": 47026000.0,
        "Other Gand A": 47026000.0,
        "Gross Profit": 173536000.0,
        "Cost Of Revenue": 31142000.0,
        "Total Revenue": 204678000.0,
        "Operating Revenue": 204678000.0
    }
}