{
    "2023-06-30": {
        "Tax Effect Of Unusual Items": NaN,
        "Tax Rate For Calcs": NaN,
        "Total Unusual Items": -1997000.0,
        "Total Unusual Items Excluding Goodwill": -1997000.0,
        "Net Income From Continuing Operation Net Minority Interest": NaN,
        "Reconciled Depreciation": NaN,
        "Net Interest Income": NaN,
        "Interest Expense": NaN,
        "Interest Income": NaN,
        "Normalized Income": NaN,
        "Net Income From Continuing And Discontinued Operation": NaN,
        "Diluted Average Shares": NaN,
        "Basic Average Shares": NaN,
        "Diluted EPS": NaN,
        "Basic EPS": NaN,
        "Diluted NI Availto Com Stockholders": NaN,
        "Average Dilution Earnings": 0.0,
        "Net Income Common Stockholders": NaN,
        "Net Income": NaN,
        "Minority Interests": 0.0,
        "Net Income Including Noncontrolling Interests": NaN,
        "Net Income Continuous Operations": NaN,
        "Tax Provision": NaN,
        "Pretax Income": NaN,
        "Special Income Charges": -1997000.0,
        "Other Special Charges": 1997000.0,
        "Impairment Of Capital Assets": NaN,
        "Gain On Sale Of Security": 1758000.0,
        "Depreciation Amortization Depletion Income Statement": NaN,
        "Depreciation And Amortization In Income Statement": NaN,
        "Amortization": NaN,
        "Amortization Of Intangibles Income Statement": NaN,
        "Selling General And Administration": NaN,
        "Selling And Marketing Expense": NaN,
        "General And Administrative Expense": NaN,
        "Insurance And Claims": NaN,
        "Salaries And Wages": NaN,
        "Total Revenue": NaN,
        "Operating Revenue": NaN,
        "Occupancy And Equipment": NaN,
        "Professional Expense And Contract Services Expense": NaN,
        "Other Non Interest Expense": NaN
    },
    "2023-03-31": {
        "Tax Effect Of Unusual Items": 0.0,
        "Tax Rate For Calcs": 0.223852,
        "Total Unusual Items": 0.0,
        "Total Unusual Items Excluding Goodwill": 0.0,
        "Net Income From Continuing Operation Net Minority Interest": 8363000.0,
        "Reconciled Depreciation": 2138000.0,
        "Net Interest Income": 25322000.0,
        "Interest Expense": 18936000.0,
        "Interest Income": 44258000.0,
        "Normalized Income": 8363000.0,
        "Net Income From Continuing And Discontinued Operation": 8363000.0,
        "Diluted Average Shares": NaN,
        "Basic Average Shares": NaN,
        "Diluted EPS": NaN,
        "Basic EPS": NaN,
        "Diluted NI Availto Com Stockholders": 8363000.0,
        "Average Dilution Earnings": NaN,
        "Net Income Common Stockholders": 8363000.0,
        "Net Income": 8363000.0,
        "Minority Interests": NaN,
        "Net Income Including Noncontrolling Interests": 8363000.0,
        "Net Income Continuous Operations": 8363000.0,
        "Tax Provision": 2412000.0,
        "Pretax Income": 10775000.0,
        "Special Income Charges": NaN,
        "Impairment Of Capital Assets": NaN,
        "Gain On Sale Of Security": 11404000.0,
        "Depreciation Amortization Depletion Income Statement": 317000.0,
        "Depreciation And Amortization In Income Statement": 317000.0,
        "Amortization": 317000.0,
        "Amortization Of Intangibles Income Statement": 317000.0,
        "Selling General And Administration": 15597000.0,
        "Selling And Marketing Expense": 569000.0,
        "General And Administrative Expense": 15028000.0,
        "Insurance And Claims": NaN,
        "Salaries And Wages": 15028000.0,
        "Total Revenue": 42992000.0,
        "Operating Revenue": 42992000.0,
        "Occupancy And Equipment": 3022000.0,
        "Professional Expense And Contract Services Expense": 862000.0,
        "Other Non Interest Expense": 7156000.0
    },
    "2022-12-31": {
        "Tax Effect Of Unusual Items": -10556.016598,
        "Tax Rate For Calcs": 0.146611,
        "Total Unusual Items": -72000.0,
        "Total Unusual Items Excluding Goodwill": -72000.0,
        "Net Income From Continuing Operation Net Minority Interest": 3085000.0,
        "Reconciled Depreciation": 2492000.0,
        "Net Interest Income": 29577000.0,
        "Interest Expense": 9058000.0,
        "Interest Income": 38635000.0,
        "Normalized Income": 3146443.983402,
        "Net Income From Continuing And Discontinued Operation": 3085000.0,
        "Diluted Average Shares": 24685663.0,
        "Basic Average Shares": 24601108.0,
        "Diluted EPS": 0.12,
        "Basic EPS": 0.13,
        "Diluted NI Availto Com Stockholders": 3085000.0,
        "Average Dilution Earnings": NaN,
        "Net Income Common Stockholders": 3085000.0,
        "Net Income": 3085000.0,
        "Net Income Including Noncontrolling Interests": 3085000.0,
        "Net Income Discontinuous Operations": 0.0,
        "Net Income Continuous Operations": 3085000.0,
        "Tax Provision": 530000.0,
        "Pretax Income": 3615000.0,
        "Special Income Charges": 0.0,
        "Other Special Charges": 0.0,
        "Impairment Of Capital Assets": NaN,
        "Depreciation Amortization Depletion Income Statement": 317000.0,
        "Depreciation And Amortization In Income Statement": 317000.0,
        "Amortization": 317000.0,
        "Amortization Of Intangibles Income Statement": 317000.0,
        "Selling General And Administration": 13879000.0,
        "Selling And Marketing Expense": NaN,
        "General And Administrative Expense": 10812000.0,
        "Insurance And Claims": NaN,
        "Salaries And Wages": 16213000.0,
        "Total Revenue": 40493000.0,
        "Operating Revenue": 40493000.0,
        "Occupancy And Equipment": 2899000.0,
        "Professional Expense And Contract Services Expense": 1605000.0,
        "Other Non Interest Expense": 10318000.0
    },
    "2022-09-30": {
        "Tax Effect Of Unusual Items": 0.0,
        "Tax Rate For Calcs": 0.212876,
        "Total Unusual Items": 0.0,
        "Total Unusual Items Excluding Goodwill": 0.0,
        "Net Income From Continuing Operation Net Minority Interest": 5025000.0,
        "Reconciled Depreciation": 1426000.0,
        "Net Interest Income": 27415000.0,
        "Interest Expense": 5146000.0,
        "Interest Income": 32561000.0,
        "Normalized Income": 5025000.0,
        "Net Income From Continuing And Discontinued Operation": 5025000.0,
        "Diluted Average Shares": NaN,
        "Basic Average Shares": NaN,
        "Diluted EPS": NaN,
        "Basic EPS": NaN,
        "Diluted NI Availto Com Stockholders": 5025000.0,
        "Average Dilution Earnings": NaN,
        "Net Income Common Stockholders": 5025000.0,
        "Net Income": 5025000.0,
        "Net Income Including Noncontrolling Interests": 5025000.0,
        "Net Income Discontinuous Operations": 0.0,
        "Net Income Continuous Operations": 5025000.0,
        "Tax Provision": 1359000.0,
        "Pretax Income": 6384000.0,
        "Special Income Charges": 0.0,
        "Other Special Charges": 64000.0,
        "Impairment Of Capital Assets": 0.0,
        "Depreciation Amortization Depletion Income Statement": 326000.0,
        "Depreciation And Amortization In Income Statement": 326000.0,
        "Amortization": 326000.0,
        "Amortization Of Intangibles Income Statement": 326000.0,
        "Selling General And Administration": 13731000.0,
        "Selling And Marketing Expense": 938000.0,
        "General And Administrative Expense": 12793000.0,
        "Other Gand A": 1870000.0,
        "Insurance And Claims": 199000.0,
        "Salaries And Wages": 12594000.0,
        "Total Revenue": 33035000.0,
        "Operating Revenue": 33035000.0
    },
    "2022-06-30": {
        "Tax Effect Of Unusual Items": -133536.967419,
        "Tax Rate For Calcs": 0.215382,
        "Total Unusual Items": -620000.0,
        "Total Unusual Items Excluding Goodwill": -620000.0,
        "Net Income From Continuing Operation Net Minority Interest": 5009000.0,
        "Reconciled Depreciation": 341000.0,
        "Net Interest Income": 24606000.0,
        "Interest Expense": 3652000.0,
        "Interest Income": 28258000.0,
        "Normalized Income": 5495463.032581,
        "Net Income From Continuing And Discontinued Operation": 5009000.0,
        "Diluted Average Shares": 24681000.0,
        "Basic Average Shares": 24563000.0,
        "Diluted EPS": 0.2,
        "Basic EPS": 0.2,
        "Diluted NI Availto Com Stockholders": 5009000.0,
        "Average Dilution Earnings": NaN,
        "Net Income Common Stockholders": 5009000.0,
        "Net Income": 5009000.0,
        "Net Income Including Noncontrolling Interests": 5009000.0,
        "Net Income Discontinuous Operations": 0.0,
        "Net Income Continuous Operations": 5009000.0,
        "Tax Provision": 1375000.0,
        "Pretax Income": 6384000.0,
        "Special Income Charges": -620000.0,
        "Other Special Charges": 620000.0,
        "Gain On Sale Of Security": NaN,
        "Depreciation Amortization Depletion Income Statement": 341000.0,
        "Depreciation And Amortization In Income Statement": 341000.0,
        "Amortization": 341000.0,
        "Amortization Of Intangibles Income Statement": 341000.0,
        "Selling General And Administration": 12232000.0,
        "Selling And Marketing Expense": NaN,
        "General And Administrative Expense": 12232000.0,
        "Other Gand A": 1659000.0,
        "Salaries And Wages": 10573000.0,
        "Total Revenue": 27236000.0,
        "Operating Revenue": 27236000.0
    },
    "2022-03-31": {
        "Diluted EPS": 0.19,
        "Total Revenue": 29,
        "Gross Profit": 25,
        "Operating Income": 6,
        "EBIT": NaN,
        "Net Income": 5
    },
    "2021-12-31": {
        "Diluted EPS": 0.3,
        "Total Revenue": 33,
        "Gross Profit": 28,
        "Operating Income": 12,
        "EBIT": NaN,
        "Net Income": 8
    },
    "2021-09-30": {
        "Diluted EPS": 0.16,
        "Total Revenue": 30,
        "Gross Profit": 26,
        "Operating Income": 8,
        "EBIT": NaN,
        "Net Income": 4
    },
    "2021-06-30": {
        "Diluted EPS": 0.42,
        "Total Revenue": 29,
        "Gross Profit": 24,
        "Operating Income": 11,
        "EBIT": NaN,
        "Net Income": 10
    },
    "2021-03-31": {
        "Diluted EPS": 0.39,
        "Total Revenue": 33,
        "Gross Profit": 27,
        "Operating Income": 11,
        "EBIT": NaN,
        "Net Income": 9
    },
    "2020-12-31": {
        "Diluted EPS": 0.37,
        "Total Revenue": 33,
        "Gross Profit": 27,
        "Operating Income": 7,
        "EBIT": NaN,
        "Net Income": 9
    },
    "2020-09-30": {
        "Diluted EPS": 0.39,
        "Total Revenue": 31,
        "Gross Profit": 25,
        "Operating Income": 8,
        "EBIT": NaN,
        "Net Income": 10
    },
    "2020-06-30": {
        "Diluted EPS": 0.19,
        "Total Revenue": 37,
        "Gross Profit": 31,
        "Operating Income": 6,
        "EBIT": NaN,
        "Net Income": 5
    },
    "2020-03-31": {
        "Diluted EPS": 0.0,
        "Total Revenue": 31,
        "Gross Profit": 23,
        "Operating Income": 0,
        "EBIT": NaN,
        "Net Income": 0
    },
    "2019-12-31": {
        "Diluted EPS": 0.37,
        "Total Revenue": 32,
        "Gross Profit": 23,
        "Operating Income": 9,
        "EBIT": NaN,
        "Net Income": 9
    },
    "2019-09-30": {
        "Diluted EPS": 0.36,
        "Total Revenue": 33,
        "Gross Profit": 24,
        "Operating Income": 11,
        "EBIT": NaN,
        "Net Income": 9
    },
    "2019-06-30": {
        "Diluted EPS": 0.38,
        "Total Revenue": 34,
        "Gross Profit": 24,
        "Operating Income": 10,
        "EBIT": NaN,
        "Net Income": 9
    },
    "2019-03-31": {
        "Diluted EPS": 0.25,
        "Total Revenue": 33,
        "Gross Profit": 24,
        "Operating Income": 8,
        "EBIT": NaN,
        "Net Income": 6
    },
    "2018-12-31": {
        "Diluted EPS": 0.32,
        "Total Revenue": 33,
        "Gross Profit": 25,
        "Operating Income": 10,
        "EBIT": NaN,
        "Net Income": 8
    },
    "2018-09-30": {
        "Diluted EPS": 0.36,
        "Total Revenue": 33,
        "Gross Profit": 25,
        "Operating Income": 11,
        "EBIT": NaN,
        "Net Income": 9
    },
    "2018-06-30": {
        "Diluted EPS": 0.37,
        "Total Revenue": 32,
        "Gross Profit": 26,
        "Operating Income": 11,
        "EBIT": NaN,
        "Net Income": 9
    },
    "2018-03-31": {
        "Diluted EPS": 0.34,
        "Total Revenue": 31,
        "Gross Profit": 26,
        "Operating Income": 10,
        "EBIT": NaN,
        "Net Income": 8
    },
    "2017-12-31": {
        "Diluted EPS": 0.0,
        "Total Revenue": 30,
        "Gross Profit": 25,
        "Operating Income": 9,
        "EBIT": NaN,
        "Net Income": -1
    },
    "2017-09-30": {
        "Diluted EPS": 0.18,
        "Total Revenue": 31,
        "Gross Profit": 26,
        "Operating Income": 7,
        "EBIT": NaN,
        "Net Income": 4
    },
    "2017-06-30": {
        "Diluted EPS": -0.21,
        "Total Revenue": 15,
        "Gross Profit": 12,
        "Operating Income": 5,
        "EBIT": NaN,
        "Net Income": -3
    },
    "2017-03-31": {
        "Diluted EPS": 0.16,
        "Total Revenue": 12,
        "Gross Profit": 10,
        "Operating Income": 4,
        "EBIT": NaN,
        "Net Income": 2
    },
    "2016-12-31": {
        "Diluted EPS": 0.17,
        "Total Revenue": 13,
        "Gross Profit": 10,
        "Operating Income": 4,
        "EBIT": NaN,
        "Net Income": 2
    },
    "2016-09-30": {
        "Diluted EPS": 0.22,
        "Total Revenue": 14,
        "Gross Profit": 12,
        "Operating Income": 4,
        "EBIT": NaN,
        "Net Income": 3
    },
    "2016-06-30": {
        "Diluted EPS": 0.23,
        "Total Revenue": 13,
        "Gross Profit": 11,
        "Operating Income": 4,
        "EBIT": NaN,
        "Net Income": 3
    },
    "2016-03-31": {
        "Diluted EPS": 0.21,
        "Total Revenue": 12,
        "Gross Profit": 10,
        "Operating Income": 4,
        "EBIT": NaN,
        "Net Income": 3
    },
    "2015-12-31": {
        "Diluted EPS": 0.19,
        "Total Revenue": 12,
        "Gross Profit": 10,
        "Operating Income": 4,
        "EBIT": NaN,
        "Net Income": 2
    },
    "2015-09-30": {
        "Diluted EPS": 0.2,
        "Total Revenue": 12,
        "Gross Profit": 10,
        "Operating Income": 4,
        "EBIT": NaN,
        "Net Income": 2
    },
    "2015-06-30": {
        "Diluted EPS": 0.2,
        "Total Revenue": 12,
        "Gross Profit": 11,
        "Operating Income": 4,
        "EBIT": NaN,
        "Net Income": 2
    },
    "2015-03-31": {
        "Diluted EPS": 0.16,
        "Total Revenue": 11,
        "Gross Profit": 9,
        "Operating Income": 3,
        "EBIT": NaN,
        "Net Income": 2
    },
    "2014-12-31": {
        "Diluted EPS": 0.17,
        "Total Revenue": 11,
        "Gross Profit": 10,
        "Operating Income": 3,
        "EBIT": NaN,
        "Net Income": 2
    },
    "2014-09-30": {
        "Diluted EPS": 0.17,
        "Total Revenue": 11,
        "Gross Profit": 9,
        "Operating Income": 3,
        "EBIT": NaN,
        "Net Income": 2
    },
    "2014-06-30": {
        "Diluted EPS": 0.15,
        "Total Revenue": 10,
        "Gross Profit": 9,
        "Operating Income": 3,
        "EBIT": NaN,
        "Net Income": 2
    },
    "2014-03-31": {
        "Diluted EPS": 0.14,
        "Total Revenue": 9,
        "Gross Profit": 8,
        "Operating Income": 3,
        "EBIT": NaN,
        "Net Income": 2
    },
    "2013-12-31": {
        "Diluted EPS": 0.13,
        "Total Revenue": 9,
        "Gross Profit": 8,
        "Operating Income": 2,
        "EBIT": NaN,
        "Net Income": 1
    },
    "2013-09-30": {
        "Diluted EPS": 0.15,
        "Total Revenue": 9,
        "Gross Profit": 8,
        "Operating Income": 3,
        "EBIT": NaN,
        "Net Income": 2
    },
    "2013-06-30": {
        "Diluted EPS": 0.13,
        "Total Revenue": 9,
        "Gross Profit": 8,
        "Operating Income": 2,
        "EBIT": NaN,
        "Net Income": 2
    },
    "2013-03-31": {
        "Diluted EPS": 0.13,
        "Total Revenue": 10,
        "Gross Profit": 8,
        "Operating Income": 2,
        "EBIT": NaN,
        "Net Income": 2
    },
    "2012-12-31": {
        "Diluted EPS": 0.12,
        "Total Revenue": 10,
        "Gross Profit": 9,
        "Operating Income": 2,
        "EBIT": NaN,
        "Net Income": 1
    },
    "2012-09-30": {
        "Diluted EPS": 0.1,
        "Total Revenue": 10,
        "Gross Profit": 8,
        "Operating Income": 2,
        "EBIT": NaN,
        "Net Income": 1
    },
    "2012-06-30": {
        "Diluted EPS": 0.19,
        "Total Revenue": 13,
        "Gross Profit": 12,
        "Operating Income": 4,
        "EBIT": NaN,
        "Net Income": 2
    },
    "2012-03-31": {
        "Diluted EPS": 0.16,
        "Total Revenue": 10,
        "Gross Profit": 9,
        "Operating Income": 3,
        "EBIT": NaN,
        "Net Income": 2
    },
    "2011-12-31": {
        "Diluted EPS": 0.03,
        "Total Revenue": 9,
        "Gross Profit": 8,
        "Operating Income": 0,
        "EBIT": NaN,
        "Net Income": 0
    },
    "2011-09-30": {
        "Diluted EPS": 0.12,
        "Total Revenue": 9,
        "Gross Profit": 8,
        "Operating Income": 2,
        "EBIT": NaN,
        "Net Income": 1
    },
    "2011-06-30": {
        "Diluted EPS": 0.12,
        "Total Revenue": 9,
        "Gross Profit": 8,
        "Operating Income": 2,
        "EBIT": NaN,
        "Net Income": 1
    },
    "2011-03-31": {
        "Diluted EPS": 0.11,
        "Total Revenue": 8,
        "Gross Profit": 7,
        "Operating Income": 2,
        "EBIT": NaN,
        "Net Income": 1
    },
    "2010-12-31": {
        "Diluted EPS": -0.1,
        "Total Revenue": 9,
        "Gross Profit": 7,
        "Operating Income": -7,
        "EBIT": NaN,
        "Net Income": -1
    },
    "2010-09-30": {
        "Diluted EPS": 0.1,
        "Total Revenue": 8,
        "Gross Profit": 6,
        "Operating Income": 2,
        "EBIT": NaN,
        "Net Income": 1
    },
    "2010-06-30": {
        "Diluted EPS": 0.09,
        "Total Revenue": 9,
        "Gross Profit": 7,
        "Operating Income": 1,
        "EBIT": NaN,
        "Net Income": 1
    },
    "2010-03-31": {
        "Diluted EPS": 0.09,
        "Total Revenue": 9,
        "Gross Profit": 7,
        "Operating Income": 2,
        "EBIT": NaN,
        "Net Income": 1
    },
    "2009-12-31": {
        "Diluted EPS": 0.18,
        "Total Revenue": 13,
        "Gross Profit": 11,
        "Operating Income": 3,
        "EBIT": NaN,
        "Net Income": 2
    },
    "2009-09-30": {
        "Diluted EPS": 0.03,
        "Total Revenue": 6,
        "Gross Profit": 4,
        "Operating Income": 0,
        "EBIT": NaN,
        "Net Income": 0
    },
    "2009-06-30": {
        "Diluted EPS": 0.0,
        "Total Revenue": 5,
        "Gross Profit": 3,
        "Operating Income": 0,
        "EBIT": NaN,
        "Net Income": 0
    },
    "2009-03-31": {
        "Diluted EPS": 0.08,
        "Total Revenue": 6,
        "Gross Profit": 4,
        "Operating Income": 1,
        "EBIT": NaN,
        "Net Income": 1
    },
    "2023-09-30": {
        "Tax Effect Of Unusual Items": NaN,
        "Tax Rate For Calcs": NaN,
        "Total Unusual Items": NaN,
        "Total Unusual Items Excluding Goodwill": NaN,
        "Net Income From Continuing Operation Net Minority Interest": NaN,
        "Reconciled Depreciation": NaN,
        "Net Interest Income": NaN,
        "Interest Expense": NaN,
        "Interest Income": NaN,
        "Normalized Income": NaN,
        "Net Income From Continuing And Discontinued Operation": NaN,
        "Diluted Average Shares": NaN,
        "Basic Average Shares": NaN,
        "Diluted EPS": NaN,
        "Basic EPS": NaN,
        "Diluted NI Availto Com Stockholders": NaN,
        "Average Dilution Earnings": 0.0,
        "Net Income Common Stockholders": NaN,
        "Net Income": NaN,
        "Minority Interests": NaN,
        "Net Income Including Noncontrolling Interests": NaN,
        "Net Income Continuous Operations": NaN,
        "Tax Provision": NaN,
        "Pretax Income": NaN,
        "Special Income Charges": NaN,
        "Other Special Charges": 267000.0,
        "Impairment Of Capital Assets": 11150000.0,
        "Gain On Sale Of Security": NaN,
        "Depreciation Amortization Depletion Income Statement": NaN,
        "Depreciation And Amortization In Income Statement": NaN,
        "Amortization": NaN,
        "Amortization Of Intangibles Income Statement": NaN,
        "Selling General And Administration": NaN,
        "Selling And Marketing Expense": NaN,
        "General And Administrative Expense": NaN,
        "Insurance And Claims": NaN,
        "Salaries And Wages": NaN,
        "Total Revenue": NaN,
        "Operating Revenue": NaN,
        "Occupancy And Equipment": NaN,
        "Professional Expense And Contract Services Expense": NaN,
        "Other Non Interest Expense": NaN
    },
    "2023-12-31": {
        "Tax Effect Of Unusual Items": NaN,
        "Tax Rate For Calcs": NaN,
        "Total Unusual Items": -3787000.0,
        "Total Unusual Items Excluding Goodwill": -3787000.0,
        "Net Income From Continuing Operation Net Minority Interest": NaN,
        "Reconciled Depreciation": NaN,
        "Net Interest Income": NaN,
        "Interest Expense": NaN,
        "Interest Income": NaN,
        "Normalized Income": NaN,
        "Net Income From Continuing And Discontinued Operation": NaN,
        "Diluted Average Shares": NaN,
        "Basic Average Shares": NaN,
        "Diluted EPS": NaN,
        "Basic EPS": NaN,
        "Diluted NI Availto Com Stockholders": NaN,
        "Net Income Common Stockholders": NaN,
        "Net Income": NaN,
        "Minority Interests": NaN,
        "Net Income Including Noncontrolling Interests": NaN,
        "Net Income Continuous Operations": NaN,
        "Tax Provision": NaN,
        "Pretax Income": NaN,
        "Special Income Charges": -3787000.0,
        "Other Special Charges": NaN,
        "Impairment Of Capital Assets": 0.0,
        "Gain On Sale Of Security": NaN,
        "Depreciation Amortization Depletion Income Statement": NaN,
        "Depreciation And Amortization In Income Statement": NaN,
        "Amortization": NaN,
        "Amortization Of Intangibles Income Statement": NaN,
        "Selling General And Administration": NaN,
        "Selling And Marketing Expense": NaN,
        "General And Administrative Expense": NaN,
        "Insurance And Claims": NaN,
        "Salaries And Wages": NaN,
        "Total Revenue": NaN,
        "Operating Revenue": NaN,
        "Occupancy And Equipment": NaN,
        "Professional Expense And Contract Services Expense": NaN,
        "Other Non Interest Expense": NaN
    },
    "2024-06-30": {
        "Tax Effect Of Unusual Items": NaN,
        "Tax Rate For Calcs": NaN,
        "Total Unusual Items": -17000.0,
        "Total Unusual Items Excluding Goodwill": -17000.0,
        "Net Income From Continuing Operation Net Minority Interest": NaN,
        "Reconciled Depreciation": NaN,
        "Net Interest Income": NaN,
        "Interest Expense": NaN,
        "Interest Income": NaN,
        "Normalized Income": NaN,
        "Net Income From Continuing And Discontinued Operation": NaN,
        "Diluted Average Shares": NaN,
        "Basic Average Shares": NaN,
        "Diluted EPS": NaN,
        "Basic EPS": NaN,
        "Diluted NI Availto Com Stockholders": NaN,
        "Net Income Common Stockholders": NaN,
        "Net Income": NaN,
        "Minority Interests": NaN,
        "Net Income Including Noncontrolling Interests": NaN,
        "Net Income Continuous Operations": NaN,
        "Tax Provision": NaN,
        "Pretax Income": NaN,
        "Special Income Charges": -17000.0,
        "Other Special Charges": 17000.0,
        "Impairment Of Capital Assets": NaN,
        "Gain On Sale Of Security": NaN,
        "Depreciation Amortization Depletion Income Statement": NaN,
        "Depreciation And Amortization In Income Statement": NaN,
        "Amortization": NaN,
        "Amortization Of Intangibles Income Statement": NaN,
        "Selling General And Administration": NaN,
        "Selling And Marketing Expense": NaN,
        "General And Administrative Expense": NaN,
        "Insurance And Claims": NaN,
        "Salaries And Wages": NaN,
        "Total Revenue": NaN,
        "Operating Revenue": NaN,
        "Occupancy And Equipment": NaN,
        "Professional Expense And Contract Services Expense": NaN,
        "Other Non Interest Expense": NaN
    },
    "2024-09-30": {
        "Tax Effect Of Unusual Items": 0.0,
        "Tax Rate For Calcs": 0.261843,
        "Total Unusual Items": -61000.0,
        "Total Unusual Items Excluding Goodwill": -61000.0,
        "Net Income From Continuing Operation Net Minority Interest": 1228000.0,
        "Reconciled Depreciation": 2200000.0,
        "Net Interest Income": 28023000.0,
        "Interest Expense": 29089000.0,
        "Interest Income": 57112000.0,
        "Normalized Income": 1228000.0,
        "Net Income From Continuing And Discontinued Operation": 1228000.0,
        "Diluted Average Shares": 24719920.0,
        "Basic Average Shares": 24695685.0,
        "Diluted EPS": 0.05,
        "Basic EPS": 0.05,
        "Diluted NI Availto Com Stockholders": 1228000.0,
        "Net Income Common Stockholders": 1228000.0,
        "Net Income": 1228000.0,
        "Minority Interests": 2085000.0,
        "Net Income Including Noncontrolling Interests": -857000.0,
        "Net Income Continuous Operations": -857000.0,
        "Tax Provision": -304000.0,
        "Pretax Income": -1161000.0,
        "Special Income Charges": -61000.0,
        "Other Special Charges": 61000.0,
        "Impairment Of Capital Assets": 0.0,
        "Gain On Sale Of Security": 130000.0,
        "Depreciation Amortization Depletion Income Statement": 318000.0,
        "Depreciation And Amortization In Income Statement": 318000.0,
        "Amortization": 318000.0,
        "Amortization Of Intangibles Income Statement": 318000.0,
        "Selling General And Administration": 17758000.0,
        "Selling And Marketing Expense": 449000.0,
        "General And Administrative Expense": 17309000.0,
        "Insurance And Claims": 545000.0,
        "Salaries And Wages": 16764000.0,
        "Total Revenue": 37305000.0,
        "Operating Revenue": 37305000.0,
        "Occupancy And Equipment": 3071000.0,
        "Professional Expense And Contract Services Expense": 2914000.0,
        "Other Non Interest Expense": 6894000.0
    },
    "2024-03-31": {
        "Tax Effect Of Unusual Items": 0.0,
        "Tax Rate For Calcs": 0.21,
        "Total Unusual Items": NaN,
        "Total Unusual Items Excluding Goodwill": NaN,
        "Net Income From Continuing Operation Net Minority Interest": 2466000.0,
        "Reconciled Depreciation": 2270000.0,
        "Net Interest Income": 25269000.0,
        "Interest Expense": 25076000.0,
        "Interest Income": 50345000.0,
        "Normalized Income": 2466000.0,
        "Net Income From Continuing And Discontinued Operation": 2466000.0,
        "Diluted Average Shares": 24707000.0,
        "Basic Average Shares": 24674000.0,
        "Diluted EPS": 0.1,
        "Basic EPS": 0.1,
        "Diluted NI Availto Com Stockholders": 2466000.0,
        "Net Income Common Stockholders": 2466000.0,
        "Net Income": 2466000.0,
        "Minority Interests": 1654000.0,
        "Net Income Including Noncontrolling Interests": 812000.0,
        "Net Income Continuous Operations": 812000.0,
        "Tax Provision": 718000.0,
        "Pretax Income": 1530000.0,
        "Special Income Charges": NaN,
        "Other Special Charges": NaN,
        "Impairment Of Capital Assets": NaN,
        "Gain On Sale Of Security": 2247000.0,
        "Depreciation Amortization Depletion Income Statement": 317000.0,
        "Depreciation And Amortization In Income Statement": 317000.0,
        "Amortization": 317000.0,
        "Amortization Of Intangibles Income Statement": 317000.0,
        "Selling General And Administration": 16804000.0,
        "Selling And Marketing Expense": 459000.0,
        "General And Administrative Expense": 16345000.0,
        "Insurance And Claims": 610000.0,
        "Salaries And Wages": 15735000.0,
        "Total Revenue": 35576000.0,
        "Operating Revenue": 35576000.0,
        "Occupancy And Equipment": 3106000.0,
        "Professional Expense And Contract Services Expense": 1365000.0,
        "Other Non Interest Expense": 5946000.0
    },
    "2025-03-31": {
        "Tax Effect Of Unusual Items": -23940.212307,
        "Tax Rate For Calcs": 0.225851,
        "Total Unusual Items": -106000.0,
        "Total Unusual Items Excluding Goodwill": -106000.0,
        "Net Income From Continuing Operation Net Minority Interest": 22636000.0,
        "Reconciled Depreciation": 2228000.0,
        "Net Interest Income": 26364000.0,
        "Interest Expense": 21359000.0,
        "Interest Income": 47723000.0,
        "Normalized Income": 22718059.787693,
        "Net Income From Continuing And Discontinued Operation": 22636000.0,
        "Diluted Average Shares": 24722734.0,
        "Basic Average Shares": 24706593.0,
        "Diluted EPS": 0.11,
        "Basic EPS": 0.11,
        "Diluted NI Availto Com Stockholders": 22636000.0,
        "Net Income Common Stockholders": 22636000.0,
        "Net Income": 22636000.0,
        "Minority Interests": 3602000.0,
        "Net Income Including Noncontrolling Interests": 19034000.0,
        "Net Income Continuous Operations": 19034000.0,
        "Tax Provision": 5553000.0,
        "Pretax Income": 24587000.0,
        "Special Income Charges": -106000.0,
        "Other Special Charges": 106000.0,
        "Impairment Of Capital Assets": NaN,
        "Gain On Sale Of Security": -239000.0,
        "Depreciation Amortization Depletion Income Statement": 313000.0,
        "Depreciation And Amortization In Income Statement": 313000.0,
        "Amortization": 313000.0,
        "Amortization Of Intangibles Income Statement": 313000.0,
        "Selling General And Administration": 19248000.0,
        "Selling And Marketing Expense": 514000.0,
        "General And Administrative Expense": 18734000.0,
        "Insurance And Claims": 793000.0,
        "Salaries And Wages": 17941000.0,
        "Total Revenue": 58699000.0,
        "Operating Revenue": 58699000.0,
        "Occupancy And Equipment": 3285000.0,
        "Professional Expense And Contract Services Expense": 2225000.0,
        "Other Non Interest Expense": 7339000.0
    },
    "2024-12-31": {
        "Tax Effect Of Unusual Items": -279873.06685,
        "Tax Rate For Calcs": 0.184491,
        "Total Unusual Items": -1517000.0,
        "Total Unusual Items Excluding Goodwill": -1517000.0,
        "Net Income From Continuing Operation Net Minority Interest": -23335000.0,
        "Reconciled Depreciation": 2205000.0,
        "Net Interest Income": 26077000.0,
        "Interest Expense": 25236000.0,
        "Interest Income": 51313000.0,
        "Normalized Income": -22097873.06685,
        "Net Income From Continuing And Discontinued Operation": -23335000.0,
        "Diluted Average Shares": 24701260.0,
        "Basic Average Shares": 24701260.0,
        "Diluted EPS": -0.59,
        "Basic EPS": -0.59,
        "Diluted NI Availto Com Stockholders": -23335000.0,
        "Net Income Common Stockholders": -23335000.0,
        "Net Income": -23335000.0,
        "Minority Interests": 2820000.0,
        "Net Income Including Noncontrolling Interests": -26155000.0,
        "Net Income Continuous Operations": -26155000.0,
        "Tax Provision": -5917000.0,
        "Pretax Income": -32072000.0,
        "Special Income Charges": -1517000.0,
        "Other Special Charges": 1517000.0,
        "Impairment Of Capital Assets": 0.0,
        "Gain On Sale Of Security": 1336000.0,
        "Depreciation Amortization Depletion Income Statement": 313000.0,
        "Depreciation And Amortization In Income Statement": 313000.0,
        "Amortization": 313000.0,
        "Amortization Of Intangibles Income Statement": 313000.0,
        "Selling General And Administration": 19332000.0,
        "Selling And Marketing Expense": 499000.0,
        "General And Administrative Expense": 18833000.0,
        "Insurance And Claims": 805000.0,
        "Salaries And Wages": 18028000.0,
        "Total Revenue": 38776000.0,
        "Operating Revenue": 38776000.0,
        "Occupancy And Equipment": 3466000.0,
        "Professional Expense And Contract Services Expense": 3129000.0,
        "Other Non Interest Expense": 9608000.0
    },
    "2025-06-30": {
        "Tax Effect Of Unusual Items": 0.0,
        "Tax Rate For Calcs": 0.178078,
        "Total Unusual Items": NaN,
        "Total Unusual Items Excluding Goodwill": NaN,
        "Net Income From Continuing Operation Net Minority Interest": 2437000.0,
        "Reconciled Depreciation": 2278000.0,
        "Net Interest Income": 25180000.0,
        "Interest Expense": 22447000.0,
        "Interest Income": 47627000.0,
        "Normalized Income": 2437000.0,
        "Net Income From Continuing And Discontinued Operation": 2437000.0,
        "Diluted Average Shares": 24714229.0,
        "Basic Average Shares": 24701319.0,
        "Diluted EPS": 0.34,
        "Basic EPS": 0.34,
        "Diluted NI Availto Com Stockholders": 2437000.0,
        "Net Income Common Stockholders": 2437000.0,
        "Net Income": 2437000.0,
        "Minority Interests": 0.0,
        "Net Income Including Noncontrolling Interests": 2437000.0,
        "Net Income Continuous Operations": 2437000.0,
        "Tax Provision": 528000.0,
        "Pretax Income": 2965000.0,
        "Special Income Charges": NaN,
        "Other Special Charges": NaN,
        "Impairment Of Capital Assets": NaN,
        "Gain On Sale Of Security": 285000.0,
        "Depreciation Amortization Depletion Income Statement": 289000.0,
        "Depreciation And Amortization In Income Statement": 289000.0,
        "Amortization": 289000.0,
        "Amortization Of Intangibles Income Statement": 289000.0,
        "Selling General And Administration": 18801000.0,
        "Selling And Marketing Expense": 720000.0,
        "General And Administrative Expense": 18081000.0,
        "Insurance And Claims": 1021000.0,
        "Salaries And Wages": 17060000.0,
        "Total Revenue": 35760000.0,
        "Operating Revenue": 35760000.0,
        "Occupancy And Equipment": 3127000.0,
        "Professional Expense And Contract Services Expense": 2413000.0,
        "Other Non Interest Expense": 7312000.0
    },
    "2025-09-30": {
        "Tax Effect Of Unusual Items": 0.0,
        "Tax Rate For Calcs": 0.218267,
        "Total Unusual Items": NaN,
        "Total Unusual Items Excluding Goodwill": NaN,
        "Net Income From Continuing Operation Net Minority Interest": 6830000.0,
        "Reconciled Depreciation": 2029000.0,
        "Net Interest Income": 29032000.0,
        "Interest Expense": 22734000.0,
        "Interest Income": 51766000.0,
        "Normalized Income": 6830000.0,
        "Net Income From Continuing And Discontinued Operation": 6830000.0,
        "Diluted Average Shares": 24643889.0,
        "Basic Average Shares": 24632202.0,
        "Diluted EPS": 0.28,
        "Basic EPS": 0.28,
        "Diluted NI Availto Com Stockholders": 6830000.0,
        "Net Income Common Stockholders": 6830000.0,
        "Net Income": 6830000.0,
        "Minority Interests": 0.0,
        "Net Income Including Noncontrolling Interests": 6830000.0,
        "Net Income Continuous Operations": 6830000.0,
        "Tax Provision": 1907000.0,
        "Pretax Income": 8737000.0,
        "Special Income Charges": NaN,
        "Other Special Charges": NaN,
        "Impairment Of Capital Assets": NaN,
        "Gain On Sale Of Security": 939000.0,
        "Depreciation Amortization Depletion Income Statement": 0.0,
        "Depreciation And Amortization In Income Statement": 0.0,
        "Amortization": 0.0,
        "Amortization Of Intangibles Income Statement": 0.0,
        "Selling General And Administration": 19972000.0,
        "Selling And Marketing Expense": 450000.0,
        "General And Administrative Expense": 19522000.0,
        "Insurance And Claims": 999000.0,
        "Salaries And Wages": 18523000.0,
        "Total Revenue": 41001000.0,
        "Operating Revenue": 41001000.0,
        "Occupancy And Equipment": 3481000.0,
        "Professional Expense And Contract Services Expense": 2509000.0,
        "Other Non Interest Expense": 6351000.0
    }
}