{
    "2023-06-30": {
        "Tax Effect Of Unusual Items": 0.0,
        "Tax Rate For Calcs": 0.2586,
        "Net Income From Continuing Operation Net Minority Interest": 12729000.0,
        "Reconciled Depreciation": 405000.0,
        "Net Interest Income": 27578000.0,
        "Interest Expense": 15215000.0,
        "Interest Income": 42793000.0,
        "Normalized Income": 12729000.0,
        "Net Income From Continuing And Discontinued Operation": 12729000.0,
        "Diluted Average Shares": 17168995.0,
        "Basic Average Shares": 17165344.0,
        "Diluted EPS": 0.74,
        "Basic EPS": 0.74,
        "Diluted NI Availto Com Stockholders": 12729000.0,
        "Net Income Common Stockholders": 12729000.0,
        "Net Income": 12729000.0,
        "Net Income Including Noncontrolling Interests": 12729000.0,
        "Net Income Continuous Operations": 12729000.0,
        "Tax Provision": 4440000.0,
        "Pretax Income": 17169000.0,
        "Gain On Sale Of Security": 0.0,
        "Selling General And Administration": 7564000.0,
        "Selling And Marketing Expense": 733000.0,
        "General And Administrative Expense": 6831000.0,
        "Insurance And Claims": 410000.0,
        "Salaries And Wages": 6421000.0,
        "Total Revenue": 30074000.0,
        "Operating Revenue": 30074000.0,
        "Occupancy And Equipment": 551000.0,
        "Professional Expense And Contract Services Expense": 586000.0,
        "Other Non Interest Expense": 2954000.0
    },
    "2023-03-31": {
        "Tax Effect Of Unusual Items": 0.0,
        "Tax Rate For Calcs": 0.2886,
        "Net Income From Continuing Operation Net Minority Interest": 13161000.0,
        "Reconciled Depreciation": 419000.0,
        "Net Interest Income": 29148000.0,
        "Interest Expense": 11163000.0,
        "Interest Income": 40311000.0,
        "Normalized Income": 13161000.0,
        "Net Income From Continuing And Discontinued Operation": 13161000.0,
        "Diluted Average Shares": 17194884.0,
        "Basic Average Shares": 17150174.0,
        "Diluted EPS": 0.77,
        "Basic EPS": 0.77,
        "Diluted NI Availto Com Stockholders": 13161000.0,
        "Net Income Common Stockholders": 13161000.0,
        "Net Income": 13161000.0,
        "Net Income Including Noncontrolling Interests": 13161000.0,
        "Net Income Continuous Operations": 13161000.0,
        "Tax Provision": 5340000.0,
        "Pretax Income": 18501000.0,
        "Gain On Sale Of Security": 0.0,
        "Selling General And Administration": 7438000.0,
        "Selling And Marketing Expense": 418000.0,
        "General And Administrative Expense": 7020000.0,
        "Insurance And Claims": 402000.0,
        "Salaries And Wages": 6618000.0,
        "Total Revenue": 30264000.0,
        "Operating Revenue": 30264000.0,
        "Occupancy And Equipment": 523000.0,
        "Professional Expense And Contract Services Expense": 631000.0,
        "Other Non Interest Expense": 2271000.0
    },
    "2022-12-31": {
        "Tax Effect Of Unusual Items": 0.0,
        "Tax Rate For Calcs": 0.292344,
        "Net Income From Continuing Operation Net Minority Interest": 13282000.0,
        "Reconciled Depreciation": 410000.0,
        "Net Interest Income": 29293000.0,
        "Interest Expense": 8267000.0,
        "Interest Income": 37560000.0,
        "Normalized Income": 13282000.0,
        "Net Income From Continuing And Discontinued Operation": 13282000.0,
        "Diluted Average Shares": 17179863.0,
        "Basic Average Shares": 17143920.0,
        "Diluted EPS": 0.77,
        "Basic EPS": 0.77,
        "Diluted NI Availto Com Stockholders": 13282000.0,
        "Net Income Common Stockholders": 13282000.0,
        "Net Income": 13282000.0,
        "Net Income Including Noncontrolling Interests": 13282000.0,
        "Net Income Continuous Operations": 13282000.0,
        "Tax Provision": 5487000.0,
        "Pretax Income": 18769000.0,
        "Gain On Sale Of Security": 0.0,
        "Selling General And Administration": 6511000.0,
        "Selling And Marketing Expense": 568000.0,
        "General And Administrative Expense": 5943000.0,
        "Insurance And Claims": 245000.0,
        "Salaries And Wages": 5698000.0,
        "Total Revenue": 30378000.0,
        "Operating Revenue": 30378000.0
    },
    "2022-09-30": {
        "Tax Effect Of Unusual Items": 0.0,
        "Tax Rate For Calcs": 0.2921,
        "Net Income From Continuing Operation Net Minority Interest": 11704000.0,
        "Reconciled Depreciation": 414000.0,
        "Net Interest Income": 27424000.0,
        "Interest Expense": 4123000.0,
        "Interest Income": 31547000.0,
        "Normalized Income": 11704000.0,
        "Net Income From Continuing And Discontinued Operation": 11704000.0,
        "Diluted Average Shares": 17168447.0,
        "Basic Average Shares": 17140435.0,
        "Diluted EPS": 0.68,
        "Basic EPS": 0.68,
        "Diluted NI Availto Com Stockholders": 11704000.0,
        "Net Income Common Stockholders": 11704000.0,
        "Net Income": 11704000.0,
        "Net Income Including Noncontrolling Interests": 11704000.0,
        "Net Income Continuous Operations": 11704000.0,
        "Tax Provision": 4830000.0,
        "Pretax Income": 16534000.0,
        "Gain On Sale Of Security": 0.0,
        "Selling General And Administration": 6352000.0,
        "Selling And Marketing Expense": 512000.0,
        "General And Administrative Expense": 5840000.0,
        "Other Gand A": 797000.0,
        "Insurance And Claims": 195000.0,
        "Salaries And Wages": 5645000.0,
        "Total Revenue": 28694000.0,
        "Operating Revenue": 28694000.0
    },
    "2022-06-30": {
        "Tax Effect Of Unusual Items": 0.0,
        "Tax Rate For Calcs": 0.2907,
        "Net Income From Continuing Operation Net Minority Interest": 9953000.0,
        "Reconciled Depreciation": 401000.0,
        "Net Interest Income": 24491000.0,
        "Interest Expense": 1470000.0,
        "Interest Income": 25961000.0,
        "Normalized Income": 9953000.0,
        "Net Income From Continuing And Discontinued Operation": 9953000.0,
        "Diluted Average Shares": 17149449.0,
        "Basic Average Shares": 17125715.0,
        "Diluted EPS": 0.58,
        "Basic EPS": 0.58,
        "Diluted NI Availto Com Stockholders": 9953000.0,
        "Net Income Common Stockholders": 9953000.0,
        "Net Income": 9953000.0,
        "Net Income Including Noncontrolling Interests": 9953000.0,
        "Net Income Continuous Operations": 9953000.0,
        "Tax Provision": 4080000.0,
        "Pretax Income": 14033000.0,
        "Gain On Sale Of Security": 0.0,
        "Selling General And Administration": 6282000.0,
        "Selling And Marketing Expense": 484000.0,
        "General And Administrative Expense": 5798000.0,
        "Other Gand A": 739000.0,
        "Insurance And Claims": 245000.0,
        "Salaries And Wages": 5553000.0,
        "Total Revenue": 26099000.0,
        "Operating Revenue": 26099000.0
    },
    "2022-03-31": {
        "Diluted EPS": 0.58,
        "Total Revenue": 25,
        "Gross Profit": 24,
        "Operating Income": 14,
        "EBIT": NaN,
        "Net Income": 10
    },
    "2021-12-31": {
        "Diluted EPS": 0.59,
        "Total Revenue": 24,
        "Gross Profit": 23,
        "Operating Income": 13,
        "EBIT": NaN,
        "Net Income": 11
    },
    "2021-09-30": {
        "Diluted EPS": 0.64,
        "Total Revenue": 23,
        "Gross Profit": 22,
        "Operating Income": 13,
        "EBIT": NaN,
        "Net Income": 11
    },
    "2021-06-30": {
        "Diluted EPS": 0.67,
        "Total Revenue": 21,
        "Gross Profit": 20,
        "Operating Income": 11,
        "EBIT": NaN,
        "Net Income": 10
    },
    "2021-03-31": {
        "Diluted EPS": 0.93,
        "Total Revenue": 21,
        "Gross Profit": 20,
        "Operating Income": 11,
        "EBIT": NaN,
        "Net Income": 10
    },
    "2020-12-31": {
        "Diluted EPS": 0.86,
        "Total Revenue": 23,
        "Gross Profit": 22,
        "Operating Income": 6,
        "EBIT": NaN,
        "Net Income": 9
    },
    "2020-09-30": {
        "Diluted EPS": 0.94,
        "Total Revenue": 21,
        "Gross Profit": 19,
        "Operating Income": 10,
        "EBIT": NaN,
        "Net Income": 9
    },
    "2020-06-30": {
        "Diluted EPS": 1.05,
        "Total Revenue": 21,
        "Gross Profit": 18,
        "Operating Income": 10,
        "EBIT": NaN,
        "Net Income": 10
    },
    "2020-03-31": {
        "Diluted EPS": 0.72,
        "Total Revenue": 19,
        "Gross Profit": 16,
        "Operating Income": 7,
        "EBIT": NaN,
        "Net Income": 7
    },
    "2019-12-31": {
        "Diluted EPS": 0.0,
        "Total Revenue": NaN,
        "Gross Profit": NaN,
        "Operating Income": NaN,
        "EBIT": NaN,
        "Net Income": NaN
    },
    "2023-09-30": {
        "Tax Effect Of Unusual Items": NaN,
        "Tax Rate For Calcs": NaN,
        "Net Income From Continuing Operation Net Minority Interest": NaN,
        "Reconciled Depreciation": NaN,
        "Net Interest Income": NaN,
        "Interest Expense": NaN,
        "Interest Income": NaN,
        "Normalized Income": NaN,
        "Net Income From Continuing And Discontinued Operation": NaN,
        "Diluted Average Shares": 17194825.0,
        "Basic Average Shares": 17175034.0,
        "Diluted EPS": 0.64,
        "Basic EPS": 0.64,
        "Diluted NI Availto Com Stockholders": NaN,
        "Net Income Common Stockholders": NaN,
        "Net Income": NaN,
        "Net Income Including Noncontrolling Interests": NaN,
        "Net Income Continuous Operations": NaN,
        "Tax Provision": NaN,
        "Pretax Income": NaN,
        "Gain On Sale Of Security": NaN,
        "Selling General And Administration": NaN,
        "Selling And Marketing Expense": NaN,
        "General And Administrative Expense": NaN,
        "Insurance And Claims": NaN,
        "Salaries And Wages": NaN,
        "Total Revenue": NaN,
        "Operating Revenue": NaN,
        "Occupancy And Equipment": NaN,
        "Professional Expense And Contract Services Expense": NaN,
        "Other Non Interest Expense": NaN
    },
    "2023-12-31": {
        "Tax Effect Of Unusual Items": 0.0,
        "Tax Rate For Calcs": 0.287242,
        "Net Income From Continuing Operation Net Minority Interest": 10799000.0,
        "Reconciled Depreciation": 385000.0,
        "Net Interest Income": 26678000.0,
        "Interest Expense": 19502000.0,
        "Interest Income": 46180000.0,
        "Normalized Income": 10799000.0,
        "Net Income From Continuing And Discontinued Operation": 10799000.0,
        "Diluted Average Shares": 17193114.0,
        "Basic Average Shares": 17175445.0,
        "Diluted EPS": 0.63,
        "Basic EPS": 0.63,
        "Diluted NI Availto Com Stockholders": 10799000.0,
        "Net Income Common Stockholders": 10799000.0,
        "Net Income": 10799000.0,
        "Net Income Including Noncontrolling Interests": 10799000.0,
        "Net Income Continuous Operations": 10799000.0,
        "Tax Provision": 4352000.0,
        "Pretax Income": 15151000.0,
        "Gain On Sale Of Security": -167000.0,
        "Selling General And Administration": 8269000.0,
        "Selling And Marketing Expense": 717000.0,
        "General And Administrative Expense": 7552000.0,
        "Insurance And Claims": 370000.0,
        "Salaries And Wages": 7182000.0,
        "Total Revenue": 28346000.0,
        "Operating Revenue": 28346000.0,
        "Occupancy And Equipment": 583000.0,
        "Professional Expense And Contract Services Expense": 658000.0,
        "Other Non Interest Expense": 2885000.0
    },
    "2024-03-31": {
        "Tax Effect Of Unusual Items": 0.0,
        "Tax Rate For Calcs": 0.2894,
        "Net Income From Continuing Operation Net Minority Interest": 10631000.0,
        "Reconciled Depreciation": 472000.0,
        "Net Interest Income": 26744000.0,
        "Interest Expense": 20797000.0,
        "Interest Income": 47541000.0,
        "Normalized Income": 10631000.0,
        "Net Income From Continuing And Discontinued Operation": 10631000.0,
        "Diluted Average Shares": 17272994.0,
        "Basic Average Shares": 17190867.0,
        "Diluted EPS": 0.62,
        "Basic EPS": 0.62,
        "Diluted NI Availto Com Stockholders": 10631000.0,
        "Net Income Common Stockholders": 10631000.0,
        "Net Income": 10631000.0,
        "Net Income Including Noncontrolling Interests": 10631000.0,
        "Net Income Continuous Operations": 10631000.0,
        "Tax Provision": 4330000.0,
        "Pretax Income": 14961000.0,
        "Gain On Sale Of Security": 0.0,
        "Selling General And Administration": 8437000.0,
        "Selling And Marketing Expense": 460000.0,
        "General And Administrative Expense": 7977000.0,
        "Insurance And Claims": 400000.0,
        "Salaries And Wages": 7577000.0,
        "Total Revenue": 28280000.0,
        "Operating Revenue": 28280000.0,
        "Occupancy And Equipment": 626000.0,
        "Professional Expense And Contract Services Expense": 707000.0,
        "Other Non Interest Expense": 2649000.0
    },
    "2024-06-30": {
        "Tax Effect Of Unusual Items": 0.0,
        "Tax Rate For Calcs": 0.2884,
        "Net Income From Continuing Operation Net Minority Interest": 10782000.0,
        "Reconciled Depreciation": 466000.0,
        "Net Interest Income": 29092000.0,
        "Interest Expense": 19906000.0,
        "Interest Income": 48998000.0,
        "Normalized Income": 10782000.0,
        "Net Income From Continuing And Discontinued Operation": 10782000.0,
        "Diluted Average Shares": 21058085.0,
        "Basic Average Shares": 21039798.0,
        "Diluted EPS": 0.51,
        "Basic EPS": 0.51,
        "Diluted NI Availto Com Stockholders": 10782000.0,
        "Net Income Common Stockholders": 10782000.0,
        "Net Income": 10782000.0,
        "Net Income Including Noncontrolling Interests": 10782000.0,
        "Net Income Continuous Operations": 10782000.0,
        "Tax Provision": 4370000.0,
        "Pretax Income": 15152000.0,
        "Gain On Sale Of Security": 0.0,
        "Selling General And Administration": 8808000.0,
        "Selling And Marketing Expense": 615000.0,
        "General And Administrative Expense": 8193000.0,
        "Insurance And Claims": 390000.0,
        "Salaries And Wages": 7803000.0,
        "Total Revenue": 30368000.0,
        "Operating Revenue": 30368000.0,
        "Occupancy And Equipment": 646000.0,
        "Professional Expense And Contract Services Expense": 767000.0,
        "Other Non Interest Expense": 2995000.0
    },
    "2024-09-30": {
        "Tax Effect Of Unusual Items": 0.0,
        "Tax Rate For Calcs": 0.2821,
        "Net Income From Continuing Operation Net Minority Interest": 10941000.0,
        "Reconciled Depreciation": 469000.0,
        "Net Interest Income": 30386000.0,
        "Interest Expense": 22281000.0,
        "Interest Income": 52667000.0,
        "Normalized Income": 10941000.0,
        "Net Income From Continuing And Discontinued Operation": 10941000.0,
        "Diluted Average Shares": 21232758.0,
        "Basic Average Shares": 21182143.0,
        "Diluted EPS": 0.52,
        "Basic EPS": 0.52,
        "Diluted NI Availto Com Stockholders": 10941000.0,
        "Net Income Common Stockholders": 10941000.0,
        "Net Income": 10941000.0,
        "Net Income Including Noncontrolling Interests": 10941000.0,
        "Net Income Continuous Operations": 10941000.0,
        "Tax Provision": 4300000.0,
        "Pretax Income": 15241000.0,
        "Gain On Sale Of Security": 0.0,
        "Selling General And Administration": 8958000.0,
        "Selling And Marketing Expense": 584000.0,
        "General And Administrative Expense": 8374000.0,
        "Insurance And Claims": 405000.0,
        "Salaries And Wages": 7969000.0,
        "Total Revenue": 31475000.0,
        "Operating Revenue": 31475000.0,
        "Occupancy And Equipment": 626000.0,
        "Professional Expense And Contract Services Expense": 830000.0,
        "Other Non Interest Expense": 3070000.0
    },
    "2024-12-31": {
        "Tax Effect Of Unusual Items": 0.0,
        "Tax Rate For Calcs": 0.312387,
        "Net Income From Continuing Operation Net Minority Interest": 13317000.0,
        "Reconciled Depreciation": 470000.0,
        "Net Interest Income": 33489000.0,
        "Interest Expense": 24256000.0,
        "Interest Income": 57745000.0,
        "Normalized Income": 13317000.0,
        "Net Income From Continuing And Discontinued Operation": 13317000.0,
        "Diluted Average Shares": NaN,
        "Basic Average Shares": NaN,
        "Diluted EPS": NaN,
        "Basic EPS": NaN,
        "Diluted NI Availto Com Stockholders": 13317000.0,
        "Net Income Common Stockholders": 13317000.0,
        "Net Income": 13317000.0,
        "Net Income Including Noncontrolling Interests": 13317000.0,
        "Net Income Continuous Operations": 13317000.0,
        "Tax Provision": 6050000.0,
        "Pretax Income": 19367000.0,
        "Gain On Sale Of Security": 0.0,
        "Selling General And Administration": 9552000.0,
        "Selling And Marketing Expense": 752000.0,
        "General And Administrative Expense": 8800000.0,
        "Insurance And Claims": 440000.0,
        "Salaries And Wages": 8360000.0,
        "Total Revenue": 34834000.0,
        "Operating Revenue": 34834000.0,
        "Occupancy And Equipment": 649000.0,
        "Professional Expense And Contract Services Expense": 774000.0,
        "Other Non Interest Expense": 3192000.0
    }
}