{
    "2023-03-31": {
        "Tax Effect Of Unusual Items": 0.0,
        "Tax Rate For Calcs": 0.21,
        "Normalized EBITDA": -26124000.0,
        "Total Unusual Items": NaN,
        "Total Unusual Items Excluding Goodwill": NaN,
        "Net Income From Continuing Operation Net Minority Interest": -44687000.0,
        "Reconciled Depreciation": 17215000.0,
        "Reconciled Cost Of Revenue": 57310000.0,
        "EBITDA": -26124000.0,
        "EBIT": -43339000.0,
        "Net Interest Income": 2973000.0,
        "Interest Expense": 1213000.0,
        "Interest Income": 4186000.0,
        "Normalized Income": -44687000.0,
        "Net Income From Continuing And Discontinued Operation": -44687000.0,
        "Total Expenses": 164839000.0,
        "Total Operating Income As Reported": -47275000.0,
        "Diluted Average Shares": 125418000.0,
        "Basic Average Shares": 125418000.0,
        "Diluted EPS": -0.36,
        "Basic EPS": -0.36,
        "Diluted NI Availto Com Stockholders": -44687000.0,
        "Net Income Common Stockholders": -44687000.0,
        "Net Income": -44687000.0,
        "Net Income Including Noncontrolling Interests": -44687000.0,
        "Net Income Continuous Operations": -44687000.0,
        "Tax Provision": 135000.0,
        "Pretax Income": -44552000.0,
        "Other Income Expense": -250000.0,
        "Other Non Operating Income Expenses": -250000.0,
        "Special Income Charges": NaN,
        "Other Special Charges": NaN,
        "Write Off": NaN,
        "Impairment Of Capital Assets": NaN,
        "Net Non Operating Interest Income Expense": 2973000.0,
        "Interest Expense Non Operating": 1213000.0,
        "Interest Income Non Operating": 4186000.0,
        "Operating Income": -47275000.0,
        "Operating Expense": 107529000.0,
        "Research And Development": 37431000.0,
        "Selling General And Administration": 70098000.0,
        "Selling And Marketing Expense": 44271000.0,
        "General And Administrative Expense": 25827000.0,
        "Other Gand A": 25827000.0,
        "Gross Profit": 60254000.0,
        "Cost Of Revenue": 57310000.0,
        "Total Revenue": 117564000.0,
        "Operating Revenue": 117564000.0
    },
    "2022-12-31": {
        "Tax Effect Of Unusual Items": NaN,
        "Tax Rate For Calcs": NaN,
        "Normalized EBITDA": NaN,
        "Total Unusual Items": 0.0,
        "Total Unusual Items Excluding Goodwill": 0.0,
        "Net Income From Continuing Operation Net Minority Interest": NaN,
        "Reconciled Depreciation": NaN,
        "Reconciled Cost Of Revenue": NaN,
        "EBITDA": NaN,
        "EBIT": NaN,
        "Net Interest Income": NaN,
        "Interest Expense": NaN,
        "Interest Income": NaN,
        "Normalized Income": NaN,
        "Net Income From Continuing And Discontinued Operation": NaN,
        "Total Expenses": NaN,
        "Total Operating Income As Reported": NaN,
        "Diluted Average Shares": NaN,
        "Basic Average Shares": NaN,
        "Diluted EPS": NaN,
        "Basic EPS": NaN,
        "Diluted NI Availto Com Stockholders": NaN,
        "Net Income Common Stockholders": NaN,
        "Net Income": NaN,
        "Net Income Including Noncontrolling Interests": NaN,
        "Net Income Continuous Operations": NaN,
        "Tax Provision": NaN,
        "Pretax Income": NaN,
        "Other Income Expense": NaN,
        "Other Non Operating Income Expenses": NaN,
        "Special Income Charges": 0.0,
        "Other Special Charges": 0.0,
        "Write Off": NaN,
        "Impairment Of Capital Assets": NaN,
        "Net Non Operating Interest Income Expense": NaN,
        "Interest Expense Non Operating": NaN,
        "Interest Income Non Operating": NaN,
        "Operating Income": NaN,
        "Operating Expense": NaN,
        "Research And Development": NaN,
        "Selling General And Administration": NaN,
        "Selling And Marketing Expense": NaN,
        "General And Administrative Expense": NaN,
        "Other Gand A": NaN,
        "Gross Profit": NaN,
        "Cost Of Revenue": NaN,
        "Total Revenue": NaN,
        "Operating Revenue": NaN
    },
    "2022-09-30": {
        "Tax Effect Of Unusual Items": NaN,
        "Tax Rate For Calcs": NaN,
        "Normalized EBITDA": NaN,
        "Total Unusual Items": 0.0,
        "Total Unusual Items Excluding Goodwill": 0.0,
        "Net Income From Continuing Operation Net Minority Interest": NaN,
        "Reconciled Depreciation": NaN,
        "Reconciled Cost Of Revenue": NaN,
        "EBITDA": NaN,
        "EBIT": NaN,
        "Net Interest Income": NaN,
        "Interest Expense": NaN,
        "Interest Income": NaN,
        "Normalized Income": NaN,
        "Net Income From Continuing And Discontinued Operation": NaN,
        "Total Expenses": NaN,
        "Total Operating Income As Reported": NaN,
        "Diluted Average Shares": NaN,
        "Basic Average Shares": NaN,
        "Diluted EPS": NaN,
        "Basic EPS": NaN,
        "Diluted NI Availto Com Stockholders": NaN,
        "Net Income Common Stockholders": NaN,
        "Net Income": NaN,
        "Net Income Including Noncontrolling Interests": NaN,
        "Net Income Continuous Operations": NaN,
        "Tax Provision": NaN,
        "Pretax Income": NaN,
        "Other Income Expense": NaN,
        "Other Non Operating Income Expenses": NaN,
        "Special Income Charges": 0.0,
        "Other Special Charges": NaN,
        "Write Off": 0.0,
        "Impairment Of Capital Assets": 0.0,
        "Net Non Operating Interest Income Expense": NaN,
        "Interest Expense Non Operating": NaN,
        "Interest Income Non Operating": NaN,
        "Operating Income": NaN,
        "Operating Expense": NaN,
        "Research And Development": NaN,
        "Selling General And Administration": NaN,
        "Selling And Marketing Expense": NaN,
        "General And Administrative Expense": NaN,
        "Other Gand A": NaN,
        "Gross Profit": NaN,
        "Cost Of Revenue": NaN,
        "Total Revenue": NaN,
        "Operating Revenue": NaN
    },
    "2022-06-30": {
        "Tax Effect Of Unusual Items": 21756400.0,
        "Tax Rate For Calcs": 0.4,
        "Normalized EBITDA": -46555000.0,
        "Total Unusual Items": 54391000.0,
        "Total Unusual Items Excluding Goodwill": 54391000.0,
        "Net Income From Continuing Operation Net Minority Interest": -16437000.0,
        "Reconciled Depreciation": 22584000.0,
        "Reconciled Cost Of Revenue": 56466000.0,
        "EBITDA": 7836000.0,
        "EBIT": -14748000.0,
        "Net Interest Income": -28000.0,
        "Interest Expense": 1530000.0,
        "Interest Income": 1502000.0,
        "Normalized Income": -49071600.0,
        "Net Income From Continuing And Discontinued Operation": -16437000.0,
        "Total Expenses": 171486000.0,
        "Total Operating Income As Reported": -68968000.0,
        "Diluted Average Shares": 121242000.0,
        "Basic Average Shares": 121242000.0,
        "Diluted EPS": -0.14,
        "Basic EPS": -0.14,
        "Diluted NI Availto Com Stockholders": -16437000.0,
        "Net Income Common Stockholders": -16437000.0,
        "Net Income": -16437000.0,
        "Net Income Including Noncontrolling Interests": -16437000.0,
        "Net Income Continuous Operations": -16437000.0,
        "Tax Provision": 159000.0,
        "Pretax Income": -16278000.0,
        "Other Income Expense": 52718000.0,
        "Other Non Operating Income Expenses": -1673000.0,
        "Special Income Charges": 54391000.0,
        "Other Special Charges": -54391000.0,
        "Net Non Operating Interest Income Expense": -28000.0,
        "Interest Expense Non Operating": 1530000.0,
        "Interest Income Non Operating": 1502000.0,
        "Operating Income": -68968000.0,
        "Operating Expense": 115020000.0,
        "Research And Development": 38717000.0,
        "Selling General And Administration": 76303000.0,
        "Selling And Marketing Expense": 46760000.0,
        "General And Administrative Expense": 29543000.0,
        "Other Gand A": 29543000.0,
        "Salaries And Wages": NaN,
        "Gross Profit": 46052000.0,
        "Cost Of Revenue": 56466000.0,
        "Total Revenue": 102518000.0,
        "Operating Revenue": 102518000.0
    },
    "2023-06-30": {
        "Tax Effect Of Unusual Items": NaN,
        "Tax Rate For Calcs": NaN,
        "Normalized EBITDA": NaN,
        "Total Unusual Items": NaN,
        "Total Unusual Items Excluding Goodwill": NaN,
        "Net Income From Continuing Operation Net Minority Interest": NaN,
        "Reconciled Depreciation": NaN,
        "Reconciled Cost Of Revenue": NaN,
        "EBITDA": NaN,
        "EBIT": NaN,
        "Net Interest Income": NaN,
        "Interest Expense": NaN,
        "Interest Income": NaN,
        "Normalized Income": NaN,
        "Net Income From Continuing And Discontinued Operation": NaN,
        "Total Expenses": NaN,
        "Total Operating Income As Reported": NaN,
        "Diluted Average Shares": NaN,
        "Basic Average Shares": NaN,
        "Diluted EPS": NaN,
        "Basic EPS": NaN,
        "Diluted NI Availto Com Stockholders": NaN,
        "Net Income Common Stockholders": NaN,
        "Net Income": NaN,
        "Net Income Including Noncontrolling Interests": NaN,
        "Net Income Continuous Operations": NaN,
        "Tax Provision": NaN,
        "Pretax Income": NaN,
        "Other Income Expense": NaN,
        "Other Non Operating Income Expenses": NaN,
        "Special Income Charges": NaN,
        "Other Special Charges": -36760000.0,
        "Write Off": NaN,
        "Impairment Of Capital Assets": 0.0,
        "Restructuring And Mergern Acquisition": NaN,
        "Net Non Operating Interest Income Expense": NaN,
        "Interest Expense Non Operating": NaN,
        "Interest Income Non Operating": NaN,
        "Operating Income": NaN,
        "Operating Expense": NaN,
        "Research And Development": NaN,
        "Selling General And Administration": NaN,
        "Selling And Marketing Expense": NaN,
        "General And Administrative Expense": NaN,
        "Other Gand A": NaN,
        "Gross Profit": NaN,
        "Cost Of Revenue": NaN,
        "Total Revenue": NaN,
        "Operating Revenue": NaN
    },
    "2022-03-31": {
        "Diluted EPS": -0.54,
        "Total Revenue": 102,
        "Gross Profit": 48,
        "Operating Income": -63,
        "EBIT": -38,
        "Net Income": -64
    },
    "2021-12-31": {
        "Diluted EPS": -0.49,
        "Total Revenue": 98,
        "Gross Profit": 50,
        "Operating Income": -57,
        "EBIT": -31,
        "Net Income": -58
    },
    "2021-09-30": {
        "Diluted EPS": -0.48,
        "Total Revenue": 87,
        "Gross Profit": 45,
        "Operating Income": -55,
        "EBIT": -33,
        "Net Income": -56
    },
    "2021-06-30": {
        "Diluted EPS": -0.51,
        "Total Revenue": 85,
        "Gross Profit": 45,
        "Operating Income": -57,
        "EBIT": -37,
        "Net Income": -58
    },
    "2021-03-31": {
        "Diluted EPS": -0.44,
        "Total Revenue": 85,
        "Gross Profit": 47,
        "Operating Income": -50,
        "EBIT": -30,
        "Net Income": -51
    },
    "2020-12-31": {
        "Diluted EPS": -0.44,
        "Total Revenue": 83,
        "Gross Profit": 49,
        "Operating Income": -57,
        "EBIT": -39,
        "Net Income": -46
    },
    "2020-09-30": {
        "Diluted EPS": -0.22,
        "Total Revenue": 71,
        "Gross Profit": 41,
        "Operating Income": -23,
        "EBIT": -12,
        "Net Income": -24
    },
    "2020-06-30": {
        "Diluted EPS": -0.14,
        "Total Revenue": 75,
        "Gross Profit": 45,
        "Operating Income": -14,
        "EBIT": -4,
        "Net Income": -14
    },
    "2020-03-31": {
        "Diluted EPS": -0.13,
        "Total Revenue": 63,
        "Gross Profit": 36,
        "Operating Income": -12,
        "EBIT": -2,
        "Net Income": -12
    },
    "2019-12-31": {
        "Diluted EPS": 0.02,
        "Total Revenue": 59,
        "Gross Profit": 33,
        "Operating Income": -14,
        "EBIT": -14,
        "Net Income": -14
    },
    "2019-09-30": {
        "Diluted EPS": -0.13,
        "Total Revenue": 50,
        "Gross Profit": 28,
        "Operating Income": -13,
        "EBIT": -6,
        "Net Income": -12
    },
    "2019-06-30": {
        "Diluted EPS": -0.26,
        "Total Revenue": 46,
        "Gross Profit": 25,
        "Operating Income": -12,
        "EBIT": -2,
        "Net Income": -16
    },
    "2019-03-31": {
        "Diluted EPS": -0.38,
        "Total Revenue": 46,
        "Gross Profit": 26,
        "Operating Income": -8,
        "EBIT": -4,
        "Net Income": -10
    },
    "2018-12-31": {
        "Diluted EPS": 0.0,
        "Total Revenue": NaN,
        "Gross Profit": NaN,
        "Operating Income": NaN,
        "EBIT": NaN,
        "Net Income": NaN
    },
    "2018-09-30": {
        "Diluted EPS": -0.35,
        "Total Revenue": 37,
        "Gross Profit": 20,
        "Operating Income": -8,
        "EBIT": -4,
        "Net Income": -8
    },
    "2018-06-30": {
        "Diluted EPS": -0.24,
        "Total Revenue": 34,
        "Gross Profit": 19,
        "Operating Income": -5,
        "EBIT": -5,
        "Net Income": -6
    },
    "2017-12-31": {
        "Diluted EPS": 0.0,
        "Total Revenue": NaN,
        "Gross Profit": NaN,
        "Operating Income": NaN,
        "EBIT": NaN,
        "Net Income": NaN
    },
    "2023-09-30": {
        "Tax Effect Of Unusual Items": NaN,
        "Tax Rate For Calcs": NaN,
        "Normalized EBITDA": NaN,
        "Total Unusual Items": -4316000.0,
        "Total Unusual Items Excluding Goodwill": -4316000.0,
        "Net Income From Continuing Operation Net Minority Interest": NaN,
        "Reconciled Depreciation": NaN,
        "Reconciled Cost Of Revenue": NaN,
        "EBITDA": NaN,
        "EBIT": NaN,
        "Net Interest Income": NaN,
        "Interest Expense": NaN,
        "Interest Income": NaN,
        "Normalized Income": NaN,
        "Net Income From Continuing And Discontinued Operation": NaN,
        "Total Expenses": NaN,
        "Total Operating Income As Reported": NaN,
        "Diluted Average Shares": NaN,
        "Basic Average Shares": NaN,
        "Diluted EPS": NaN,
        "Basic EPS": NaN,
        "Diluted NI Availto Com Stockholders": NaN,
        "Net Income Common Stockholders": NaN,
        "Net Income": NaN,
        "Net Income Including Noncontrolling Interests": NaN,
        "Net Income Continuous Operations": NaN,
        "Tax Provision": NaN,
        "Pretax Income": NaN,
        "Other Income Expense": NaN,
        "Other Non Operating Income Expenses": NaN,
        "Special Income Charges": -4316000.0,
        "Other Special Charges": NaN,
        "Write Off": 4316000.0,
        "Impairment Of Capital Assets": 4316000.0,
        "Restructuring And Mergern Acquisition": 0.0,
        "Net Non Operating Interest Income Expense": NaN,
        "Interest Expense Non Operating": NaN,
        "Interest Income Non Operating": NaN,
        "Operating Income": NaN,
        "Operating Expense": NaN,
        "Research And Development": NaN,
        "Selling General And Administration": NaN,
        "Selling And Marketing Expense": NaN,
        "General And Administrative Expense": NaN,
        "Other Gand A": NaN,
        "Gross Profit": NaN,
        "Cost Of Revenue": NaN,
        "Total Revenue": NaN,
        "Operating Revenue": NaN
    },
    "2023-12-31": {
        "Tax Effect Of Unusual Items": NaN,
        "Tax Rate For Calcs": NaN,
        "Normalized EBITDA": NaN,
        "Total Unusual Items": 15656000.0,
        "Total Unusual Items Excluding Goodwill": 15656000.0,
        "Net Income From Continuing Operation Net Minority Interest": NaN,
        "Reconciled Depreciation": NaN,
        "Reconciled Cost Of Revenue": NaN,
        "EBITDA": NaN,
        "EBIT": NaN,
        "Net Interest Income": NaN,
        "Interest Expense": NaN,
        "Interest Income": NaN,
        "Normalized Income": NaN,
        "Net Income From Continuing And Discontinued Operation": NaN,
        "Total Expenses": NaN,
        "Total Operating Income As Reported": NaN,
        "Diluted Average Shares": NaN,
        "Basic Average Shares": NaN,
        "Diluted EPS": NaN,
        "Basic EPS": NaN,
        "Diluted NI Availto Com Stockholders": NaN,
        "Net Income Common Stockholders": NaN,
        "Net Income": NaN,
        "Net Income Including Noncontrolling Interests": NaN,
        "Net Income Continuous Operations": NaN,
        "Tax Provision": NaN,
        "Pretax Income": NaN,
        "Other Income Expense": NaN,
        "Other Non Operating Income Expenses": NaN,
        "Special Income Charges": 15656000.0,
        "Other Special Charges": -15656000.0,
        "Write Off": 0.0,
        "Impairment Of Capital Assets": 0.0,
        "Restructuring And Mergern Acquisition": NaN,
        "Net Non Operating Interest Income Expense": NaN,
        "Interest Expense Non Operating": NaN,
        "Interest Income Non Operating": NaN,
        "Operating Income": NaN,
        "Operating Expense": NaN,
        "Research And Development": NaN,
        "Selling General And Administration": NaN,
        "Selling And Marketing Expense": NaN,
        "General And Administrative Expense": NaN,
        "Other Gand A": NaN,
        "Gross Profit": NaN,
        "Cost Of Revenue": NaN,
        "Total Revenue": NaN,
        "Operating Revenue": NaN
    },
    "2024-03-31": {
        "Tax Effect Of Unusual Items": 0.0,
        "Tax Rate For Calcs": 0.21,
        "Normalized EBITDA": -24325000.0,
        "Total Unusual Items": NaN,
        "Total Unusual Items Excluding Goodwill": NaN,
        "Net Income From Continuing Operation Net Minority Interest": -43427000.0,
        "Reconciled Depreciation": 18176000.0,
        "Reconciled Cost Of Revenue": 60286000.0,
        "EBITDA": -24325000.0,
        "EBIT": -42501000.0,
        "Net Interest Income": 3269000.0,
        "Interest Expense": 579000.0,
        "Interest Income": 3848000.0,
        "Normalized Income": -43427000.0,
        "Net Income From Continuing And Discontinued Operation": -43427000.0,
        "Total Expenses": 179780000.0,
        "Total Operating Income As Reported": -46260000.0,
        "Diluted Average Shares": 134587000.0,
        "Basic Average Shares": 134587000.0,
        "Diluted EPS": -0.32,
        "Basic EPS": -0.32,
        "Diluted NI Availto Com Stockholders": -43427000.0,
        "Net Income Common Stockholders": -43427000.0,
        "Net Income": -43427000.0,
        "Net Income Including Noncontrolling Interests": -43427000.0,
        "Net Income Continuous Operations": -43427000.0,
        "Tax Provision": 347000.0,
        "Pretax Income": -43080000.0,
        "Other Income Expense": -89000.0,
        "Other Non Operating Income Expenses": -89000.0,
        "Special Income Charges": NaN,
        "Other Special Charges": NaN,
        "Write Off": NaN,
        "Impairment Of Capital Assets": NaN,
        "Restructuring And Mergern Acquisition": NaN,
        "Net Non Operating Interest Income Expense": 3269000.0,
        "Interest Expense Non Operating": 579000.0,
        "Interest Income Non Operating": 3848000.0,
        "Operating Income": -46260000.0,
        "Operating Expense": 119494000.0,
        "Research And Development": 38248000.0,
        "Selling General And Administration": 81246000.0,
        "Selling And Marketing Expense": 49607000.0,
        "General And Administrative Expense": 31639000.0,
        "Other Gand A": 31639000.0,
        "Gross Profit": 73234000.0,
        "Cost Of Revenue": 60286000.0,
        "Total Revenue": 133520000.0,
        "Operating Revenue": 130596000.0
    },
    "2024-06-30": {
        "Tax Effect Of Unusual Items": -658770.0,
        "Tax Rate For Calcs": 0.21,
        "Normalized EBITDA": -21249000.0,
        "Total Unusual Items": -3137000.0,
        "Total Unusual Items Excluding Goodwill": -3137000.0,
        "Net Income From Continuing Operation Net Minority Interest": -43729000.0,
        "Reconciled Depreciation": 18218000.0,
        "Reconciled Cost Of Revenue": 59470000.0,
        "EBITDA": -24386000.0,
        "EBIT": -42604000.0,
        "Net Interest Income": 3473000.0,
        "Interest Expense": 464000.0,
        "Interest Income": 3937000.0,
        "Normalized Income": -41250770.0,
        "Net Income From Continuing And Discontinued Operation": -43729000.0,
        "Total Expenses": 175968000.0,
        "Total Operating Income As Reported": -46734000.0,
        "Diluted Average Shares": 137444000.0,
        "Basic Average Shares": 137444000.0,
        "Diluted EPS": -0.32,
        "Basic EPS": -0.32,
        "Diluted NI Availto Com Stockholders": -43729000.0,
        "Net Income Common Stockholders": -43729000.0,
        "Net Income": -43729000.0,
        "Net Income Including Noncontrolling Interests": -43729000.0,
        "Net Income Continuous Operations": -43729000.0,
        "Tax Provision": 661000.0,
        "Pretax Income": -43068000.0,
        "Other Income Expense": -2944000.0,
        "Other Non Operating Income Expenses": 193000.0,
        "Special Income Charges": -3137000.0,
        "Other Special Charges": NaN,
        "Write Off": 3137000.0,
        "Impairment Of Capital Assets": 3137000.0,
        "Restructuring And Mergern Acquisition": NaN,
        "Net Non Operating Interest Income Expense": 3473000.0,
        "Interest Expense Non Operating": 464000.0,
        "Interest Income Non Operating": 3937000.0,
        "Operating Income": -43597000.0,
        "Operating Expense": 116498000.0,
        "Research And Development": 35106000.0,
        "Selling General And Administration": 81392000.0,
        "Selling And Marketing Expense": 52959000.0,
        "General And Administrative Expense": 28433000.0,
        "Other Gand A": 28433000.0,
        "Gross Profit": 72901000.0,
        "Cost Of Revenue": 59470000.0,
        "Total Revenue": 132371000.0,
        "Operating Revenue": 129526000.0
    },
    "2024-09-30": {
        "Tax Effect Of Unusual Items": -2158590.0,
        "Tax Rate For Calcs": 0.21,
        "Normalized EBITDA": -8253000.0,
        "Total Unusual Items": -10279000.0,
        "Total Unusual Items Excluding Goodwill": -10279000.0,
        "Net Income From Continuing Operation Net Minority Interest": -38016000.0,
        "Reconciled Depreciation": 18556000.0,
        "Reconciled Cost Of Revenue": 62466000.0,
        "EBITDA": -18532000.0,
        "EBIT": -37088000.0,
        "Net Interest Income": 3346000.0,
        "Interest Expense": 473000.0,
        "Interest Income": 3819000.0,
        "Normalized Income": -29895590.0,
        "Net Income From Continuing And Discontinued Operation": -38016000.0,
        "Total Expenses": 167517000.0,
        "Total Operating Income As Reported": -40590000.0,
        "Diluted Average Shares": 139237000.0,
        "Basic Average Shares": 139237000.0,
        "Diluted EPS": -0.27,
        "Basic EPS": -0.27,
        "Diluted NI Availto Com Stockholders": -38016000.0,
        "Net Income Common Stockholders": -38016000.0,
        "Net Income": -38016000.0,
        "Net Income Including Noncontrolling Interests": -38016000.0,
        "Net Income Continuous Operations": -38016000.0,
        "Tax Provision": 455000.0,
        "Pretax Income": -37561000.0,
        "Other Income Expense": -10596000.0,
        "Other Non Operating Income Expenses": -317000.0,
        "Special Income Charges": -10279000.0,
        "Other Special Charges": NaN,
        "Write Off": 559000.0,
        "Impairment Of Capital Assets": 559000.0,
        "Restructuring And Mergern Acquisition": 9720000.0,
        "Net Non Operating Interest Income Expense": 3346000.0,
        "Interest Expense Non Operating": 473000.0,
        "Interest Income Non Operating": 3819000.0,
        "Operating Income": -30311000.0,
        "Operating Expense": 105051000.0,
        "Research And Development": 31884000.0,
        "Selling General And Administration": 73167000.0,
        "Selling And Marketing Expense": 45994000.0,
        "General And Administrative Expense": 27173000.0,
        "Other Gand A": 27173000.0,
        "Gross Profit": 74740000.0,
        "Cost Of Revenue": 62466000.0,
        "Total Revenue": 137206000.0,
        "Operating Revenue": 133615000.0
    },
    "2024-12-31": {
        "Tax Effect Of Unusual Items": 192570.0,
        "Tax Rate For Calcs": 0.21,
        "Normalized EBITDA": -12745000.0,
        "Total Unusual Items": 917000.0,
        "Total Unusual Items Excluding Goodwill": 917000.0,
        "Net Income From Continuing Operation Net Minority Interest": -32886000.0,
        "Reconciled Depreciation": 18686000.0,
        "Reconciled Cost Of Revenue": 65516000.0,
        "EBITDA": -11828000.0,
        "EBIT": -30514000.0,
        "Net Interest Income": 2036000.0,
        "Interest Expense": 1231000.0,
        "Interest Income": 3267000.0,
        "Normalized Income": -33610430.0,
        "Net Income From Continuing And Discontinued Operation": -32886000.0,
        "Total Expenses": 174462000.0,
        "Total Operating Income As Reported": -34331000.0,
        "Diluted Average Shares": 141085000.0,
        "Basic Average Shares": 141085000.0,
        "Diluted EPS": -0.23,
        "Basic EPS": -0.23,
        "Diluted NI Availto Com Stockholders": -32886000.0,
        "Net Income Common Stockholders": -32886000.0,
        "Net Income": -32886000.0,
        "Net Income Including Noncontrolling Interests": -32886000.0,
        "Net Income Continuous Operations": -32886000.0,
        "Tax Provision": 1141000.0,
        "Pretax Income": -31745000.0,
        "Other Income Expense": 102000.0,
        "Other Non Operating Income Expenses": -815000.0,
        "Special Income Charges": 917000.0,
        "Other Special Charges": NaN,
        "Write Off": 448000.0,
        "Impairment Of Capital Assets": 448000.0,
        "Restructuring And Mergern Acquisition": 0.0,
        "Net Non Operating Interest Income Expense": 2036000.0,
        "Interest Expense Non Operating": 1231000.0,
        "Interest Income Non Operating": 3267000.0,
        "Operating Income": -33883000.0,
        "Operating Expense": 108946000.0,
        "Research And Development": 32742000.0,
        "Selling General And Administration": 76204000.0,
        "Selling And Marketing Expense": 50050000.0,
        "General And Administrative Expense": 26154000.0,
        "Other Gand A": 26154000.0,
        "Gross Profit": 75063000.0,
        "Cost Of Revenue": 65516000.0,
        "Total Revenue": 140579000.0,
        "Operating Revenue": 149939000.0
    },
    "2025-03-31": {
        "Tax Effect Of Unusual Items": 0.0,
        "Tax Rate For Calcs": 0.21,
        "Normalized EBITDA": -15217000.0,
        "Total Unusual Items": NaN,
        "Total Unusual Items Excluding Goodwill": NaN,
        "Net Income From Continuing Operation Net Minority Interest": -39148000.0,
        "Reconciled Depreciation": 20067000.0,
        "Reconciled Cost Of Revenue": 67676000.0,
        "EBITDA": -15217000.0,
        "EBIT": -35284000.0,
        "Net Interest Income": -198000.0,
        "Interest Expense": 3173000.0,
        "Interest Income": 2975000.0,
        "Normalized Income": -39148000.0,
        "Net Income From Continuing And Discontinued Operation": -39148000.0,
        "Total Expenses": 182653000.0,
        "Total Operating Income As Reported": -38179000.0,
        "Diluted Average Shares": 143284000.0,
        "Basic Average Shares": 143284000.0,
        "Diluted EPS": -0.27,
        "Basic EPS": -0.27,
        "Diluted NI Availto Com Stockholders": -39148000.0,
        "Net Income Common Stockholders": -39148000.0,
        "Net Income": -39148000.0,
        "Net Income Including Noncontrolling Interests": -39148000.0,
        "Net Income Continuous Operations": -39148000.0,
        "Tax Provision": 691000.0,
        "Pretax Income": -38457000.0,
        "Other Income Expense": -80000.0,
        "Other Non Operating Income Expenses": -80000.0,
        "Special Income Charges": NaN,
        "Other Special Charges": NaN,
        "Write Off": NaN,
        "Impairment Of Capital Assets": NaN,
        "Restructuring And Mergern Acquisition": NaN,
        "Net Non Operating Interest Income Expense": -198000.0,
        "Interest Expense Non Operating": 3173000.0,
        "Interest Income Non Operating": 2975000.0,
        "Operating Income": -38179000.0,
        "Operating Expense": 114977000.0,
        "Research And Development": 37429000.0,
        "Selling General And Administration": 77548000.0,
        "Selling And Marketing Expense": 49313000.0,
        "General And Administrative Expense": 28235000.0,
        "Other Gand A": 28235000.0,
        "Gross Profit": 76798000.0,
        "Cost Of Revenue": 67676000.0,
        "Total Revenue": 144474000.0,
        "Operating Revenue": 139665000.0
    },
    "2025-06-30": {
        "Tax Effect Of Unusual Items": -87150.0,
        "Tax Rate For Calcs": 0.21,
        "Normalized EBITDA": -13565000.0,
        "Total Unusual Items": -415000.0,
        "Total Unusual Items Excluding Goodwill": -415000.0,
        "Net Income From Continuing Operation Net Minority Interest": -37541000.0,
        "Reconciled Depreciation": 19840000.0,
        "Reconciled Cost Of Revenue": 67593000.0,
        "EBITDA": -13980000.0,
        "EBIT": -33820000.0,
        "Net Interest Income": -80000.0,
        "Interest Expense": 3164000.0,
        "Interest Income": 3084000.0,
        "Normalized Income": -37213150.0,
        "Net Income From Continuing And Discontinued Operation": -37541000.0,
        "Total Expenses": 185237000.0,
        "Total Operating Income As Reported": -36943000.0,
        "Diluted Average Shares": 145780000.0,
        "Basic Average Shares": 145780000.0,
        "Diluted EPS": -0.26,
        "Basic EPS": -0.26,
        "Diluted NI Availto Com Stockholders": -37541000.0,
        "Net Income Common Stockholders": -37541000.0,
        "Net Income": -37541000.0,
        "Net Income Including Noncontrolling Interests": -37541000.0,
        "Net Income Continuous Operations": -37541000.0,
        "Tax Provision": 557000.0,
        "Pretax Income": -36984000.0,
        "Other Income Expense": -376000.0,
        "Other Non Operating Income Expenses": 39000.0,
        "Special Income Charges": -415000.0,
        "Other Special Charges": NaN,
        "Write Off": NaN,
        "Impairment Of Capital Assets": 415000.0,
        "Restructuring And Mergern Acquisition": NaN,
        "Net Non Operating Interest Income Expense": -80000.0,
        "Interest Expense Non Operating": 3164000.0,
        "Interest Income Non Operating": 3084000.0,
        "Operating Income": -36528000.0,
        "Operating Expense": 117644000.0,
        "Research And Development": 42221000.0,
        "Selling General And Administration": 75423000.0,
        "Selling And Marketing Expense": 51100000.0,
        "General And Administrative Expense": 24323000.0,
        "Other Gand A": 24323000.0,
        "Gross Profit": 81116000.0,
        "Cost Of Revenue": 67593000.0,
        "Total Revenue": 148709000.0,
        "Operating Revenue": 144144000.0
    }
}