{
    "2023-03-31": {
        "Tax Effect Of Unusual Items": NaN,
        "Tax Rate For Calcs": NaN,
        "Normalized EBITDA": NaN,
        "Total Unusual Items": NaN,
        "Total Unusual Items Excluding Goodwill": NaN,
        "Net Income From Continuing Operation Net Minority Interest": NaN,
        "Reconciled Depreciation": NaN,
        "Reconciled Cost Of Revenue": NaN,
        "EBITDA": NaN,
        "EBIT": NaN,
        "Net Interest Income": NaN,
        "Interest Expense": NaN,
        "Interest Income": 658000.0,
        "Normalized Income": NaN,
        "Net Income From Continuing And Discontinued Operation": NaN,
        "Total Expenses": NaN,
        "Total Operating Income As Reported": NaN,
        "Diluted Average Shares": 292351000.0,
        "Basic Average Shares": 290242000.0,
        "Diluted EPS": 0.04,
        "Basic EPS": 0.04,
        "Diluted NI Availto Com Stockholders": NaN,
        "Net Income Common Stockholders": NaN,
        "Net Income": NaN,
        "Minority Interests": NaN,
        "Net Income Including Noncontrolling Interests": NaN,
        "Net Income Continuous Operations": NaN,
        "Tax Provision": NaN,
        "Pretax Income": NaN,
        "Other Income Expense": NaN,
        "Other Non Operating Income Expenses": NaN,
        "Special Income Charges": NaN,
        "Gain On Sale Of Ppe": NaN,
        "Impairment Of Capital Assets": NaN,
        "Gain On Sale Of Security": NaN,
        "Net Non Operating Interest Income Expense": NaN,
        "Total Other Finance Cost": 105000.0,
        "Interest Expense Non Operating": NaN,
        "Interest Income Non Operating": 658000.0,
        "Operating Income": NaN,
        "Operating Expense": NaN,
        "Other Operating Expenses": 44000.0,
        "Selling General And Administration": NaN,
        "General And Administrative Expense": NaN,
        "Other Gand A": NaN,
        "Salaries And Wages": NaN,
        "Gross Profit": NaN,
        "Cost Of Revenue": NaN,
        "Total Revenue": NaN,
        "Operating Revenue": NaN
    },
    "2022-12-31": {
        "Tax Effect Of Unusual Items": NaN,
        "Tax Rate For Calcs": NaN,
        "Normalized EBITDA": NaN,
        "Total Unusual Items": NaN,
        "Total Unusual Items Excluding Goodwill": NaN,
        "Net Income From Continuing Operation Net Minority Interest": NaN,
        "Reconciled Depreciation": NaN,
        "Reconciled Cost Of Revenue": NaN,
        "EBITDA": NaN,
        "EBIT": NaN,
        "Net Interest Income": NaN,
        "Interest Expense": NaN,
        "Interest Income": NaN,
        "Normalized Income": NaN,
        "Net Income From Continuing And Discontinued Operation": NaN,
        "Total Expenses": NaN,
        "Total Operating Income As Reported": NaN,
        "Diluted Average Shares": NaN,
        "Basic Average Shares": NaN,
        "Diluted EPS": NaN,
        "Basic EPS": NaN,
        "Diluted NI Availto Com Stockholders": NaN,
        "Net Income Common Stockholders": NaN,
        "Net Income": NaN,
        "Minority Interests": NaN,
        "Net Income Including Noncontrolling Interests": NaN,
        "Net Income Continuous Operations": NaN,
        "Tax Provision": NaN,
        "Pretax Income": NaN,
        "Other Income Expense": NaN,
        "Other Non Operating Income Expenses": NaN,
        "Special Income Charges": -183213000.0,
        "Gain On Sale Of Ppe": NaN,
        "Impairment Of Capital Assets": 183213000.0,
        "Restructuring And Mergern Acquisition": 0.0,
        "Gain On Sale Of Security": NaN,
        "Net Non Operating Interest Income Expense": NaN,
        "Total Other Finance Cost": NaN,
        "Interest Expense Non Operating": NaN,
        "Interest Income Non Operating": NaN,
        "Operating Income": NaN,
        "Operating Expense": NaN,
        "Other Operating Expenses": 2691000.0,
        "Selling General And Administration": NaN,
        "General And Administrative Expense": NaN,
        "Other Gand A": NaN,
        "Salaries And Wages": NaN,
        "Gross Profit": NaN,
        "Cost Of Revenue": NaN,
        "Total Revenue": NaN,
        "Operating Revenue": NaN
    },
    "2022-09-30": {
        "Tax Effect Of Unusual Items": NaN,
        "Tax Rate For Calcs": NaN,
        "Normalized EBITDA": NaN,
        "Total Unusual Items": NaN,
        "Total Unusual Items Excluding Goodwill": NaN,
        "Net Income From Continuing Operation Net Minority Interest": NaN,
        "Reconciled Depreciation": NaN,
        "Reconciled Cost Of Revenue": NaN,
        "EBITDA": NaN,
        "EBIT": NaN,
        "Net Interest Income": NaN,
        "Interest Expense": NaN,
        "Interest Income": NaN,
        "Normalized Income": NaN,
        "Net Income From Continuing And Discontinued Operation": NaN,
        "Total Expenses": NaN,
        "Total Operating Income As Reported": NaN,
        "Diluted Average Shares": 291429000.0,
        "Basic Average Shares": 291429000.0,
        "Diluted EPS": -0.012881,
        "Basic EPS": -0.012881,
        "Diluted NI Availto Com Stockholders": NaN,
        "Net Income Common Stockholders": NaN,
        "Net Income": NaN,
        "Minority Interests": NaN,
        "Net Income Including Noncontrolling Interests": NaN,
        "Net Income Continuous Operations": NaN,
        "Tax Provision": NaN,
        "Pretax Income": NaN,
        "Other Income Expense": NaN,
        "Other Non Operating Income Expenses": -36000.0,
        "Special Income Charges": -3567000.0,
        "Gain On Sale Of Ppe": -188000.0,
        "Impairment Of Capital Assets": 3379000.0,
        "Restructuring And Mergern Acquisition": 0.0,
        "Gain On Sale Of Security": NaN,
        "Net Non Operating Interest Income Expense": NaN,
        "Total Other Finance Cost": NaN,
        "Interest Expense Non Operating": NaN,
        "Interest Income Non Operating": NaN,
        "Operating Income": NaN,
        "Operating Expense": NaN,
        "Other Operating Expenses": NaN,
        "Selling General And Administration": NaN,
        "General And Administrative Expense": NaN,
        "Other Gand A": NaN,
        "Salaries And Wages": NaN,
        "Gross Profit": NaN,
        "Cost Of Revenue": NaN,
        "Total Revenue": NaN,
        "Operating Revenue": NaN
    },
    "2022-06-30": {
        "Tax Effect Of Unusual Items": 1109200.0,
        "Tax Rate For Calcs": 0.4,
        "Normalized EBITDA": 59170000.0,
        "Total Unusual Items": 2773000.0,
        "Total Unusual Items Excluding Goodwill": 2773000.0,
        "Net Income From Continuing Operation Net Minority Interest": 2329000.0,
        "Reconciled Depreciation": 42943000.0,
        "Reconciled Cost Of Revenue": 135327000.0,
        "EBITDA": 61943000.0,
        "EBIT": 19000000.0,
        "Net Interest Income": -3727000.0,
        "Interest Expense": 3727000.0,
        "Normalized Income": 665200.0,
        "Net Income From Continuing And Discontinued Operation": 2329000.0,
        "Total Expenses": 150628000.0,
        "Total Operating Income As Reported": 13147000.0,
        "Diluted Average Shares": 295208000.0,
        "Basic Average Shares": 291937000.0,
        "Diluted EPS": 0.01,
        "Basic EPS": 0.01,
        "Diluted NI Availto Com Stockholders": 2329000.0,
        "Average Dilution Earnings": 0.0,
        "Net Income Common Stockholders": 2329000.0,
        "Net Income": 2329000.0,
        "Minority Interests": 650000.0,
        "Net Income Including Noncontrolling Interests": 1679000.0,
        "Net Income Continuous Operations": 1679000.0,
        "Tax Provision": 13594000.0,
        "Pretax Income": 15273000.0,
        "Other Income Expense": 1757000.0,
        "Other Non Operating Income Expenses": -1016000.0,
        "Special Income Charges": 0.0,
        "Gain On Sale Of Ppe": NaN,
        "Impairment Of Capital Assets": 0.0,
        "Restructuring And Mergern Acquisition": 0.0,
        "Gain On Sale Of Security": 2773000.0,
        "Net Non Operating Interest Income Expense": -3727000.0,
        "Interest Expense Non Operating": 3727000.0,
        "Operating Income": 17243000.0,
        "Operating Expense": 15301000.0,
        "Other Operating Expenses": 481000.0,
        "Selling General And Administration": 14820000.0,
        "General And Administrative Expense": 14820000.0,
        "Other Gand A": 14340000.0,
        "Salaries And Wages": 480000.0,
        "Gross Profit": 32544000.0,
        "Cost Of Revenue": 135327000.0,
        "Total Revenue": 167871000.0,
        "Operating Revenue": 167871000.0
    },
    "2022-03-31": {
        "Diluted EPS": 0.09,
        "Total Revenue": 182,
        "Gross Profit": 64,
        "Operating Income": 41,
        "EBIT": 79,
        "Net Income": 26
    },
    "2021-12-31": {
        "Diluted EPS": 0.01,
        "Total Revenue": 199,
        "Gross Profit": 58,
        "Operating Income": 39,
        "EBIT": 84,
        "Net Income": 16
    },
    "2021-09-30": {
        "Diluted EPS": -0.0,
        "Total Revenue": 163,
        "Gross Profit": 47,
        "Operating Income": 22,
        "EBIT": 60,
        "Net Income": 0
    },
    "2021-06-30": {
        "Diluted EPS": 0.08,
        "Total Revenue": 121,
        "Gross Profit": 48,
        "Operating Income": 36,
        "EBIT": 56,
        "Net Income": 16
    },
    "2021-03-31": {
        "Diluted EPS": 0.14,
        "Total Revenue": 118,
        "Gross Profit": 51,
        "Operating Income": 40,
        "EBIT": 60,
        "Net Income": 26
    },
    "2020-12-31": {
        "Diluted EPS": 0.11,
        "Total Revenue": 104,
        "Gross Profit": 47,
        "Operating Income": 28,
        "EBIT": 42,
        "Net Income": 19
    },
    "2020-09-30": {
        "Diluted EPS": 0.07,
        "Total Revenue": 83,
        "Gross Profit": 42,
        "Operating Income": 28,
        "EBIT": 40,
        "Net Income": 13
    },
    "2020-06-30": {
        "Diluted EPS": -0.03,
        "Total Revenue": 44,
        "Gross Profit": 14,
        "Operating Income": -1,
        "EBIT": 7,
        "Net Income": -6
    },
    "2020-03-31": {
        "Diluted EPS": -0.03,
        "Total Revenue": 48,
        "Gross Profit": 7,
        "Operating Income": 2,
        "EBIT": 14,
        "Net Income": -4
    },
    "2019-12-31": {
        "Diluted EPS": 0.11,
        "Total Revenue": 69,
        "Gross Profit": 23,
        "Operating Income": 9,
        "EBIT": 21,
        "Net Income": 19
    },
    "2019-09-30": {
        "Diluted EPS": -0.05,
        "Total Revenue": 61,
        "Gross Profit": 17,
        "Operating Income": -1,
        "EBIT": 11,
        "Net Income": -8
    },
    "2019-06-30": {
        "Diluted EPS": 0.07,
        "Total Revenue": 68,
        "Gross Profit": 23,
        "Operating Income": 16,
        "EBIT": 28,
        "Net Income": 10
    },
    "2019-03-31": {
        "Diluted EPS": 0.01,
        "Total Revenue": 59,
        "Gross Profit": 21,
        "Operating Income": 11,
        "EBIT": 21,
        "Net Income": 2
    },
    "2018-12-31": {
        "Diluted EPS": 0.01,
        "Total Revenue": 60,
        "Gross Profit": 17,
        "Operating Income": 6,
        "EBIT": 17,
        "Net Income": 2
    },
    "2018-09-30": {
        "Diluted EPS": 0.04,
        "Total Revenue": 60,
        "Gross Profit": 16,
        "Operating Income": 11,
        "EBIT": 22,
        "Net Income": 7
    },
    "2018-06-30": {
        "Diluted EPS": 0.07,
        "Total Revenue": 74,
        "Gross Profit": 31,
        "Operating Income": 22,
        "EBIT": 34,
        "Net Income": 11
    },
    "2018-03-31": {
        "Diluted EPS": 0.09,
        "Total Revenue": 70,
        "Gross Profit": 31,
        "Operating Income": 22,
        "EBIT": 33,
        "Net Income": 14
    },
    "2017-12-31": {
        "Diluted EPS": 0.22,
        "Total Revenue": 75,
        "Gross Profit": 35,
        "Operating Income": 58,
        "EBIT": 67,
        "Net Income": 34
    },
    "2017-09-30": {
        "Diluted EPS": 0.06,
        "Total Revenue": 64,
        "Gross Profit": 25,
        "Operating Income": 19,
        "EBIT": 30,
        "Net Income": 10
    },
    "2017-06-30": {
        "Diluted EPS": 0.06,
        "Total Revenue": 64,
        "Gross Profit": 22,
        "Operating Income": 14,
        "EBIT": 26,
        "Net Income": 9
    },
    "2017-03-31": {
        "Diluted EPS": 0.08,
        "Total Revenue": 65,
        "Gross Profit": 27,
        "Operating Income": 20,
        "EBIT": 30,
        "Net Income": 13
    },
    "2016-12-31": {
        "Diluted EPS": 0.05,
        "Total Revenue": 58,
        "Gross Profit": 21,
        "Operating Income": 18,
        "EBIT": 28,
        "Net Income": 7
    },
    "2016-09-30": {
        "Diluted EPS": 0.07,
        "Total Revenue": 65,
        "Gross Profit": 28,
        "Operating Income": 21,
        "EBIT": 31,
        "Net Income": 10
    },
    "2016-06-30": {
        "Diluted EPS": -0.01,
        "Total Revenue": 44,
        "Gross Profit": 16,
        "Operating Income": 4,
        "EBIT": 11,
        "Net Income": -1
    },
    "2016-03-31": {
        "Diluted EPS": 0.02,
        "Total Revenue": 43,
        "Gross Profit": 16,
        "Operating Income": 6,
        "EBIT": 12,
        "Net Income": 3
    },
    "2015-12-31": {
        "Diluted EPS": -0.13,
        "Total Revenue": 37,
        "Gross Profit": 10,
        "Operating Income": -21,
        "EBIT": -14,
        "Net Income": -17
    },
    "2015-09-30": {
        "Diluted EPS": 0.02,
        "Total Revenue": 39,
        "Gross Profit": 10,
        "Operating Income": 6,
        "EBIT": 13,
        "Net Income": 3
    },
    "2015-06-30": {
        "Diluted EPS": 0.0,
        "Total Revenue": 39,
        "Gross Profit": 10,
        "Operating Income": 5,
        "EBIT": 11,
        "Net Income": 0
    },
    "2015-03-31": {
        "Diluted EPS": 0.03,
        "Total Revenue": 40,
        "Gross Profit": 13,
        "Operating Income": 8,
        "EBIT": 14,
        "Net Income": 4
    },
    "2014-12-31": {
        "Diluted EPS": 0.0,
        "Total Revenue": 38,
        "Gross Profit": 10,
        "Operating Income": 4,
        "EBIT": 9,
        "Net Income": 0
    },
    "2014-09-30": {
        "Diluted EPS": 0.06,
        "Total Revenue": 46,
        "Gross Profit": 17,
        "Operating Income": 13,
        "EBIT": 19,
        "Net Income": 8
    },
    "2014-06-30": {
        "Diluted EPS": 0.02,
        "Total Revenue": 44,
        "Gross Profit": 16,
        "Operating Income": 8,
        "EBIT": 13,
        "Net Income": 3
    },
    "2014-03-31": {
        "Diluted EPS": 0.04,
        "Total Revenue": 46,
        "Gross Profit": 17,
        "Operating Income": 9,
        "EBIT": 15,
        "Net Income": 5
    },
    "2013-12-31": {
        "Diluted EPS": -0.12,
        "Total Revenue": 36,
        "Gross Profit": 10,
        "Operating Income": -24,
        "EBIT": -19,
        "Net Income": -15
    },
    "2013-09-30": {
        "Diluted EPS": 0.0,
        "Total Revenue": 30,
        "Gross Profit": 8,
        "Operating Income": 3,
        "EBIT": 8,
        "Net Income": 0
    },
    "2013-06-30": {
        "Diluted EPS": -0.08,
        "Total Revenue": 30,
        "Gross Profit": 6,
        "Operating Income": 1,
        "EBIT": 6,
        "Net Income": -11
    },
    "2013-03-31": {
        "Diluted EPS": 0.05,
        "Total Revenue": 41,
        "Gross Profit": 17,
        "Operating Income": 11,
        "EBIT": 16,
        "Net Income": 7
    },
    "2012-12-31": {
        "Diluted EPS": 0.07,
        "Total Revenue": 38,
        "Gross Profit": 13,
        "Operating Income": 8,
        "EBIT": 13,
        "Net Income": 8
    },
    "2012-09-30": {
        "Diluted EPS": 0.06,
        "Total Revenue": 44,
        "Gross Profit": 19,
        "Operating Income": 12,
        "EBIT": 18,
        "Net Income": 8
    },
    "2012-06-30": {
        "Diluted EPS": 0.03,
        "Total Revenue": 39,
        "Gross Profit": 17,
        "Operating Income": 12,
        "EBIT": 18,
        "Net Income": 4
    },
    "2012-03-31": {
        "Diluted EPS": 0.09,
        "Total Revenue": 41,
        "Gross Profit": 21,
        "Operating Income": 17,
        "EBIT": 21,
        "Net Income": 11
    },
    "2011-12-31": {
        "Diluted EPS": -0.01,
        "Total Revenue": 32,
        "Gross Profit": 24,
        "Operating Income": 8,
        "EBIT": 12,
        "Net Income": -2
    },
    "2011-09-30": {
        "Diluted EPS": 0.08,
        "Total Revenue": 32,
        "Gross Profit": 20,
        "Operating Income": 14,
        "EBIT": 17,
        "Net Income": 10
    },
    "2011-06-30": {
        "Diluted EPS": 0.05,
        "Total Revenue": 24,
        "Gross Profit": 15,
        "Operating Income": 9,
        "EBIT": 11,
        "Net Income": 6
    },
    "2011-03-31": {
        "Diluted EPS": 0.04,
        "Total Revenue": 22,
        "Gross Profit": 13,
        "Operating Income": 9,
        "EBIT": 11,
        "Net Income": 5
    },
    "2010-12-31": {
        "Diluted EPS": 0.04,
        "Total Revenue": 24,
        "Gross Profit": 18,
        "Operating Income": 11,
        "EBIT": 13,
        "Net Income": 4
    },
    "2010-09-30": {
        "Diluted EPS": -0.02,
        "Total Revenue": 18,
        "Gross Profit": 12,
        "Operating Income": 5,
        "EBIT": 6,
        "Net Income": -3
    },
    "2010-06-30": {
        "Diluted EPS": 0.05,
        "Total Revenue": 15,
        "Gross Profit": 10,
        "Operating Income": 7,
        "EBIT": 9,
        "Net Income": 6
    },
    "2010-03-31": {
        "Diluted EPS": 0.05,
        "Total Revenue": 18,
        "Gross Profit": 12,
        "Operating Income": 8,
        "EBIT": 10,
        "Net Income": 5
    },
    "2009-12-31": {
        "Diluted EPS": 0.01,
        "Total Revenue": 16,
        "Gross Profit": 16,
        "Operating Income": 7,
        "EBIT": 8,
        "Net Income": 1
    },
    "2009-09-30": {
        "Diluted EPS": -0.01,
        "Total Revenue": 13,
        "Gross Profit": 7,
        "Operating Income": 4,
        "EBIT": 6,
        "Net Income": -1
    },
    "2009-06-30": {
        "Diluted EPS": 0.01,
        "Total Revenue": 13,
        "Gross Profit": 7,
        "Operating Income": 4,
        "EBIT": 6,
        "Net Income": 1
    },
    "2009-03-31": {
        "Diluted EPS": -0.01,
        "Total Revenue": 9,
        "Gross Profit": 3,
        "Operating Income": 0,
        "EBIT": 1,
        "Net Income": -1
    },
    "2023-06-30": {
        "Tax Effect Of Unusual Items": NaN,
        "Tax Rate For Calcs": NaN,
        "Normalized EBITDA": NaN,
        "Total Unusual Items": NaN,
        "Total Unusual Items Excluding Goodwill": NaN,
        "Net Income From Continuing Operation Net Minority Interest": NaN,
        "Reconciled Depreciation": NaN,
        "Reconciled Cost Of Revenue": NaN,
        "EBITDA": NaN,
        "EBIT": NaN,
        "Net Interest Income": NaN,
        "Interest Expense": NaN,
        "Interest Income": NaN,
        "Normalized Income": NaN,
        "Net Income From Continuing And Discontinued Operation": NaN,
        "Total Expenses": NaN,
        "Total Operating Income As Reported": NaN,
        "Diluted Average Shares": 293106000.0,
        "Basic Average Shares": 290761000.0,
        "Diluted EPS": 0.01,
        "Basic EPS": 0.01,
        "Diluted NI Availto Com Stockholders": NaN,
        "Net Income Common Stockholders": NaN,
        "Net Income": NaN,
        "Minority Interests": NaN,
        "Net Income Including Noncontrolling Interests": NaN,
        "Net Income Continuous Operations": NaN,
        "Tax Provision": NaN,
        "Pretax Income": NaN,
        "Other Income Expense": NaN,
        "Other Non Operating Income Expenses": -7597000.0,
        "Special Income Charges": 6000.0,
        "Gain On Sale Of Ppe": 6000.0,
        "Impairment Of Capital Assets": 0.0,
        "Gain On Sale Of Security": NaN,
        "Net Non Operating Interest Income Expense": NaN,
        "Total Other Finance Cost": NaN,
        "Interest Expense Non Operating": NaN,
        "Interest Income Non Operating": NaN,
        "Operating Income": NaN,
        "Operating Expense": NaN,
        "Other Operating Expenses": NaN,
        "Selling General And Administration": NaN,
        "General And Administrative Expense": NaN,
        "Other Gand A": NaN,
        "Salaries And Wages": NaN,
        "Gross Profit": NaN,
        "Cost Of Revenue": NaN,
        "Total Revenue": NaN,
        "Operating Revenue": NaN
    },
    "2023-09-30": {
        "Tax Effect Of Unusual Items": NaN,
        "Tax Rate For Calcs": NaN,
        "Normalized EBITDA": NaN,
        "Total Unusual Items": NaN,
        "Total Unusual Items Excluding Goodwill": NaN,
        "Net Income From Continuing Operation Net Minority Interest": NaN,
        "Reconciled Depreciation": NaN,
        "Reconciled Cost Of Revenue": NaN,
        "EBITDA": NaN,
        "EBIT": NaN,
        "Net Interest Income": NaN,
        "Interest Expense": NaN,
        "Interest Income": 970000.0,
        "Normalized Income": NaN,
        "Net Income From Continuing And Discontinued Operation": NaN,
        "Total Expenses": NaN,
        "Total Operating Income As Reported": NaN,
        "Diluted Average Shares": 294877000.0,
        "Basic Average Shares": 292601000.0,
        "Diluted EPS": 0.09,
        "Basic EPS": 0.09,
        "Diluted NI Availto Com Stockholders": NaN,
        "Net Income Common Stockholders": NaN,
        "Net Income": NaN,
        "Minority Interests": NaN,
        "Net Income Including Noncontrolling Interests": NaN,
        "Net Income Continuous Operations": NaN,
        "Tax Provision": NaN,
        "Pretax Income": NaN,
        "Other Income Expense": NaN,
        "Other Non Operating Income Expenses": -128000.0,
        "Special Income Charges": -722000.0,
        "Gain On Sale Of Ppe": -93000.0,
        "Impairment Of Capital Assets": 722000.0,
        "Gain On Sale Of Security": NaN,
        "Net Non Operating Interest Income Expense": NaN,
        "Total Other Finance Cost": 13000.0,
        "Interest Expense Non Operating": NaN,
        "Interest Income Non Operating": 970000.0,
        "Operating Income": NaN,
        "Operating Expense": NaN,
        "Other Operating Expenses": 221000.0,
        "Selling General And Administration": NaN,
        "General And Administrative Expense": NaN,
        "Other Gand A": NaN,
        "Salaries And Wages": NaN,
        "Gross Profit": NaN,
        "Cost Of Revenue": NaN,
        "Total Revenue": NaN,
        "Operating Revenue": NaN
    },
    "2023-12-31": {
        "Tax Effect Of Unusual Items": -37069600.0,
        "Tax Rate For Calcs": 0.4,
        "Normalized EBITDA": 99357000.0,
        "Total Unusual Items": -92674000.0,
        "Total Unusual Items Excluding Goodwill": -92674000.0,
        "Net Income From Continuing Operation Net Minority Interest": -92316000.0,
        "Reconciled Depreciation": 71601000.0,
        "Reconciled Cost Of Revenue": 213462000.0,
        "EBITDA": 6683000.0,
        "EBIT": -64918000.0,
        "Net Interest Income": -4547000.0,
        "Interest Expense": 7897000.0,
        "Interest Income": NaN,
        "Normalized Income": -36711600.0,
        "Net Income From Continuing And Discontinued Operation": -92316000.0,
        "Total Expenses": 248624000.0,
        "Total Operating Income As Reported": -77374000.0,
        "Diluted Average Shares": NaN,
        "Basic Average Shares": NaN,
        "Diluted EPS": NaN,
        "Basic EPS": NaN,
        "Diluted NI Availto Com Stockholders": -92316000.0,
        "Net Income Common Stockholders": -92316000.0,
        "Net Income": -92316000.0,
        "Minority Interests": -2477000.0,
        "Net Income Including Noncontrolling Interests": -89839000.0,
        "Net Income Continuous Operations": -89839000.0,
        "Tax Provision": 17024000.0,
        "Pretax Income": -72815000.0,
        "Other Income Expense": -84958000.0,
        "Other Non Operating Income Expenses": NaN,
        "Special Income Charges": -102338000.0,
        "Gain On Sale Of Ppe": -60000.0,
        "Impairment Of Capital Assets": 95878000.0,
        "Gain On Sale Of Security": 9664000.0,
        "Net Non Operating Interest Income Expense": -4547000.0,
        "Total Other Finance Cost": NaN,
        "Interest Expense Non Operating": 7897000.0,
        "Interest Income Non Operating": NaN,
        "Operating Income": 16690000.0,
        "Operating Expense": 35162000.0,
        "Other Operating Expenses": NaN,
        "Selling General And Administration": 19909000.0,
        "General And Administrative Expense": 19909000.0,
        "Other Gand A": 15647000.0,
        "Salaries And Wages": 4262000.0,
        "Gross Profit": 51852000.0,
        "Cost Of Revenue": 213462000.0,
        "Total Revenue": 265314000.0,
        "Operating Revenue": 265314000.0
    },
    "2024-03-31": {
        "Tax Effect Of Unusual Items": -488203.052909,
        "Tax Rate For Calcs": 0.33279,
        "Normalized EBITDA": 102177000.0,
        "Total Unusual Items": -1467000.0,
        "Total Unusual Items Excluding Goodwill": -1467000.0,
        "Net Income From Continuing Operation Net Minority Interest": 26250000.0,
        "Reconciled Depreciation": 50255000.0,
        "Reconciled Cost Of Revenue": 155040000.0,
        "EBITDA": 100710000.0,
        "EBIT": 50455000.0,
        "Net Interest Income": -6218000.0,
        "Interest Expense": 6890000.0,
        "Interest Income": 850000.0,
        "Normalized Income": 27228796.947091,
        "Net Income From Continuing And Discontinued Operation": 26250000.0,
        "Total Expenses": 173699000.0,
        "Total Operating Income As Reported": 47135000.0,
        "Diluted Average Shares": 308199000.0,
        "Basic Average Shares": 306470000.0,
        "Diluted EPS": 0.09,
        "Basic EPS": 0.09,
        "Diluted NI Availto Com Stockholders": 26250000.0,
        "Net Income Common Stockholders": 26250000.0,
        "Net Income": 26250000.0,
        "Minority Interests": -2817000.0,
        "Net Income Including Noncontrolling Interests": 29067000.0,
        "Net Income Continuous Operations": 29067000.0,
        "Tax Provision": 14498000.0,
        "Pretax Income": 43565000.0,
        "Other Income Expense": -1467000.0,
        "Other Non Operating Income Expenses": NaN,
        "Special Income Charges": NaN,
        "Gain On Sale Of Ppe": NaN,
        "Impairment Of Capital Assets": NaN,
        "Gain On Sale Of Security": -1467000.0,
        "Net Non Operating Interest Income Expense": -6218000.0,
        "Total Other Finance Cost": 178000.0,
        "Interest Expense Non Operating": 6890000.0,
        "Interest Income Non Operating": 850000.0,
        "Operating Income": 51250000.0,
        "Operating Expense": 18659000.0,
        "Other Operating Expenses": 429000.0,
        "Selling General And Administration": 18230000.0,
        "General And Administrative Expense": 18230000.0,
        "Other Gand A": 15983000.0,
        "Salaries And Wages": 2247000.0,
        "Gross Profit": 69909000.0,
        "Cost Of Revenue": 155040000.0,
        "Total Revenue": 224949000.0,
        "Operating Revenue": 224949000.0
    },
    "2024-06-30": {
        "Tax Effect Of Unusual Items": 169350.0,
        "Tax Rate For Calcs": 0.15,
        "Normalized EBITDA": 113455000.0,
        "Total Unusual Items": 1129000.0,
        "Total Unusual Items Excluding Goodwill": 1129000.0,
        "Net Income From Continuing Operation Net Minority Interest": 40629000.0,
        "Reconciled Depreciation": 57251000.0,
        "Reconciled Cost Of Revenue": 180039000.0,
        "EBITDA": 114584000.0,
        "EBIT": 57333000.0,
        "Net Interest Income": -5711000.0,
        "Interest Expense": 6301000.0,
        "Interest Income": 773000.0,
        "Normalized Income": 39669350.0,
        "Net Income From Continuing And Discontinued Operation": 40629000.0,
        "Total Expenses": 203627000.0,
        "Total Operating Income As Reported": 55415000.0,
        "Diluted Average Shares": 316941000.0,
        "Basic Average Shares": 306004000.0,
        "Diluted EPS": 0.13,
        "Basic EPS": 0.13,
        "Diluted NI Availto Com Stockholders": 40629000.0,
        "Net Income Common Stockholders": 40629000.0,
        "Net Income": 40629000.0,
        "Minority Interests": -2711000.0,
        "Net Income Including Noncontrolling Interests": 43340000.0,
        "Net Income Continuous Operations": 43340000.0,
        "Tax Provision": 7692000.0,
        "Pretax Income": 51032000.0,
        "Other Income Expense": 399000.0,
        "Other Non Operating Income Expenses": -730000.0,
        "Special Income Charges": NaN,
        "Gain On Sale Of Ppe": NaN,
        "Impairment Of Capital Assets": NaN,
        "Gain On Sale Of Security": 1129000.0,
        "Net Non Operating Interest Income Expense": -5711000.0,
        "Total Other Finance Cost": 183000.0,
        "Interest Expense Non Operating": 6301000.0,
        "Interest Income Non Operating": 773000.0,
        "Operating Income": 56344000.0,
        "Operating Expense": 23588000.0,
        "Other Operating Expenses": 1173000.0,
        "Selling General And Administration": 22415000.0,
        "General And Administrative Expense": 22415000.0,
        "Other Gand A": 16508000.0,
        "Salaries And Wages": 5907000.0,
        "Gross Profit": 79932000.0,
        "Cost Of Revenue": 180039000.0,
        "Total Revenue": 259971000.0,
        "Operating Revenue": 259971000.0
    },
    "2024-09-30": {
        "Tax Effect Of Unusual Items": 1427817.873271,
        "Tax Rate For Calcs": 0.21739,
        "Normalized EBITDA": 130096000.0,
        "Total Unusual Items": 6568000.0,
        "Total Unusual Items Excluding Goodwill": 6568000.0,
        "Net Income From Continuing Operation Net Minority Interest": 50511000.0,
        "Reconciled Depreciation": 59873000.0,
        "Reconciled Cost Of Revenue": 187990000.0,
        "EBITDA": 136664000.0,
        "EBIT": 76791000.0,
        "Net Interest Income": -6278000.0,
        "Interest Expense": 7257000.0,
        "Interest Income": 1365000.0,
        "Normalized Income": 45370817.873271,
        "Net Income From Continuing And Discontinued Operation": 50511000.0,
        "Total Expenses": 205677000.0,
        "Total Operating Income As Reported": 72650000.0,
        "Diluted Average Shares": 314682000.0,
        "Basic Average Shares": 312627000.0,
        "Diluted EPS": 0.16,
        "Basic EPS": 0.16,
        "Diluted NI Availto Com Stockholders": 50511000.0,
        "Net Income Common Stockholders": 50511000.0,
        "Net Income": 50511000.0,
        "Minority Interests": -3907000.0,
        "Net Income Including Noncontrolling Interests": 54418000.0,
        "Net Income Continuous Operations": 54418000.0,
        "Tax Provision": 15116000.0,
        "Pretax Income": 69534000.0,
        "Other Income Expense": 6568000.0,
        "Other Non Operating Income Expenses": NaN,
        "Special Income Charges": 0.0,
        "Gain On Sale Of Ppe": NaN,
        "Impairment Of Capital Assets": 0.0,
        "Gain On Sale Of Security": 6568000.0,
        "Net Non Operating Interest Income Expense": -6278000.0,
        "Total Other Finance Cost": 386000.0,
        "Interest Expense Non Operating": 7257000.0,
        "Interest Income Non Operating": 1365000.0,
        "Operating Income": 69244000.0,
        "Operating Expense": 17687000.0,
        "Other Operating Expenses": 1645000.0,
        "Selling General And Administration": 16042000.0,
        "General And Administrative Expense": 16042000.0,
        "Other Gand A": 13865000.0,
        "Salaries And Wages": 2177000.0,
        "Gross Profit": 86931000.0,
        "Cost Of Revenue": 187990000.0,
        "Total Revenue": 274921000.0,
        "Operating Revenue": 274921000.0
    },
    "2024-12-31": {
        "Tax Effect Of Unusual Items": -3563850.0,
        "Tax Rate For Calcs": 0.15,
        "Normalized EBITDA": 141838000.0,
        "Total Unusual Items": -23759000.0,
        "Total Unusual Items Excluding Goodwill": -23759000.0,
        "Net Income From Continuing Operation Net Minority Interest": 11344000.0,
        "Reconciled Depreciation": 62580000.0,
        "Reconciled Cost Of Revenue": 195361000.0,
        "EBITDA": 118079000.0,
        "EBIT": 55499000.0,
        "Net Interest Income": -6173000.0,
        "Interest Expense": 7421000.0,
        "Interest Income": 1551000.0,
        "Normalized Income": 31539150.0,
        "Net Income From Continuing And Discontinued Operation": 11344000.0,
        "Total Expenses": 222155000.0,
        "Total Operating Income As Reported": 52846000.0,
        "Diluted Average Shares": NaN,
        "Basic Average Shares": NaN,
        "Diluted EPS": NaN,
        "Basic EPS": NaN,
        "Diluted NI Availto Com Stockholders": 11344000.0,
        "Net Income Common Stockholders": 11344000.0,
        "Net Income": 11344000.0,
        "Minority Interests": -3737000.0,
        "Net Income Including Noncontrolling Interests": 15081000.0,
        "Net Income Continuous Operations": 15081000.0,
        "Tax Provision": 32997000.0,
        "Pretax Income": 48078000.0,
        "Other Income Expense": -25790000.0,
        "Other Non Operating Income Expenses": NaN,
        "Special Income Charges": -14833000.0,
        "Gain On Sale Of Ppe": NaN,
        "Impairment Of Capital Assets": 14485000.0,
        "Gain On Sale Of Security": -8926000.0,
        "Net Non Operating Interest Income Expense": -6173000.0,
        "Total Other Finance Cost": 303000.0,
        "Interest Expense Non Operating": 7421000.0,
        "Interest Income Non Operating": 1551000.0,
        "Operating Income": 80041000.0,
        "Operating Expense": 26794000.0,
        "Other Operating Expenses": 6096000.0,
        "Selling General And Administration": 19398000.0,
        "General And Administrative Expense": 19398000.0,
        "Other Gand A": 17455000.0,
        "Salaries And Wages": 1943000.0,
        "Gross Profit": 106835000.0,
        "Cost Of Revenue": 195361000.0,
        "Total Revenue": 302196000.0,
        "Operating Revenue": 302196000.0
    }
}