{
    "2023-03-31": {
        "Tax Effect Of Unusual Items": NaN,
        "Tax Rate For Calcs": NaN,
        "Normalized EBITDA": NaN,
        "Total Unusual Items": NaN,
        "Total Unusual Items Excluding Goodwill": NaN,
        "Net Income From Continuing Operation Net Minority Interest": NaN,
        "Reconciled Depreciation": NaN,
        "Reconciled Cost Of Revenue": NaN,
        "EBITDA": NaN,
        "EBIT": NaN,
        "Net Interest Income": NaN,
        "Interest Expense": 58000.0,
        "Normalized Income": NaN,
        "Net Income From Continuing And Discontinued Operation": NaN,
        "Total Expenses": NaN,
        "Total Operating Income As Reported": NaN,
        "Diluted Average Shares": NaN,
        "Basic Average Shares": NaN,
        "Diluted EPS": NaN,
        "Basic EPS": NaN,
        "Diluted NI Availto Com Stockholders": NaN,
        "Net Income Common Stockholders": NaN,
        "Net Income": NaN,
        "Net Income Including Noncontrolling Interests": NaN,
        "Net Income Continuous Operations": NaN,
        "Tax Provision": NaN,
        "Pretax Income": NaN,
        "Other Income Expense": NaN,
        "Other Non Operating Income Expenses": NaN,
        "Special Income Charges": NaN,
        "Gain On Sale Of Business": NaN,
        "Earnings From Equity Interest": NaN,
        "Net Non Operating Interest Income Expense": NaN,
        "Total Other Finance Cost": NaN,
        "Interest Expense Non Operating": 58000.0,
        "Operating Income": NaN,
        "Operating Expense": NaN,
        "Research And Development": NaN,
        "Selling General And Administration": NaN,
        "Selling And Marketing Expense": NaN,
        "General And Administrative Expense": NaN,
        "Other Gand A": NaN,
        "Gross Profit": NaN,
        "Cost Of Revenue": NaN,
        "Total Revenue": NaN,
        "Operating Revenue": NaN
    },
    "2022-12-31": {
        "Tax Effect Of Unusual Items": NaN,
        "Tax Rate For Calcs": NaN,
        "Normalized EBITDA": NaN,
        "Total Unusual Items": NaN,
        "Total Unusual Items Excluding Goodwill": NaN,
        "Net Income From Continuing Operation Net Minority Interest": NaN,
        "Reconciled Depreciation": NaN,
        "Reconciled Cost Of Revenue": NaN,
        "EBITDA": NaN,
        "EBIT": NaN,
        "Net Interest Income": NaN,
        "Interest Expense": NaN,
        "Normalized Income": NaN,
        "Net Income From Continuing And Discontinued Operation": NaN,
        "Total Expenses": NaN,
        "Total Operating Income As Reported": NaN,
        "Diluted Average Shares": 103869160.0,
        "Basic Average Shares": 103869160.0,
        "Diluted EPS": -0.2,
        "Basic EPS": -0.2,
        "Diluted NI Availto Com Stockholders": NaN,
        "Net Income Common Stockholders": NaN,
        "Net Income": NaN,
        "Net Income Including Noncontrolling Interests": NaN,
        "Net Income Continuous Operations": NaN,
        "Tax Provision": NaN,
        "Pretax Income": NaN,
        "Other Income Expense": NaN,
        "Other Non Operating Income Expenses": NaN,
        "Special Income Charges": NaN,
        "Gain On Sale Of Business": NaN,
        "Earnings From Equity Interest": NaN,
        "Net Non Operating Interest Income Expense": NaN,
        "Interest Expense Non Operating": NaN,
        "Operating Income": NaN,
        "Operating Expense": NaN,
        "Research And Development": NaN,
        "Selling General And Administration": NaN,
        "Selling And Marketing Expense": NaN,
        "General And Administrative Expense": NaN,
        "Other Gand A": NaN,
        "Gross Profit": NaN,
        "Cost Of Revenue": NaN,
        "Total Revenue": NaN,
        "Operating Revenue": NaN
    },
    "2022-09-30": {
        "Tax Effect Of Unusual Items": NaN,
        "Tax Rate For Calcs": NaN,
        "Normalized EBITDA": NaN,
        "Total Unusual Items": NaN,
        "Total Unusual Items Excluding Goodwill": NaN,
        "Net Income From Continuing Operation Net Minority Interest": NaN,
        "Reconciled Depreciation": NaN,
        "Reconciled Cost Of Revenue": NaN,
        "EBITDA": NaN,
        "EBIT": NaN,
        "Net Interest Income": NaN,
        "Interest Expense": NaN,
        "Interest Income": 100000.0,
        "Normalized Income": NaN,
        "Net Income From Continuing And Discontinued Operation": NaN,
        "Total Expenses": NaN,
        "Total Operating Income As Reported": NaN,
        "Diluted Average Shares": NaN,
        "Basic Average Shares": NaN,
        "Diluted EPS": NaN,
        "Basic EPS": NaN,
        "Diluted NI Availto Com Stockholders": NaN,
        "Net Income Common Stockholders": NaN,
        "Net Income": NaN,
        "Net Income Including Noncontrolling Interests": NaN,
        "Net Income Continuous Operations": NaN,
        "Tax Provision": NaN,
        "Pretax Income": NaN,
        "Other Income Expense": NaN,
        "Other Non Operating Income Expenses": NaN,
        "Special Income Charges": NaN,
        "Gain On Sale Of Business": NaN,
        "Earnings From Equity Interest": 0.0,
        "Net Non Operating Interest Income Expense": NaN,
        "Interest Expense Non Operating": NaN,
        "Interest Income Non Operating": 100000.0,
        "Operating Income": NaN,
        "Operating Expense": NaN,
        "Research And Development": NaN,
        "Selling General And Administration": NaN,
        "Selling And Marketing Expense": NaN,
        "General And Administrative Expense": NaN,
        "Other Gand A": NaN,
        "Gross Profit": NaN,
        "Cost Of Revenue": NaN,
        "Total Revenue": NaN,
        "Operating Revenue": NaN
    },
    "2022-06-30": {
        "Tax Effect Of Unusual Items": 0.0,
        "Tax Rate For Calcs": 0.4,
        "Normalized EBITDA": -25022000.0,
        "Total Unusual Items": 0.0,
        "Total Unusual Items Excluding Goodwill": 0.0,
        "Net Income From Continuing Operation Net Minority Interest": -25683000.0,
        "Reconciled Depreciation": 144000.0,
        "Reconciled Cost Of Revenue": 37233000.0,
        "EBITDA": -25022000.0,
        "EBIT": -25166000.0,
        "Net Interest Income": -427000.0,
        "Interest Expense": 427000.0,
        "Interest Income": NaN,
        "Normalized Income": -25683000.0,
        "Net Income From Continuing And Discontinued Operation": -25683000.0,
        "Total Expenses": 55960000.0,
        "Total Operating Income As Reported": -25239000.0,
        "Diluted Average Shares": 100321943.0,
        "Basic Average Shares": 100321943.0,
        "Diluted EPS": -0.26,
        "Basic EPS": -0.26,
        "Diluted NI Availto Com Stockholders": -25683000.0,
        "Net Income Common Stockholders": -25683000.0,
        "Net Income": -25683000.0,
        "Net Income Including Noncontrolling Interests": -25683000.0,
        "Net Income Continuous Operations": -25683000.0,
        "Tax Provision": 90000.0,
        "Pretax Income": -25593000.0,
        "Other Income Expense": 73000.0,
        "Other Non Operating Income Expenses": 73000.0,
        "Special Income Charges": 0.0,
        "Gain On Sale Of Business": 0.0,
        "Earnings From Equity Interest": NaN,
        "Net Non Operating Interest Income Expense": -427000.0,
        "Interest Expense Non Operating": 427000.0,
        "Interest Income Non Operating": NaN,
        "Operating Income": -25239000.0,
        "Operating Expense": 18727000.0,
        "Research And Development": 2711000.0,
        "Selling General And Administration": 16016000.0,
        "Selling And Marketing Expense": 2927000.0,
        "General And Administrative Expense": 13089000.0,
        "Other Gand A": 13089000.0,
        "Gross Profit": -6512000.0,
        "Cost Of Revenue": 37233000.0,
        "Total Revenue": 30721000.0,
        "Operating Revenue": 30721000.0
    },
    "2022-03-31": {
        "Diluted EPS": -0.28,
        "Total Revenue": 50,
        "Gross Profit": -9,
        "Operating Income": -28,
        "EBIT": -27,
        "Net Income": -28
    },
    "2021-12-31": {
        "Diluted EPS": -0.28,
        "Total Revenue": 102,
        "Gross Profit": -9,
        "Operating Income": -24,
        "EBIT": -23,
        "Net Income": -24
    },
    "2021-09-30": {
        "Diluted EPS": -0.24,
        "Total Revenue": 53,
        "Gross Profit": -8,
        "Operating Income": -23,
        "EBIT": -22,
        "Net Income": -23
    },
    "2021-06-30": {
        "Diluted EPS": -0.61,
        "Total Revenue": 50,
        "Gross Profit": -16,
        "Operating Income": -72,
        "EBIT": -72,
        "Net Income": -52
    },
    "2021-03-31": {
        "Diluted EPS": -0.11,
        "Total Revenue": 66,
        "Gross Profit": 0,
        "Operating Income": -8,
        "EBIT": -8,
        "Net Income": -7
    },
    "2020-12-31": {
        "Diluted EPS": -0.14,
        "Total Revenue": 44,
        "Gross Profit": -5,
        "Operating Income": -11,
        "EBIT": -11,
        "Net Income": -10
    },
    "2020-09-30": {
        "Diluted EPS": -0.04,
        "Total Revenue": 60,
        "Gross Profit": 3,
        "Operating Income": -3,
        "EBIT": -3,
        "Net Income": -3
    },
    "2020-06-30": {
        "Diluted EPS": -0.09,
        "Total Revenue": 51,
        "Gross Profit": -1,
        "Operating Income": -6,
        "EBIT": -6,
        "Net Income": -7
    },
    "2020-03-31": {
        "Diluted EPS": 0.04,
        "Total Revenue": 32,
        "Gross Profit": 7,
        "Operating Income": 3,
        "EBIT": 3,
        "Net Income": 3
    },
    "2019-12-31": {
        "Diluted EPS": 0.0,
        "Total Revenue": NaN,
        "Gross Profit": NaN,
        "Operating Income": NaN,
        "EBIT": NaN,
        "Net Income": NaN
    },
    "2023-06-30": {
        "Tax Effect Of Unusual Items": NaN,
        "Tax Rate For Calcs": NaN,
        "Normalized EBITDA": NaN,
        "Total Unusual Items": NaN,
        "Total Unusual Items Excluding Goodwill": NaN,
        "Net Income From Continuing Operation Net Minority Interest": NaN,
        "Reconciled Depreciation": NaN,
        "Reconciled Cost Of Revenue": NaN,
        "EBITDA": NaN,
        "EBIT": NaN,
        "Net Interest Income": NaN,
        "Interest Expense": 28000.0,
        "Normalized Income": NaN,
        "Net Income From Continuing And Discontinued Operation": NaN,
        "Total Expenses": NaN,
        "Total Operating Income As Reported": NaN,
        "Diluted Average Shares": 112669296.0,
        "Basic Average Shares": 112669296.0,
        "Diluted EPS": -0.09,
        "Basic EPS": -0.09,
        "Diluted NI Availto Com Stockholders": NaN,
        "Net Income Common Stockholders": NaN,
        "Net Income": NaN,
        "Net Income Including Noncontrolling Interests": NaN,
        "Net Income Continuous Operations": NaN,
        "Tax Provision": NaN,
        "Pretax Income": NaN,
        "Other Income Expense": NaN,
        "Other Non Operating Income Expenses": NaN,
        "Special Income Charges": NaN,
        "Gain On Sale Of Business": NaN,
        "Earnings From Equity Interest": NaN,
        "Net Non Operating Interest Income Expense": NaN,
        "Total Other Finance Cost": 28000.0,
        "Interest Expense Non Operating": 28000.0,
        "Operating Income": NaN,
        "Operating Expense": NaN,
        "Research And Development": NaN,
        "Selling General And Administration": NaN,
        "Selling And Marketing Expense": NaN,
        "General And Administrative Expense": NaN,
        "Other Gand A": NaN,
        "Gross Profit": NaN,
        "Cost Of Revenue": NaN,
        "Total Revenue": NaN,
        "Operating Revenue": NaN
    },
    "2023-09-30": {
        "Tax Effect Of Unusual Items": NaN,
        "Tax Rate For Calcs": NaN,
        "Normalized EBITDA": NaN,
        "Total Unusual Items": NaN,
        "Total Unusual Items Excluding Goodwill": NaN,
        "Net Income From Continuing Operation Net Minority Interest": NaN,
        "Reconciled Depreciation": NaN,
        "Reconciled Cost Of Revenue": NaN,
        "EBITDA": NaN,
        "EBIT": NaN,
        "Net Interest Income": NaN,
        "Interest Expense": 108000.0,
        "Interest Income": NaN,
        "Normalized Income": NaN,
        "Net Income From Continuing And Discontinued Operation": NaN,
        "Total Expenses": NaN,
        "Total Operating Income As Reported": NaN,
        "Diluted Average Shares": NaN,
        "Basic Average Shares": NaN,
        "Diluted EPS": NaN,
        "Basic EPS": NaN,
        "Diluted NI Availto Com Stockholders": NaN,
        "Average Dilution Earnings": NaN,
        "Net Income Common Stockholders": NaN,
        "Net Income": NaN,
        "Net Income Including Noncontrolling Interests": NaN,
        "Net Income Continuous Operations": NaN,
        "Tax Provision": NaN,
        "Pretax Income": NaN,
        "Other Income Expense": NaN,
        "Other Non Operating Income Expenses": NaN,
        "Special Income Charges": NaN,
        "Gain On Sale Of Business": NaN,
        "Earnings From Equity Interest": NaN,
        "Gain On Sale Of Security": NaN,
        "Net Non Operating Interest Income Expense": NaN,
        "Total Other Finance Cost": 108000.0,
        "Interest Expense Non Operating": 108000.0,
        "Interest Income Non Operating": NaN,
        "Operating Income": NaN,
        "Operating Expense": NaN,
        "Research And Development": NaN,
        "Selling General And Administration": NaN,
        "Selling And Marketing Expense": NaN,
        "General And Administrative Expense": NaN,
        "Other Gand A": NaN,
        "Gross Profit": NaN,
        "Cost Of Revenue": NaN,
        "Total Revenue": NaN,
        "Operating Revenue": NaN
    },
    "2023-12-31": {
        "Tax Effect Of Unusual Items": NaN,
        "Tax Rate For Calcs": NaN,
        "Normalized EBITDA": NaN,
        "Total Unusual Items": NaN,
        "Total Unusual Items Excluding Goodwill": NaN,
        "Net Income From Continuing Operation Net Minority Interest": NaN,
        "Reconciled Depreciation": NaN,
        "Reconciled Cost Of Revenue": NaN,
        "EBITDA": NaN,
        "EBIT": NaN,
        "Net Interest Income": NaN,
        "Interest Expense": 59000.0,
        "Interest Income": NaN,
        "Normalized Income": NaN,
        "Net Income From Continuing And Discontinued Operation": NaN,
        "Total Expenses": NaN,
        "Total Operating Income As Reported": NaN,
        "Diluted Average Shares": NaN,
        "Basic Average Shares": NaN,
        "Diluted EPS": NaN,
        "Basic EPS": NaN,
        "Diluted NI Availto Com Stockholders": NaN,
        "Average Dilution Earnings": NaN,
        "Net Income Common Stockholders": NaN,
        "Net Income": NaN,
        "Net Income Including Noncontrolling Interests": NaN,
        "Net Income Continuous Operations": NaN,
        "Tax Provision": NaN,
        "Pretax Income": NaN,
        "Other Income Expense": NaN,
        "Other Non Operating Income Expenses": NaN,
        "Special Income Charges": NaN,
        "Gain On Sale Of Ppe": NaN,
        "Gain On Sale Of Business": NaN,
        "Earnings From Equity Interest": NaN,
        "Gain On Sale Of Security": NaN,
        "Net Non Operating Interest Income Expense": NaN,
        "Total Other Finance Cost": NaN,
        "Interest Expense Non Operating": 59000.0,
        "Interest Income Non Operating": NaN,
        "Operating Income": NaN,
        "Operating Expense": NaN,
        "Research And Development": NaN,
        "Selling General And Administration": NaN,
        "Selling And Marketing Expense": NaN,
        "General And Administrative Expense": NaN,
        "Other Gand A": NaN,
        "Gross Profit": NaN,
        "Cost Of Revenue": NaN,
        "Total Revenue": NaN,
        "Operating Revenue": NaN
    },
    "2024-03-31": {
        "Tax Effect Of Unusual Items": NaN,
        "Tax Rate For Calcs": NaN,
        "Normalized EBITDA": NaN,
        "Total Unusual Items": NaN,
        "Total Unusual Items Excluding Goodwill": NaN,
        "Net Income From Continuing Operation Net Minority Interest": NaN,
        "Reconciled Depreciation": NaN,
        "Reconciled Cost Of Revenue": NaN,
        "EBITDA": NaN,
        "EBIT": NaN,
        "Net Interest Income": NaN,
        "Interest Expense": NaN,
        "Interest Income": NaN,
        "Normalized Income": NaN,
        "Net Income From Continuing And Discontinued Operation": NaN,
        "Total Expenses": NaN,
        "Total Operating Income As Reported": NaN,
        "Diluted Average Shares": NaN,
        "Basic Average Shares": NaN,
        "Diluted EPS": NaN,
        "Basic EPS": NaN,
        "Diluted NI Availto Com Stockholders": NaN,
        "Average Dilution Earnings": 0.0,
        "Net Income Common Stockholders": NaN,
        "Net Income": NaN,
        "Net Income Including Noncontrolling Interests": NaN,
        "Net Income Continuous Operations": NaN,
        "Tax Provision": NaN,
        "Pretax Income": NaN,
        "Other Income Expense": NaN,
        "Other Non Operating Income Expenses": NaN,
        "Special Income Charges": NaN,
        "Gain On Sale Of Ppe": NaN,
        "Gain On Sale Of Business": NaN,
        "Other Special Charges": NaN,
        "Earnings From Equity Interest": NaN,
        "Gain On Sale Of Security": NaN,
        "Net Non Operating Interest Income Expense": NaN,
        "Total Other Finance Cost": NaN,
        "Interest Expense Non Operating": NaN,
        "Interest Income Non Operating": NaN,
        "Operating Income": NaN,
        "Operating Expense": NaN,
        "Research And Development": NaN,
        "Selling General And Administration": NaN,
        "Selling And Marketing Expense": NaN,
        "General And Administrative Expense": NaN,
        "Other Gand A": NaN,
        "Gross Profit": NaN,
        "Cost Of Revenue": NaN,
        "Total Revenue": NaN,
        "Operating Revenue": NaN
    },
    "2024-06-30": {
        "Tax Effect Of Unusual Items": NaN,
        "Tax Rate For Calcs": NaN,
        "Normalized EBITDA": NaN,
        "Total Unusual Items": NaN,
        "Total Unusual Items Excluding Goodwill": NaN,
        "Net Income From Continuing Operation Net Minority Interest": NaN,
        "Reconciled Depreciation": NaN,
        "Reconciled Cost Of Revenue": NaN,
        "EBITDA": NaN,
        "EBIT": NaN,
        "Net Interest Income": NaN,
        "Interest Expense": 117000.0,
        "Interest Income": 118000.0,
        "Normalized Income": NaN,
        "Net Income From Continuing And Discontinued Operation": NaN,
        "Total Expenses": NaN,
        "Total Operating Income As Reported": NaN,
        "Diluted Average Shares": NaN,
        "Basic Average Shares": NaN,
        "Diluted EPS": NaN,
        "Basic EPS": NaN,
        "Diluted NI Availto Com Stockholders": NaN,
        "Average Dilution Earnings": NaN,
        "Net Income Common Stockholders": NaN,
        "Net Income": NaN,
        "Net Income Including Noncontrolling Interests": NaN,
        "Net Income Continuous Operations": NaN,
        "Tax Provision": NaN,
        "Pretax Income": NaN,
        "Other Income Expense": NaN,
        "Other Non Operating Income Expenses": NaN,
        "Special Income Charges": NaN,
        "Gain On Sale Of Ppe": 0.0,
        "Gain On Sale Of Business": NaN,
        "Other Special Charges": NaN,
        "Earnings From Equity Interest": NaN,
        "Gain On Sale Of Security": NaN,
        "Net Non Operating Interest Income Expense": NaN,
        "Total Other Finance Cost": -1000.0,
        "Interest Expense Non Operating": 117000.0,
        "Interest Income Non Operating": 118000.0,
        "Operating Income": NaN,
        "Operating Expense": NaN,
        "Research And Development": NaN,
        "Selling General And Administration": NaN,
        "Selling And Marketing Expense": NaN,
        "General And Administrative Expense": NaN,
        "Other Gand A": NaN,
        "Gross Profit": NaN,
        "Cost Of Revenue": NaN,
        "Total Revenue": NaN,
        "Operating Revenue": NaN
    },
    "2024-09-30": {
        "Tax Effect Of Unusual Items": 0.0,
        "Tax Rate For Calcs": 0.21,
        "Normalized EBITDA": -14684000.0,
        "Total Unusual Items": 0.0,
        "Total Unusual Items Excluding Goodwill": 0.0,
        "Net Income From Continuing Operation Net Minority Interest": -15359000.0,
        "Reconciled Depreciation": 417000.0,
        "Reconciled Cost Of Revenue": 14442000.0,
        "EBITDA": -14684000.0,
        "EBIT": -15101000.0,
        "Net Interest Income": 24000.0,
        "Interest Expense": 14000.0,
        "Interest Income": 38000.0,
        "Normalized Income": -15359000.0,
        "Net Income From Continuing And Discontinued Operation": -15359000.0,
        "Total Expenses": 25112000.0,
        "Total Operating Income As Reported": -14976000.0,
        "Diluted Average Shares": 12738029.0,
        "Basic Average Shares": 12738029.0,
        "Diluted EPS": -1.2,
        "Basic EPS": -1.2,
        "Diluted NI Availto Com Stockholders": -15359000.0,
        "Average Dilution Earnings": NaN,
        "Net Income Common Stockholders": -15359000.0,
        "Net Income": -15359000.0,
        "Net Income Including Noncontrolling Interests": -15359000.0,
        "Net Income Continuous Operations": -15359000.0,
        "Tax Provision": 244000.0,
        "Pretax Income": -15115000.0,
        "Other Income Expense": -163000.0,
        "Other Non Operating Income Expenses": 93000.0,
        "Special Income Charges": 0.0,
        "Gain On Sale Of Ppe": 0.0,
        "Gain On Sale Of Business": 0.0,
        "Other Special Charges": NaN,
        "Earnings From Equity Interest": -256000.0,
        "Gain On Sale Of Security": NaN,
        "Net Non Operating Interest Income Expense": 24000.0,
        "Total Other Finance Cost": -24000.0,
        "Interest Expense Non Operating": 14000.0,
        "Interest Income Non Operating": 38000.0,
        "Operating Income": -14976000.0,
        "Operating Expense": 10670000.0,
        "Research And Development": 1467000.0,
        "Selling General And Administration": 9203000.0,
        "Selling And Marketing Expense": 2406000.0,
        "General And Administrative Expense": 6797000.0,
        "Other Gand A": 6797000.0,
        "Gross Profit": -4306000.0,
        "Cost Of Revenue": 14442000.0,
        "Total Revenue": 10136000.0,
        "Operating Revenue": 10136000.0
    },
    "2024-12-31": {
        "Tax Effect Of Unusual Items": 7218.402016,
        "Tax Rate For Calcs": 0.005527,
        "Normalized EBITDA": -9519000.0,
        "Total Unusual Items": 1306000.0,
        "Total Unusual Items Excluding Goodwill": 1306000.0,
        "Net Income From Continuing Operation Net Minority Interest": -12235000.0,
        "Reconciled Depreciation": 442000.0,
        "Reconciled Cost Of Revenue": 17039000.0,
        "EBITDA": -8213000.0,
        "EBIT": -8655000.0,
        "Net Interest Income": -208000.0,
        "Interest Expense": NaN,
        "Interest Income": NaN,
        "Normalized Income": -13533781.597984,
        "Net Income From Continuing And Discontinued Operation": -12235000.0,
        "Total Expenses": 26630000.0,
        "Total Operating Income As Reported": -13428000.0,
        "Diluted Average Shares": 12787050.0,
        "Basic Average Shares": 12787050.0,
        "Diluted EPS": -0.96,
        "Basic EPS": -0.96,
        "Diluted NI Availto Com Stockholders": -12235000.0,
        "Average Dilution Earnings": NaN,
        "Net Income Common Stockholders": -12235000.0,
        "Net Income": -12235000.0,
        "Net Income Including Noncontrolling Interests": -12235000.0,
        "Net Income Continuous Operations": -12235000.0,
        "Tax Provision": -68000.0,
        "Pretax Income": -12303000.0,
        "Other Income Expense": 1333000.0,
        "Other Non Operating Income Expenses": 346000.0,
        "Special Income Charges": 5628000.0,
        "Gain On Sale Of Ppe": NaN,
        "Gain On Sale Of Business": 4722000.0,
        "Other Special Charges": NaN,
        "Earnings From Equity Interest": -319000.0,
        "Gain On Sale Of Security": NaN,
        "Net Non Operating Interest Income Expense": -208000.0,
        "Total Other Finance Cost": NaN,
        "Interest Expense Non Operating": NaN,
        "Interest Income Non Operating": NaN,
        "Operating Income": -13428000.0,
        "Operating Expense": 9591000.0,
        "Research And Development": 1474000.0,
        "Selling General And Administration": 8117000.0,
        "Selling And Marketing Expense": 2051000.0,
        "General And Administrative Expense": 6066000.0,
        "Other Gand A": 6066000.0,
        "Gross Profit": -3837000.0,
        "Cost Of Revenue": 17039000.0,
        "Total Revenue": 13202000.0,
        "Operating Revenue": 13202000.0
    },
    "2025-03-31": {
        "Tax Effect Of Unusual Items": 1639680.0,
        "Tax Rate For Calcs": 0.21,
        "Normalized EBITDA": -10360000.0,
        "Total Unusual Items": 7808000.0,
        "Total Unusual Items Excluding Goodwill": 7808000.0,
        "Net Income From Continuing Operation Net Minority Interest": -3819000.0,
        "Reconciled Depreciation": 302000.0,
        "Reconciled Cost Of Revenue": 24250000.0,
        "EBITDA": -2552000.0,
        "EBIT": -2854000.0,
        "Net Interest Income": -705000.0,
        "Interest Expense": 711000.0,
        "Interest Income": 6000.0,
        "Normalized Income": -9987320.0,
        "Net Income From Continuing And Discontinued Operation": -3819000.0,
        "Total Expenses": 31363000.0,
        "Total Operating Income As Reported": -10560000.0,
        "Diluted Average Shares": 14588972.0,
        "Basic Average Shares": 12888695.0,
        "Diluted EPS": -0.58,
        "Basic EPS": -0.3,
        "Diluted NI Availto Com Stockholders": -8423000.0,
        "Average Dilution Earnings": -4604000.0,
        "Net Income Common Stockholders": -3819000.0,
        "Net Income": -3819000.0,
        "Net Income Including Noncontrolling Interests": -3819000.0,
        "Net Income Continuous Operations": -3819000.0,
        "Tax Provision": 254000.0,
        "Pretax Income": -3565000.0,
        "Other Income Expense": 7700000.0,
        "Other Non Operating Income Expenses": 4000.0,
        "Special Income Charges": 3204000.0,
        "Gain On Sale Of Ppe": NaN,
        "Gain On Sale Of Business": 3204000.0,
        "Other Special Charges": NaN,
        "Earnings From Equity Interest": -112000.0,
        "Gain On Sale Of Security": 4604000.0,
        "Net Non Operating Interest Income Expense": -705000.0,
        "Total Other Finance Cost": NaN,
        "Interest Expense Non Operating": 711000.0,
        "Interest Income Non Operating": 6000.0,
        "Operating Income": -10560000.0,
        "Operating Expense": 7113000.0,
        "Research And Development": 924000.0,
        "Selling General And Administration": 6189000.0,
        "Selling And Marketing Expense": 1136000.0,
        "General And Administrative Expense": 5053000.0,
        "Other Gand A": 5053000.0,
        "Gross Profit": -3447000.0,
        "Cost Of Revenue": 24250000.0,
        "Total Revenue": 20803000.0,
        "Operating Revenue": 20803000.0
    },
    "2025-06-30": {
        "Tax Effect Of Unusual Items": -585060.0,
        "Tax Rate For Calcs": 0.21,
        "Normalized EBITDA": -11569000.0,
        "Total Unusual Items": -2786000.0,
        "Total Unusual Items Excluding Goodwill": -2786000.0,
        "Net Income From Continuing Operation Net Minority Interest": -15430000.0,
        "Reconciled Depreciation": 305000.0,
        "Reconciled Cost Of Revenue": 23912000.0,
        "EBITDA": -14355000.0,
        "EBIT": -14660000.0,
        "Net Interest Income": -726000.0,
        "Interest Expense": 731000.0,
        "Interest Income": 5000.0,
        "Normalized Income": -13229060.0,
        "Net Income From Continuing And Discontinued Operation": -15430000.0,
        "Total Expenses": 31492000.0,
        "Total Operating Income As Reported": -11499000.0,
        "Diluted Average Shares": 13098825.0,
        "Basic Average Shares": 13098825.0,
        "Diluted EPS": -1.18,
        "Basic EPS": -1.18,
        "Diluted NI Availto Com Stockholders": -15430000.0,
        "Average Dilution Earnings": NaN,
        "Net Income Common Stockholders": -15430000.0,
        "Net Income": -15430000.0,
        "Net Income Including Noncontrolling Interests": -15430000.0,
        "Net Income Continuous Operations": -15430000.0,
        "Tax Provision": 39000.0,
        "Pretax Income": -15391000.0,
        "Other Income Expense": -3166000.0,
        "Other Non Operating Income Expenses": 71000.0,
        "Special Income Charges": 50000.0,
        "Gain On Sale Of Ppe": 50000.0,
        "Gain On Sale Of Business": 0.0,
        "Other Special Charges": NaN,
        "Earnings From Equity Interest": -451000.0,
        "Gain On Sale Of Security": -2836000.0,
        "Net Non Operating Interest Income Expense": -726000.0,
        "Total Other Finance Cost": NaN,
        "Interest Expense Non Operating": 731000.0,
        "Interest Income Non Operating": 5000.0,
        "Operating Income": -11499000.0,
        "Operating Expense": 7580000.0,
        "Research And Development": 1129000.0,
        "Selling General And Administration": 6451000.0,
        "Selling And Marketing Expense": 1291000.0,
        "General And Administrative Expense": 5160000.0,
        "Other Gand A": 5160000.0,
        "Gross Profit": -3919000.0,
        "Cost Of Revenue": 23912000.0,
        "Total Revenue": 19993000.0,
        "Operating Revenue": 19993000.0
    },
    "2025-09-30": {
        "Tax Effect Of Unusual Items": -3391290.0,
        "Tax Rate For Calcs": 0.21,
        "Normalized EBITDA": -5467000.0,
        "Total Unusual Items": -16149000.0,
        "Total Unusual Items Excluding Goodwill": -16149000.0,
        "Net Income From Continuing Operation Net Minority Interest": -23938000.0,
        "Reconciled Depreciation": 290000.0,
        "Reconciled Cost Of Revenue": 24436000.0,
        "EBITDA": -21616000.0,
        "EBIT": -21906000.0,
        "Net Interest Income": -1982000.0,
        "Interest Expense": 1988000.0,
        "Interest Income": 6000.0,
        "Normalized Income": -11180290.0,
        "Net Income From Continuing And Discontinued Operation": -23938000.0,
        "Total Expenses": 33735000.0,
        "Total Operating Income As Reported": -7705000.0,
        "Diluted Average Shares": 14899638.0,
        "Basic Average Shares": 14899638.0,
        "Diluted EPS": -1.61,
        "Basic EPS": -1.61,
        "Diluted NI Availto Com Stockholders": -23938000.0,
        "Average Dilution Earnings": NaN,
        "Net Income Common Stockholders": -23938000.0,
        "Net Income": -23938000.0,
        "Net Income Including Noncontrolling Interests": -23938000.0,
        "Net Income Continuous Operations": -23938000.0,
        "Tax Provision": 44000.0,
        "Pretax Income": -23894000.0,
        "Other Income Expense": -14207000.0,
        "Other Non Operating Income Expenses": 35000.0,
        "Special Income Charges": -83000.0,
        "Gain On Sale Of Ppe": 90000.0,
        "Gain On Sale Of Business": 0.0,
        "Other Special Charges": 173000.0,
        "Earnings From Equity Interest": 1907000.0,
        "Gain On Sale Of Security": -16066000.0,
        "Net Non Operating Interest Income Expense": -1982000.0,
        "Total Other Finance Cost": NaN,
        "Interest Expense Non Operating": 1988000.0,
        "Interest Income Non Operating": 6000.0,
        "Operating Income": -7705000.0,
        "Operating Expense": 9299000.0,
        "Research And Development": 1228000.0,
        "Selling General And Administration": 8071000.0,
        "Selling And Marketing Expense": 1672000.0,
        "General And Administrative Expense": 6399000.0,
        "Other Gand A": 6399000.0,
        "Gross Profit": 1594000.0,
        "Cost Of Revenue": 24436000.0,
        "Total Revenue": 26030000.0,
        "Operating Revenue": 26030000.0
    }
}