{
    "2023-03-31": {
        "Tax Effect Of Unusual Items": NaN,
        "Tax Rate For Calcs": NaN,
        "Normalized EBITDA": NaN,
        "Total Unusual Items": NaN,
        "Total Unusual Items Excluding Goodwill": NaN,
        "Net Income From Continuing Operation Net Minority Interest": NaN,
        "Reconciled Depreciation": NaN,
        "Reconciled Cost Of Revenue": NaN,
        "EBITDA": NaN,
        "EBIT": NaN,
        "Net Interest Income": NaN,
        "Interest Expense": NaN,
        "Interest Income": NaN,
        "Normalized Income": NaN,
        "Net Income From Continuing And Discontinued Operation": NaN,
        "Total Expenses": NaN,
        "Diluted Average Shares": NaN,
        "Basic Average Shares": NaN,
        "Diluted EPS": NaN,
        "Basic EPS": NaN,
        "Diluted NI Availto Com Stockholders": NaN,
        "Net Income Common Stockholders": NaN,
        "Net Income": NaN,
        "Net Income Including Noncontrolling Interests": NaN,
        "Net Income Continuous Operations": NaN,
        "Tax Provision": NaN,
        "Pretax Income": NaN,
        "Other Income Expense": -1000000.0,
        "Special Income Charges": NaN,
        "Impairment Of Capital Assets": NaN,
        "Restructuring And Mergern Acquisition": NaN,
        "Net Non Operating Interest Income Expense": NaN,
        "Interest Expense Non Operating": NaN,
        "Interest Income Non Operating": NaN,
        "Operating Income": NaN,
        "Operating Expense": NaN,
        "Depreciation Amortization Depletion Income Statement": NaN,
        "Depreciation And Amortization In Income Statement": NaN,
        "Selling General And Administration": NaN,
        "Selling And Marketing Expense": NaN,
        "General And Administrative Expense": NaN,
        "Other Gand A": NaN,
        "Gross Profit": NaN,
        "Cost Of Revenue": NaN,
        "Total Revenue": NaN,
        "Operating Revenue": NaN
    },
    "2022-12-31": {
        "Tax Effect Of Unusual Items": NaN,
        "Tax Rate For Calcs": NaN,
        "Normalized EBITDA": NaN,
        "Total Unusual Items": NaN,
        "Total Unusual Items Excluding Goodwill": NaN,
        "Net Income From Continuing Operation Net Minority Interest": NaN,
        "Reconciled Depreciation": NaN,
        "Reconciled Cost Of Revenue": NaN,
        "EBITDA": NaN,
        "EBIT": NaN,
        "Net Interest Income": NaN,
        "Interest Expense": NaN,
        "Interest Income": NaN,
        "Normalized Income": NaN,
        "Net Income From Continuing And Discontinued Operation": NaN,
        "Total Expenses": NaN,
        "Diluted Average Shares": NaN,
        "Basic Average Shares": NaN,
        "Diluted EPS": NaN,
        "Basic EPS": NaN,
        "Diluted NI Availto Com Stockholders": NaN,
        "Net Income Common Stockholders": NaN,
        "Net Income": NaN,
        "Net Income Including Noncontrolling Interests": NaN,
        "Net Income Continuous Operations": NaN,
        "Tax Provision": NaN,
        "Pretax Income": NaN,
        "Other Income Expense": -2000000.0,
        "Special Income Charges": NaN,
        "Impairment Of Capital Assets": 0.0,
        "Restructuring And Mergern Acquisition": NaN,
        "Net Non Operating Interest Income Expense": NaN,
        "Interest Expense Non Operating": NaN,
        "Interest Income Non Operating": NaN,
        "Operating Income": NaN,
        "Operating Expense": NaN,
        "Depreciation Amortization Depletion Income Statement": NaN,
        "Depreciation And Amortization In Income Statement": NaN,
        "Selling General And Administration": NaN,
        "Selling And Marketing Expense": NaN,
        "General And Administrative Expense": NaN,
        "Other Gand A": NaN,
        "Gross Profit": NaN,
        "Cost Of Revenue": NaN,
        "Total Revenue": NaN,
        "Operating Revenue": NaN
    },
    "2022-09-30": {
        "Tax Effect Of Unusual Items": NaN,
        "Tax Rate For Calcs": NaN,
        "Normalized EBITDA": NaN,
        "Total Unusual Items": NaN,
        "Total Unusual Items Excluding Goodwill": NaN,
        "Net Income From Continuing Operation Net Minority Interest": NaN,
        "Reconciled Depreciation": NaN,
        "Reconciled Cost Of Revenue": NaN,
        "EBITDA": NaN,
        "EBIT": NaN,
        "Net Interest Income": NaN,
        "Interest Expense": NaN,
        "Interest Income": NaN,
        "Normalized Income": NaN,
        "Net Income From Continuing And Discontinued Operation": NaN,
        "Total Expenses": NaN,
        "Diluted Average Shares": NaN,
        "Basic Average Shares": NaN,
        "Diluted EPS": NaN,
        "Basic EPS": NaN,
        "Diluted NI Availto Com Stockholders": NaN,
        "Net Income Common Stockholders": NaN,
        "Net Income": NaN,
        "Net Income Including Noncontrolling Interests": NaN,
        "Net Income Continuous Operations": NaN,
        "Tax Provision": NaN,
        "Pretax Income": NaN,
        "Other Income Expense": -19000000.0,
        "Special Income Charges": NaN,
        "Impairment Of Capital Assets": 14000000.0,
        "Restructuring And Mergern Acquisition": NaN,
        "Net Non Operating Interest Income Expense": NaN,
        "Interest Expense Non Operating": NaN,
        "Interest Income Non Operating": NaN,
        "Operating Income": NaN,
        "Operating Expense": NaN,
        "Depreciation Amortization Depletion Income Statement": NaN,
        "Depreciation And Amortization In Income Statement": NaN,
        "Selling General And Administration": NaN,
        "Selling And Marketing Expense": NaN,
        "General And Administrative Expense": NaN,
        "Other Gand A": NaN,
        "Gross Profit": NaN,
        "Cost Of Revenue": NaN,
        "Total Revenue": NaN,
        "Operating Revenue": NaN
    },
    "2022-06-30": {
        "Tax Effect Of Unusual Items": -2784000.0,
        "Tax Rate For Calcs": 0.232,
        "Normalized EBITDA": 71000000.0,
        "Total Unusual Items": -12000000.0,
        "Total Unusual Items Excluding Goodwill": -12000000.0,
        "Net Income From Continuing Operation Net Minority Interest": 33000000.0,
        "Reconciled Depreciation": 9000000.0,
        "Reconciled Cost Of Revenue": 275000000.0,
        "EBITDA": 59000000.0,
        "EBIT": 50000000.0,
        "Net Interest Income": -7000000.0,
        "Interest Expense": 7000000.0,
        "Interest Income": 0.0,
        "Normalized Income": 42216000.0,
        "Net Income From Continuing And Discontinued Operation": 33000000.0,
        "Total Expenses": 424000000.0,
        "Diluted Average Shares": 82200000.0,
        "Basic Average Shares": 82100000.0,
        "Diluted EPS": 0.4,
        "Basic EPS": 0.4,
        "Diluted NI Availto Com Stockholders": 33000000.0,
        "Net Income Common Stockholders": 33000000.0,
        "Net Income": 33000000.0,
        "Net Income Including Noncontrolling Interests": 33000000.0,
        "Net Income Continuous Operations": 33000000.0,
        "Tax Provision": 10000000.0,
        "Pretax Income": 43000000.0,
        "Other Income Expense": -12000000.0,
        "Special Income Charges": -12000000.0,
        "Impairment Of Capital Assets": NaN,
        "Restructuring And Mergern Acquisition": 12000000.0,
        "Net Non Operating Interest Income Expense": -7000000.0,
        "Interest Expense Non Operating": 7000000.0,
        "Interest Income Non Operating": 0.0,
        "Operating Income": 63000000.0,
        "Operating Expense": 148000000.0,
        "Depreciation Amortization Depletion Income Statement": 8000000.0,
        "Depreciation And Amortization In Income Statement": 8000000.0,
        "Selling General And Administration": 140000000.0,
        "Selling And Marketing Expense": NaN,
        "General And Administrative Expense": NaN,
        "Other Gand A": NaN,
        "Gross Profit": 211000000.0,
        "Cost Of Revenue": 276000000.0,
        "Total Revenue": 487000000.0,
        "Operating Revenue": 487000000.0
    },
    "2023-06-30": {
        "Tax Effect Of Unusual Items": NaN,
        "Tax Rate For Calcs": NaN,
        "Normalized EBITDA": NaN,
        "Total Unusual Items": NaN,
        "Total Unusual Items Excluding Goodwill": NaN,
        "Net Income From Continuing Operation Net Minority Interest": NaN,
        "Reconciled Depreciation": NaN,
        "Reconciled Cost Of Revenue": NaN,
        "EBITDA": NaN,
        "EBIT": NaN,
        "Net Interest Income": NaN,
        "Interest Expense": NaN,
        "Interest Income": NaN,
        "Normalized Income": NaN,
        "Net Income From Continuing And Discontinued Operation": NaN,
        "Total Expenses": NaN,
        "Diluted Average Shares": 81800000.0,
        "Basic Average Shares": 81400000.0,
        "Diluted EPS": 0.85,
        "Basic EPS": 0.86,
        "Diluted NI Availto Com Stockholders": NaN,
        "Net Income Common Stockholders": NaN,
        "Net Income": NaN,
        "Net Income Including Noncontrolling Interests": NaN,
        "Net Income Continuous Operations": NaN,
        "Tax Provision": NaN,
        "Pretax Income": NaN,
        "Other Income Expense": NaN,
        "Special Income Charges": NaN,
        "Impairment Of Capital Assets": NaN,
        "Restructuring And Mergern Acquisition": NaN,
        "Net Non Operating Interest Income Expense": NaN,
        "Interest Expense Non Operating": NaN,
        "Interest Income Non Operating": NaN,
        "Operating Income": NaN,
        "Operating Expense": NaN,
        "Depreciation Amortization Depletion Income Statement": NaN,
        "Depreciation And Amortization In Income Statement": NaN,
        "Selling General And Administration": NaN,
        "Selling And Marketing Expense": NaN,
        "General And Administrative Expense": NaN,
        "Other Gand A": NaN,
        "Gross Profit": NaN,
        "Cost Of Revenue": NaN,
        "Total Revenue": NaN,
        "Operating Revenue": NaN
    },
    "2022-03-31": {
        "Diluted EPS": 0.02,
        "Total Revenue": 351,
        "Gross Profit": 144,
        "Operating Income": 4,
        "EBIT": 19,
        "Net Income": 2
    },
    "2021-12-31": {
        "Diluted EPS": 0.08,
        "Total Revenue": 340,
        "Gross Profit": 141,
        "Operating Income": 6,
        "EBIT": 21,
        "Net Income": 7
    },
    "2021-09-30": {
        "Diluted EPS": 0.89,
        "Total Revenue": 471,
        "Gross Profit": 254,
        "Operating Income": 101,
        "EBIT": 116,
        "Net Income": 76
    },
    "2021-06-30": {
        "Diluted EPS": 0.47,
        "Total Revenue": 462,
        "Gross Profit": 241,
        "Operating Income": 83,
        "EBIT": 105,
        "Net Income": 40
    },
    "2021-03-31": {
        "Diluted EPS": 0.06,
        "Total Revenue": 329,
        "Gross Profit": 148,
        "Operating Income": 7,
        "EBIT": 29,
        "Net Income": 5
    },
    "2020-12-31": {
        "Diluted EPS": 0.02,
        "Total Revenue": 323,
        "Gross Profit": 137,
        "Operating Income": 2,
        "EBIT": 25,
        "Net Income": 1
    },
    "2020-09-30": {
        "Diluted EPS": 0.57,
        "Total Revenue": 440,
        "Gross Profit": 215,
        "Operating Income": 65,
        "EBIT": 86,
        "Net Income": 49
    },
    "2020-06-30": {
        "Diluted EPS": 0.57,
        "Total Revenue": 417,
        "Gross Profit": 217,
        "Operating Income": 64,
        "EBIT": 85,
        "Net Income": 49
    },
    "2020-03-31": {
        "Diluted EPS": 0.15,
        "Total Revenue": 294,
        "Gross Profit": 147,
        "Operating Income": 18,
        "EBIT": 43,
        "Net Income": 13
    },
    "2019-12-31": {
        "Diluted EPS": 0.22,
        "Total Revenue": 299,
        "Gross Profit": 139,
        "Operating Income": 24,
        "EBIT": 45,
        "Net Income": 19
    },
    "2019-09-30": {
        "Diluted EPS": 0.72,
        "Total Revenue": 407,
        "Gross Profit": 206,
        "Operating Income": 82,
        "EBIT": 106,
        "Net Income": 61
    },
    "2019-06-30": {
        "Diluted EPS": 0.71,
        "Total Revenue": 388,
        "Gross Profit": 205,
        "Operating Income": 81,
        "EBIT": 105,
        "Net Income": 60
    },
    "2019-03-31": {
        "Diluted EPS": 0.15,
        "Total Revenue": 271,
        "Gross Profit": 128,
        "Operating Income": 17,
        "EBIT": 40,
        "Net Income": 13
    },
    "2018-12-31": {
        "Diluted EPS": 0.2,
        "Total Revenue": 279,
        "Gross Profit": 124,
        "Operating Income": 19,
        "EBIT": 42,
        "Net Income": 18
    },
    "2018-09-30": {
        "Diluted EPS": 0.58,
        "Total Revenue": 377,
        "Gross Profit": 175,
        "Operating Income": 64,
        "EBIT": 76,
        "Net Income": 49
    },
    "2018-06-30": {
        "Diluted EPS": 0.53,
        "Total Revenue": 355,
        "Gross Profit": 160,
        "Operating Income": 62,
        "EBIT": 69,
        "Net Income": 45
    },
    "2018-03-31": {
        "Diluted EPS": 0.16,
        "Total Revenue": 247,
        "Gross Profit": 113,
        "Operating Income": 21,
        "EBIT": 27,
        "Net Income": 13
    },
    "2017-12-31": {
        "Diluted EPS": 0.0,
        "Total Revenue": NaN,
        "Gross Profit": NaN,
        "Operating Income": NaN,
        "EBIT": NaN,
        "Net Income": NaN
    },
    "2017-09-30": {
        "Diluted EPS": 0.0,
        "Total Revenue": 346,
        "Gross Profit": 178,
        "Operating Income": 83,
        "EBIT": 85,
        "Net Income": 53
    },
    "2016-12-31": {
        "Diluted EPS": 0.0,
        "Total Revenue": NaN,
        "Gross Profit": NaN,
        "Operating Income": NaN,
        "EBIT": NaN,
        "Net Income": NaN
    },
    "2023-09-30": {
        "Tax Effect Of Unusual Items": NaN,
        "Tax Rate For Calcs": NaN,
        "Normalized EBITDA": NaN,
        "Total Unusual Items": NaN,
        "Total Unusual Items Excluding Goodwill": NaN,
        "Net Income From Continuing Operation Net Minority Interest": NaN,
        "Reconciled Depreciation": NaN,
        "Reconciled Cost Of Revenue": NaN,
        "EBITDA": NaN,
        "EBIT": NaN,
        "Net Interest Income": NaN,
        "Interest Expense": NaN,
        "Interest Income": NaN,
        "Normalized Income": NaN,
        "Net Income From Continuing And Discontinued Operation": NaN,
        "Total Expenses": NaN,
        "Diluted Average Shares": 80600000.0,
        "Basic Average Shares": 80100000.0,
        "Diluted EPS": 0.89,
        "Basic EPS": 0.89,
        "Diluted NI Availto Com Stockholders": NaN,
        "Net Income Common Stockholders": NaN,
        "Net Income": NaN,
        "Net Income Including Noncontrolling Interests": NaN,
        "Net Income Continuous Operations": NaN,
        "Tax Provision": NaN,
        "Pretax Income": NaN,
        "Other Income Expense": NaN,
        "Special Income Charges": NaN,
        "Impairment Of Capital Assets": 0.0,
        "Restructuring And Mergern Acquisition": NaN,
        "Net Non Operating Interest Income Expense": NaN,
        "Interest Expense Non Operating": NaN,
        "Interest Income Non Operating": NaN,
        "Operating Income": NaN,
        "Operating Expense": NaN,
        "Depreciation Amortization Depletion Income Statement": NaN,
        "Depreciation And Amortization In Income Statement": NaN,
        "Selling General And Administration": NaN,
        "Selling And Marketing Expense": NaN,
        "General And Administrative Expense": NaN,
        "Other Gand A": NaN,
        "Gross Profit": NaN,
        "Cost Of Revenue": NaN,
        "Total Revenue": NaN,
        "Operating Revenue": NaN
    },
    "2023-12-31": {
        "Tax Effect Of Unusual Items": NaN,
        "Tax Rate For Calcs": NaN,
        "Normalized EBITDA": NaN,
        "Total Unusual Items": NaN,
        "Total Unusual Items Excluding Goodwill": NaN,
        "Net Income From Continuing Operation Net Minority Interest": NaN,
        "Reconciled Depreciation": NaN,
        "Reconciled Cost Of Revenue": NaN,
        "EBITDA": NaN,
        "EBIT": NaN,
        "Net Interest Income": NaN,
        "Interest Expense": NaN,
        "Interest Income": NaN,
        "Normalized Income": NaN,
        "Net Income From Continuing And Discontinued Operation": NaN,
        "Total Expenses": NaN,
        "Diluted Average Shares": NaN,
        "Basic Average Shares": NaN,
        "Diluted EPS": NaN,
        "Basic EPS": NaN,
        "Diluted NI Availto Com Stockholders": NaN,
        "Net Income Common Stockholders": NaN,
        "Net Income": NaN,
        "Net Income Including Noncontrolling Interests": NaN,
        "Net Income Continuous Operations": NaN,
        "Tax Provision": NaN,
        "Pretax Income": NaN,
        "Other Income Expense": -10000000.0,
        "Special Income Charges": NaN,
        "Impairment Of Capital Assets": 0.0,
        "Restructuring And Mergern Acquisition": NaN,
        "Net Non Operating Interest Income Expense": NaN,
        "Interest Expense Non Operating": NaN,
        "Interest Income Non Operating": NaN,
        "Operating Income": NaN,
        "Operating Expense": NaN,
        "Depreciation Amortization Depletion Income Statement": NaN,
        "Depreciation And Amortization In Income Statement": NaN,
        "Selling General And Administration": NaN,
        "Selling And Marketing Expense": NaN,
        "General And Administrative Expense": NaN,
        "Other Gand A": NaN,
        "Gross Profit": NaN,
        "Cost Of Revenue": NaN,
        "Total Revenue": NaN,
        "Operating Revenue": NaN
    },
    "2024-03-31": {
        "Tax Effect Of Unusual Items": NaN,
        "Tax Rate For Calcs": NaN,
        "Normalized EBITDA": NaN,
        "Total Unusual Items": NaN,
        "Total Unusual Items Excluding Goodwill": NaN,
        "Net Income From Continuing Operation Net Minority Interest": NaN,
        "Reconciled Depreciation": NaN,
        "Reconciled Cost Of Revenue": NaN,
        "EBITDA": NaN,
        "EBIT": NaN,
        "Net Interest Income": NaN,
        "Interest Expense": NaN,
        "Interest Income": NaN,
        "Normalized Income": NaN,
        "Net Income From Continuing And Discontinued Operation": NaN,
        "Total Expenses": NaN,
        "Diluted Average Shares": 79000000.0,
        "Basic Average Shares": 78300000.0,
        "Diluted EPS": 0.43,
        "Basic EPS": 0.43,
        "Diluted NI Availto Com Stockholders": NaN,
        "Net Income Common Stockholders": NaN,
        "Net Income": NaN,
        "Net Income Including Noncontrolling Interests": NaN,
        "Net Income Continuous Operations": NaN,
        "Tax Provision": NaN,
        "Pretax Income": NaN,
        "Other Income Expense": NaN,
        "Special Income Charges": NaN,
        "Impairment Of Capital Assets": NaN,
        "Restructuring And Mergern Acquisition": NaN,
        "Net Non Operating Interest Income Expense": NaN,
        "Interest Expense Non Operating": NaN,
        "Interest Income Non Operating": NaN,
        "Operating Income": NaN,
        "Operating Expense": NaN,
        "Depreciation Amortization Depletion Income Statement": NaN,
        "Depreciation And Amortization In Income Statement": NaN,
        "Selling General And Administration": NaN,
        "Selling And Marketing Expense": NaN,
        "General And Administrative Expense": NaN,
        "Other Gand A": NaN,
        "Gross Profit": NaN,
        "Cost Of Revenue": NaN,
        "Total Revenue": NaN,
        "Operating Revenue": NaN
    },
    "2024-06-30": {
        "Tax Effect Of Unusual Items": -258064.516129,
        "Tax Rate For Calcs": 0.258065,
        "Normalized EBITDA": 144000000.0,
        "Total Unusual Items": -1000000.0,
        "Total Unusual Items Excluding Goodwill": -1000000.0,
        "Net Income From Continuing Operation Net Minority Interest": 92000000.0,
        "Reconciled Depreciation": 9000000.0,
        "Reconciled Cost Of Revenue": 237000000.0,
        "EBITDA": 143000000.0,
        "EBIT": 134000000.0,
        "Net Interest Income": -5000000.0,
        "Interest Expense": 10000000.0,
        "Interest Income": 5000000.0,
        "Normalized Income": 92741935.483871,
        "Net Income From Continuing And Discontinued Operation": 92000000.0,
        "Total Expenses": 412000000.0,
        "Diluted Average Shares": 78100000.0,
        "Basic Average Shares": 77700000.0,
        "Diluted EPS": 1.18,
        "Basic EPS": 1.18,
        "Diluted NI Availto Com Stockholders": 92000000.0,
        "Net Income Common Stockholders": 92000000.0,
        "Net Income": 92000000.0,
        "Net Income Including Noncontrolling Interests": 92000000.0,
        "Net Income Continuous Operations": 92000000.0,
        "Tax Provision": 32000000.0,
        "Pretax Income": 124000000.0,
        "Other Income Expense": -1000000.0,
        "Special Income Charges": -1000000.0,
        "Impairment Of Capital Assets": NaN,
        "Restructuring And Mergern Acquisition": 1000000.0,
        "Net Non Operating Interest Income Expense": -5000000.0,
        "Interest Expense Non Operating": 10000000.0,
        "Interest Income Non Operating": 5000000.0,
        "Operating Income": 131000000.0,
        "Operating Expense": 175000000.0,
        "Depreciation Amortization Depletion Income Statement": 9000000.0,
        "Depreciation And Amortization In Income Statement": 9000000.0,
        "Selling General And Administration": 166000000.0,
        "Selling And Marketing Expense": 85000000.0,
        "General And Administrative Expense": 81000000.0,
        "Other Gand A": 81000000.0,
        "Gross Profit": 306000000.0,
        "Cost Of Revenue": 237000000.0,
        "Total Revenue": 542000000.0,
        "Operating Revenue": 507000000.0
    },
    "2024-09-30": {
        "Tax Effect Of Unusual Items": -753000.0,
        "Tax Rate For Calcs": 0.251,
        "Normalized EBITDA": 157000000.0,
        "Total Unusual Items": -3000000.0,
        "Total Unusual Items Excluding Goodwill": -3000000.0,
        "Net Income From Continuing Operation Net Minority Interest": 100000000.0,
        "Reconciled Depreciation": 10000000.0,
        "Reconciled Cost Of Revenue": 235000000.0,
        "EBITDA": 154000000.0,
        "EBIT": 144000000.0,
        "Net Interest Income": -5000000.0,
        "Interest Expense": 10000000.0,
        "Interest Income": 5000000.0,
        "Normalized Income": 102247000.0,
        "Net Income From Continuing And Discontinued Operation": 100000000.0,
        "Total Expenses": 400000000.0,
        "Diluted Average Shares": 77100000.0,
        "Basic Average Shares": 76200000.0,
        "Diluted EPS": 1.3,
        "Basic EPS": 1.32,
        "Diluted NI Availto Com Stockholders": 100000000.0,
        "Net Income Common Stockholders": 100000000.0,
        "Net Income": 100000000.0,
        "Net Income Including Noncontrolling Interests": 100000000.0,
        "Net Income Continuous Operations": 100000000.0,
        "Tax Provision": 34000000.0,
        "Pretax Income": 134000000.0,
        "Other Income Expense": -3000000.0,
        "Special Income Charges": -3000000.0,
        "Impairment Of Capital Assets": NaN,
        "Restructuring And Mergern Acquisition": 3000000.0,
        "Net Non Operating Interest Income Expense": -5000000.0,
        "Interest Expense Non Operating": 10000000.0,
        "Interest Income Non Operating": 5000000.0,
        "Operating Income": 141000000.0,
        "Operating Expense": 165000000.0,
        "Depreciation Amortization Depletion Income Statement": 10000000.0,
        "Depreciation And Amortization In Income Statement": 10000000.0,
        "Selling General And Administration": 155000000.0,
        "Selling And Marketing Expense": 80000000.0,
        "General And Administrative Expense": 75000000.0,
        "Other Gand A": 75000000.0,
        "Gross Profit": 306000000.0,
        "Cost Of Revenue": 235000000.0,
        "Total Revenue": 541000000.0,
        "Operating Revenue": 507000000.0
    },
    "2024-12-31": {
        "Tax Effect Of Unusual Items": -1260000.0,
        "Tax Rate For Calcs": 0.21,
        "Normalized EBITDA": 34000000.0,
        "Total Unusual Items": -6000000.0,
        "Total Unusual Items Excluding Goodwill": -6000000.0,
        "Net Income From Continuing Operation Net Minority Interest": 9000000.0,
        "Reconciled Depreciation": 11000000.0,
        "Reconciled Cost Of Revenue": 197000000.0,
        "EBITDA": 28000000.0,
        "EBIT": 17000000.0,
        "Net Interest Income": -6000000.0,
        "Interest Expense": 11000000.0,
        "Interest Income": 5000000.0,
        "Normalized Income": 13740000.0,
        "Net Income From Continuing And Discontinued Operation": 9000000.0,
        "Total Expenses": 363000000.0,
        "Diluted Average Shares": NaN,
        "Basic Average Shares": NaN,
        "Diluted EPS": NaN,
        "Basic EPS": NaN,
        "Diluted NI Availto Com Stockholders": 9000000.0,
        "Net Income Common Stockholders": 9000000.0,
        "Net Income": 9000000.0,
        "Net Income Including Noncontrolling Interests": 9000000.0,
        "Net Income Continuous Operations": 9000000.0,
        "Tax Provision": -3000000.0,
        "Pretax Income": 6000000.0,
        "Other Income Expense": -6000000.0,
        "Special Income Charges": -6000000.0,
        "Impairment Of Capital Assets": NaN,
        "Restructuring And Mergern Acquisition": 3000000.0,
        "Net Non Operating Interest Income Expense": -6000000.0,
        "Interest Expense Non Operating": 11000000.0,
        "Interest Income Non Operating": 5000000.0,
        "Operating Income": 19000000.0,
        "Operating Expense": 166000000.0,
        "Depreciation Amortization Depletion Income Statement": 11000000.0,
        "Depreciation And Amortization In Income Statement": 11000000.0,
        "Selling General And Administration": 155000000.0,
        "Selling And Marketing Expense": 76000000.0,
        "General And Administrative Expense": 79000000.0,
        "Other Gand A": 79000000.0,
        "Gross Profit": 185000000.0,
        "Cost Of Revenue": 197000000.0,
        "Total Revenue": 383000000.0,
        "Operating Revenue": 353000000.0
    },
    "2025-03-31": {
        "Tax Effect Of Unusual Items": -223000.0,
        "Tax Rate For Calcs": 0.223,
        "Normalized EBITDA": 91000000.0,
        "Total Unusual Items": -1000000.0,
        "Total Unusual Items Excluding Goodwill": -1000000.0,
        "Net Income From Continuing Operation Net Minority Interest": 37000000.0,
        "Reconciled Depreciation": 23000000.0,
        "Reconciled Cost Of Revenue": 191000000.0,
        "EBITDA": 90000000.0,
        "EBIT": 67000000.0,
        "Net Interest Income": -13000000.0,
        "Interest Expense": 19000000.0,
        "Interest Income": 6000000.0,
        "Normalized Income": 37777000.0,
        "Net Income From Continuing And Discontinued Operation": 37000000.0,
        "Total Expenses": 365000000.0,
        "Diluted Average Shares": 76300000.0,
        "Basic Average Shares": 74700000.0,
        "Diluted EPS": 0.49,
        "Basic EPS": 0.5,
        "Diluted NI Availto Com Stockholders": 37000000.0,
        "Net Income Common Stockholders": 37000000.0,
        "Net Income": 37000000.0,
        "Net Income Including Noncontrolling Interests": 37000000.0,
        "Net Income Continuous Operations": 37000000.0,
        "Tax Provision": 11000000.0,
        "Pretax Income": 48000000.0,
        "Other Income Expense": -1000000.0,
        "Special Income Charges": -1000000.0,
        "Impairment Of Capital Assets": NaN,
        "Restructuring And Mergern Acquisition": 1000000.0,
        "Net Non Operating Interest Income Expense": -13000000.0,
        "Interest Expense Non Operating": 19000000.0,
        "Interest Income Non Operating": 6000000.0,
        "Operating Income": 61000000.0,
        "Operating Expense": 174000000.0,
        "Depreciation Amortization Depletion Income Statement": 23000000.0,
        "Depreciation And Amortization In Income Statement": 23000000.0,
        "Selling General And Administration": 151000000.0,
        "Selling And Marketing Expense": 65000000.0,
        "General And Administrative Expense": 86000000.0,
        "Other Gand A": 86000000.0,
        "Gross Profit": 235000000.0,
        "Cost Of Revenue": 191000000.0,
        "Total Revenue": 425000000.0,
        "Operating Revenue": 392000000.0
    },
    "2025-06-30": {
        "Tax Effect Of Unusual Items": 0.0,
        "Tax Rate For Calcs": 0.243,
        "Normalized EBITDA": 187000000.0,
        "Total Unusual Items": 0.0,
        "Total Unusual Items Excluding Goodwill": 0.0,
        "Net Income From Continuing Operation Net Minority Interest": 111000000.0,
        "Reconciled Depreciation": 21000000.0,
        "Reconciled Cost Of Revenue": 261000000.0,
        "EBITDA": 187000000.0,
        "EBIT": 166000000.0,
        "Net Interest Income": -16000000.0,
        "Interest Expense": 20000000.0,
        "Interest Income": 4000000.0,
        "Normalized Income": 111000000.0,
        "Net Income From Continuing And Discontinued Operation": 111000000.0,
        "Total Expenses": 455000000.0,
        "Diluted Average Shares": 74700000.0,
        "Basic Average Shares": 73500000.0,
        "Diluted EPS": 1.48,
        "Basic EPS": 1.51,
        "Diluted NI Availto Com Stockholders": 111000000.0,
        "Net Income Common Stockholders": 111000000.0,
        "Net Income": 111000000.0,
        "Net Income Including Noncontrolling Interests": 110000000.0,
        "Net Income Continuous Operations": 110000000.0,
        "Tax Provision": 36000000.0,
        "Pretax Income": 146000000.0,
        "Other Income Expense": NaN,
        "Special Income Charges": 0.0,
        "Impairment Of Capital Assets": NaN,
        "Restructuring And Mergern Acquisition": 0.0,
        "Net Non Operating Interest Income Expense": -16000000.0,
        "Interest Expense Non Operating": 20000000.0,
        "Interest Income Non Operating": 4000000.0,
        "Operating Income": 162000000.0,
        "Operating Expense": 194000000.0,
        "Depreciation Amortization Depletion Income Statement": 21000000.0,
        "Depreciation And Amortization In Income Statement": 21000000.0,
        "Selling General And Administration": 173000000.0,
        "Selling And Marketing Expense": 82000000.0,
        "General And Administrative Expense": 91000000.0,
        "Other Gand A": 91000000.0,
        "Gross Profit": 356000000.0,
        "Cost Of Revenue": 261000000.0,
        "Total Revenue": 617000000.0,
        "Operating Revenue": 561000000.0
    }
}