{
    "2023-03-31": {
        "Tax Effect Of Unusual Items": NaN,
        "Tax Rate For Calcs": NaN,
        "Normalized EBITDA": NaN,
        "Net Income From Continuing Operation Net Minority Interest": NaN,
        "Reconciled Depreciation": NaN,
        "Reconciled Cost Of Revenue": NaN,
        "EBITDA": NaN,
        "EBIT": NaN,
        "Net Interest Income": NaN,
        "Interest Expense": NaN,
        "Interest Income": NaN,
        "Normalized Income": NaN,
        "Net Income From Continuing And Discontinued Operation": NaN,
        "Total Expenses": NaN,
        "Total Operating Income As Reported": NaN,
        "Diluted Average Shares": 30296000.0,
        "Basic Average Shares": 30296000.0,
        "Diluted EPS": -0.01,
        "Basic EPS": -0.01,
        "Diluted NI Availto Com Stockholders": NaN,
        "Net Income Common Stockholders": NaN,
        "Net Income": NaN,
        "Net Income Including Noncontrolling Interests": NaN,
        "Net Income Continuous Operations": NaN,
        "Tax Provision": NaN,
        "Pretax Income": NaN,
        "Other Income Expense": NaN,
        "Other Non Operating Income Expenses": NaN,
        "Net Non Operating Interest Income Expense": NaN,
        "Interest Expense Non Operating": NaN,
        "Interest Income Non Operating": NaN,
        "Operating Income": NaN,
        "Operating Expense": NaN,
        "Research And Development": NaN,
        "Selling General And Administration": NaN,
        "Gross Profit": NaN,
        "Cost Of Revenue": NaN,
        "Total Revenue": NaN,
        "Operating Revenue": NaN
    },
    "2022-12-31": {
        "Tax Effect Of Unusual Items": NaN,
        "Tax Rate For Calcs": NaN,
        "Normalized EBITDA": NaN,
        "Net Income From Continuing Operation Net Minority Interest": NaN,
        "Reconciled Depreciation": NaN,
        "Reconciled Cost Of Revenue": NaN,
        "EBITDA": NaN,
        "EBIT": NaN,
        "Net Interest Income": NaN,
        "Interest Expense": NaN,
        "Interest Income": NaN,
        "Normalized Income": NaN,
        "Net Income From Continuing And Discontinued Operation": NaN,
        "Total Expenses": NaN,
        "Total Operating Income As Reported": NaN,
        "Diluted Average Shares": 30296000.0,
        "Basic Average Shares": 30296000.0,
        "Diluted EPS": -0.01,
        "Basic EPS": -0.01,
        "Diluted NI Availto Com Stockholders": NaN,
        "Net Income Common Stockholders": NaN,
        "Net Income": NaN,
        "Net Income Including Noncontrolling Interests": NaN,
        "Net Income Continuous Operations": NaN,
        "Tax Provision": NaN,
        "Pretax Income": NaN,
        "Other Income Expense": NaN,
        "Other Non Operating Income Expenses": NaN,
        "Net Non Operating Interest Income Expense": NaN,
        "Interest Expense Non Operating": NaN,
        "Interest Income Non Operating": NaN,
        "Operating Income": NaN,
        "Operating Expense": NaN,
        "Research And Development": NaN,
        "Selling General And Administration": NaN,
        "Gross Profit": NaN,
        "Cost Of Revenue": NaN,
        "Total Revenue": NaN,
        "Operating Revenue": NaN
    },
    "2022-09-30": {
        "Tax Effect Of Unusual Items": 0.0,
        "Tax Rate For Calcs": 0.0,
        "Normalized EBITDA": 318000.0,
        "Net Income From Continuing Operation Net Minority Interest": 314000.0,
        "Reconciled Depreciation": 105000.0,
        "Reconciled Cost Of Revenue": 4345000.0,
        "EBITDA": 318000.0,
        "EBIT": 318000.0,
        "Net Interest Income": 88000.0,
        "Interest Expense": 4000.0,
        "Interest Income": 92000.0,
        "Normalized Income": 314000.0,
        "Net Income From Continuing And Discontinued Operation": 314000.0,
        "Total Expenses": 7825000.0,
        "Total Operating Income As Reported": 192000.0,
        "Diluted Average Shares": 30371000.0,
        "Basic Average Shares": 30296000.0,
        "Diluted EPS": 0.01,
        "Basic EPS": 0.01,
        "Diluted NI Availto Com Stockholders": 314000.0,
        "Net Income Common Stockholders": 314000.0,
        "Net Income": 314000.0,
        "Net Income Including Noncontrolling Interests": 314000.0,
        "Net Income Continuous Operations": 314000.0,
        "Tax Provision": 0.0,
        "Pretax Income": 314000.0,
        "Other Income Expense": 34000.0,
        "Other Non Operating Income Expenses": 34000.0,
        "Net Non Operating Interest Income Expense": 88000.0,
        "Interest Expense Non Operating": 4000.0,
        "Interest Income Non Operating": 92000.0,
        "Operating Income": 192000.0,
        "Operating Expense": 3480000.0,
        "Research And Development": 207000.0,
        "Selling General And Administration": 3273000.0,
        "Gross Profit": 3672000.0,
        "Cost Of Revenue": 4345000.0,
        "Total Revenue": 8017000.0,
        "Operating Revenue": 8017000.0
    },
    "2022-06-30": {
        "Tax Effect Of Unusual Items": 0.0,
        "Tax Rate For Calcs": 0.4,
        "Normalized EBITDA": -219000.0,
        "Net Income From Continuing Operation Net Minority Interest": -356000.0,
        "Reconciled Depreciation": 124000.0,
        "Reconciled Cost Of Revenue": 3690000.0,
        "EBITDA": -219000.0,
        "EBIT": -343000.0,
        "Net Interest Income": 4000.0,
        "Interest Expense": 4000.0,
        "Interest Income": 8000.0,
        "Normalized Income": -356000.0,
        "Net Income From Continuing And Discontinued Operation": -356000.0,
        "Total Expenses": 6853000.0,
        "Total Operating Income As Reported": -485000.0,
        "Diluted Average Shares": 30296000.0,
        "Basic Average Shares": 30296000.0,
        "Diluted EPS": -0.01,
        "Basic EPS": -0.01,
        "Diluted NI Availto Com Stockholders": -356000.0,
        "Net Income Common Stockholders": -356000.0,
        "Net Income": -356000.0,
        "Net Income Including Noncontrolling Interests": -356000.0,
        "Net Income Continuous Operations": -356000.0,
        "Tax Provision": 9000.0,
        "Pretax Income": -347000.0,
        "Other Income Expense": 134000.0,
        "Other Non Operating Income Expenses": 134000.0,
        "Net Non Operating Interest Income Expense": 4000.0,
        "Interest Expense Non Operating": 4000.0,
        "Interest Income Non Operating": 8000.0,
        "Operating Income": -485000.0,
        "Operating Expense": 3163000.0,
        "Research And Development": 289000.0,
        "Selling General And Administration": 2874000.0,
        "Gross Profit": 2678000.0,
        "Cost Of Revenue": 3690000.0,
        "Total Revenue": 6368000.0,
        "Operating Revenue": 6368000.0
    },
    "2022-03-31": {
        "Diluted EPS": -0.03,
        "Total Revenue": 6,
        "Gross Profit": 2,
        "Operating Income": -1,
        "EBIT": -1,
        "Net Income": -1
    },
    "2021-12-31": {
        "Diluted EPS": 0.0,
        "Total Revenue": 6,
        "Gross Profit": 3,
        "Operating Income": 0,
        "EBIT": 0,
        "Net Income": 0
    },
    "2021-09-30": {
        "Diluted EPS": 0.02,
        "Total Revenue": 8,
        "Gross Profit": 4,
        "Operating Income": 1,
        "EBIT": 1,
        "Net Income": 1
    },
    "2021-06-30": {
        "Diluted EPS": -0.03,
        "Total Revenue": 5,
        "Gross Profit": 3,
        "Operating Income": -1,
        "EBIT": -1,
        "Net Income": -1
    },
    "2021-03-31": {
        "Diluted EPS": 0.01,
        "Total Revenue": 5,
        "Gross Profit": 2,
        "Operating Income": -1,
        "EBIT": -1,
        "Net Income": 0
    },
    "2020-12-31": {
        "Diluted EPS": -0.06,
        "Total Revenue": 6,
        "Gross Profit": 3,
        "Operating Income": -2,
        "EBIT": -1,
        "Net Income": -2
    },
    "2020-09-30": {
        "Diluted EPS": 0.09,
        "Total Revenue": 8,
        "Gross Profit": 6,
        "Operating Income": 2,
        "EBIT": 3,
        "Net Income": 2
    },
    "2020-06-30": {
        "Diluted EPS": -0.1,
        "Total Revenue": 4,
        "Gross Profit": 1,
        "Operating Income": -2,
        "EBIT": -2,
        "Net Income": -3
    },
    "2020-03-31": {
        "Diluted EPS": -0.1,
        "Total Revenue": 4,
        "Gross Profit": 2,
        "Operating Income": -3,
        "EBIT": -2,
        "Net Income": -3
    },
    "2019-12-31": {
        "Diluted EPS": -0.18,
        "Total Revenue": 5,
        "Gross Profit": 0,
        "Operating Income": -5,
        "EBIT": -4,
        "Net Income": -4
    },
    "2019-09-30": {
        "Diluted EPS": -0.05,
        "Total Revenue": 6,
        "Gross Profit": 3,
        "Operating Income": -1,
        "EBIT": -1,
        "Net Income": -1
    },
    "2019-06-30": {
        "Diluted EPS": -0.04,
        "Total Revenue": 9,
        "Gross Profit": 4,
        "Operating Income": -1,
        "EBIT": -1,
        "Net Income": -1
    },
    "2019-03-31": {
        "Diluted EPS": -0.05,
        "Total Revenue": 10,
        "Gross Profit": 4,
        "Operating Income": -1,
        "EBIT": -1,
        "Net Income": -1
    },
    "2018-12-31": {
        "Diluted EPS": 0.04,
        "Total Revenue": 16,
        "Gross Profit": 6,
        "Operating Income": 1,
        "EBIT": 1,
        "Net Income": 1
    },
    "2018-09-30": {
        "Diluted EPS": 0.04,
        "Total Revenue": 16,
        "Gross Profit": 5,
        "Operating Income": 1,
        "EBIT": 1,
        "Net Income": 1
    },
    "2018-06-30": {
        "Diluted EPS": -0.07,
        "Total Revenue": 12,
        "Gross Profit": 4,
        "Operating Income": -2,
        "EBIT": -1,
        "Net Income": -2
    },
    "2018-03-31": {
        "Diluted EPS": -0.01,
        "Total Revenue": 13,
        "Gross Profit": 5,
        "Operating Income": 0,
        "EBIT": 0,
        "Net Income": 0
    },
    "2017-12-31": {
        "Diluted EPS": -0.02,
        "Total Revenue": 13,
        "Gross Profit": 6,
        "Operating Income": 0,
        "EBIT": 1,
        "Net Income": -1
    },
    "2017-09-30": {
        "Diluted EPS": -0.02,
        "Total Revenue": 14,
        "Gross Profit": 5,
        "Operating Income": 0,
        "EBIT": 0,
        "Net Income": 0
    },
    "2017-06-30": {
        "Diluted EPS": -0.29,
        "Total Revenue": 10,
        "Gross Profit": 4,
        "Operating Income": -6,
        "EBIT": -5,
        "Net Income": -7
    },
    "2017-03-31": {
        "Diluted EPS": -0.11,
        "Total Revenue": 8,
        "Gross Profit": 4,
        "Operating Income": -2,
        "EBIT": -1,
        "Net Income": -3
    },
    "2016-12-31": {
        "Diluted EPS": -0.38,
        "Total Revenue": 10,
        "Gross Profit": 2,
        "Operating Income": -6,
        "EBIT": -5,
        "Net Income": -9
    },
    "2016-09-30": {
        "Diluted EPS": -0.13,
        "Total Revenue": 13,
        "Gross Profit": 5,
        "Operating Income": -2,
        "EBIT": -2,
        "Net Income": -3
    },
    "2016-06-30": {
        "Diluted EPS": -0.12,
        "Total Revenue": 15,
        "Gross Profit": 6,
        "Operating Income": -1,
        "EBIT": -1,
        "Net Income": -3
    },
    "2016-03-31": {
        "Diluted EPS": -0.11,
        "Total Revenue": 18,
        "Gross Profit": 6,
        "Operating Income": -3,
        "EBIT": -2,
        "Net Income": -3
    },
    "2015-12-31": {
        "Diluted EPS": -0.4,
        "Total Revenue": 18,
        "Gross Profit": 7,
        "Operating Income": 0,
        "EBIT": 0,
        "Net Income": -9
    },
    "2015-09-30": {
        "Diluted EPS": -0.01,
        "Total Revenue": 22,
        "Gross Profit": 8,
        "Operating Income": -1,
        "EBIT": 0,
        "Net Income": 0
    },
    "2015-06-30": {
        "Diluted EPS": -0.06,
        "Total Revenue": 19,
        "Gross Profit": 7,
        "Operating Income": -2,
        "EBIT": -1,
        "Net Income": -1
    },
    "2015-03-31": {
        "Diluted EPS": -0.07,
        "Total Revenue": 15,
        "Gross Profit": 7,
        "Operating Income": -2,
        "EBIT": -1,
        "Net Income": -2
    },
    "2014-12-31": {
        "Diluted EPS": -0.75,
        "Total Revenue": 19,
        "Gross Profit": 9,
        "Operating Income": -25,
        "EBIT": -23,
        "Net Income": -17
    },
    "2014-09-30": {
        "Diluted EPS": 0.05,
        "Total Revenue": 21,
        "Gross Profit": 10,
        "Operating Income": 1,
        "EBIT": 3,
        "Net Income": 1
    },
    "2014-06-30": {
        "Diluted EPS": -0.03,
        "Total Revenue": 20,
        "Gross Profit": 9,
        "Operating Income": -1,
        "EBIT": 0,
        "Net Income": -1
    },
    "2014-03-31": {
        "Diluted EPS": -0.05,
        "Total Revenue": 19,
        "Gross Profit": 8,
        "Operating Income": -1,
        "EBIT": 0,
        "Net Income": -1
    },
    "2013-12-31": {
        "Diluted EPS": 0.03,
        "Total Revenue": 24,
        "Gross Profit": 10,
        "Operating Income": 0,
        "EBIT": 1,
        "Net Income": 0
    },
    "2013-09-30": {
        "Diluted EPS": 0.15,
        "Total Revenue": 34,
        "Gross Profit": 15,
        "Operating Income": 5,
        "EBIT": 6,
        "Net Income": 3
    },
    "2013-06-30": {
        "Diluted EPS": 0.05,
        "Total Revenue": 29,
        "Gross Profit": 12,
        "Operating Income": 2,
        "EBIT": 3,
        "Net Income": 1
    },
    "2013-03-31": {
        "Diluted EPS": 0.0,
        "Total Revenue": 22,
        "Gross Profit": 9,
        "Operating Income": 0,
        "EBIT": 1,
        "Net Income": 0
    },
    "2012-12-31": {
        "Diluted EPS": 0.01,
        "Total Revenue": 27,
        "Gross Profit": 9,
        "Operating Income": 1,
        "EBIT": 2,
        "Net Income": 0
    },
    "2012-09-30": {
        "Diluted EPS": 0.05,
        "Total Revenue": 25,
        "Gross Profit": 10,
        "Operating Income": 2,
        "EBIT": 2,
        "Net Income": 1
    },
    "2012-06-30": {
        "Diluted EPS": 0.0,
        "Total Revenue": 21,
        "Gross Profit": 9,
        "Operating Income": 0,
        "EBIT": 1,
        "Net Income": 0
    },
    "2012-03-31": {
        "Diluted EPS": 0.06,
        "Total Revenue": 25,
        "Gross Profit": 12,
        "Operating Income": 2,
        "EBIT": 3,
        "Net Income": 2
    },
    "2011-12-31": {
        "Diluted EPS": 0.07,
        "Total Revenue": 28,
        "Gross Profit": 13,
        "Operating Income": 3,
        "EBIT": 4,
        "Net Income": 2
    },
    "2011-09-30": {
        "Diluted EPS": 0.11,
        "Total Revenue": 24,
        "Gross Profit": 11,
        "Operating Income": 3,
        "EBIT": 4,
        "Net Income": 3
    },
    "2011-06-30": {
        "Diluted EPS": 0.02,
        "Total Revenue": 19,
        "Gross Profit": 8,
        "Operating Income": 1,
        "EBIT": 2,
        "Net Income": 0
    },
    "2011-03-31": {
        "Diluted EPS": 0.05,
        "Total Revenue": 23,
        "Gross Profit": 11,
        "Operating Income": 3,
        "EBIT": 4,
        "Net Income": 1
    },
    "2010-12-31": {
        "Diluted EPS": 0.04,
        "Total Revenue": 25,
        "Gross Profit": 10,
        "Operating Income": 2,
        "EBIT": 3,
        "Net Income": 1
    },
    "2010-09-30": {
        "Diluted EPS": 0.03,
        "Total Revenue": 20,
        "Gross Profit": 9,
        "Operating Income": 1,
        "EBIT": 3,
        "Net Income": 1
    },
    "2010-06-30": {
        "Diluted EPS": -0.01,
        "Total Revenue": 19,
        "Gross Profit": 8,
        "Operating Income": 0,
        "EBIT": 1,
        "Net Income": 0
    },
    "2010-03-31": {
        "Diluted EPS": 0.01,
        "Total Revenue": 18,
        "Gross Profit": 8,
        "Operating Income": 0,
        "EBIT": 2,
        "Net Income": 0
    },
    "2009-12-31": {
        "Diluted EPS": 0.0,
        "Total Revenue": 19,
        "Gross Profit": 8,
        "Operating Income": 2,
        "EBIT": 2,
        "Net Income": 0
    },
    "2009-09-30": {
        "Diluted EPS": -0.03,
        "Total Revenue": 16,
        "Gross Profit": 6,
        "Operating Income": -2,
        "EBIT": -2,
        "Net Income": -1
    },
    "2009-06-30": {
        "Diluted EPS": -0.01,
        "Total Revenue": 19,
        "Gross Profit": 9,
        "Operating Income": 0,
        "EBIT": 0,
        "Net Income": 0
    },
    "2009-03-31": {
        "Diluted EPS": -0.06,
        "Total Revenue": 17,
        "Gross Profit": 6,
        "Operating Income": -2,
        "EBIT": -2,
        "Net Income": -2
    },
    "2023-06-30": {
        "Tax Effect Of Unusual Items": NaN,
        "Tax Rate For Calcs": NaN,
        "Normalized EBITDA": NaN,
        "Net Income From Continuing Operation Net Minority Interest": NaN,
        "Reconciled Depreciation": NaN,
        "Reconciled Cost Of Revenue": NaN,
        "EBITDA": NaN,
        "EBIT": NaN,
        "Net Interest Income": NaN,
        "Interest Expense": NaN,
        "Interest Income": NaN,
        "Normalized Income": NaN,
        "Net Income From Continuing And Discontinued Operation": NaN,
        "Total Expenses": NaN,
        "Total Operating Income As Reported": NaN,
        "Diluted Average Shares": 30324000.0,
        "Basic Average Shares": 30324000.0,
        "Diluted EPS": -0.03,
        "Basic EPS": -0.03,
        "Diluted NI Availto Com Stockholders": NaN,
        "Net Income Common Stockholders": NaN,
        "Net Income": NaN,
        "Net Income Including Noncontrolling Interests": NaN,
        "Net Income Continuous Operations": NaN,
        "Tax Provision": NaN,
        "Pretax Income": NaN,
        "Other Income Expense": NaN,
        "Other Non Operating Income Expenses": NaN,
        "Net Non Operating Interest Income Expense": NaN,
        "Interest Expense Non Operating": NaN,
        "Interest Income Non Operating": NaN,
        "Operating Income": NaN,
        "Operating Expense": NaN,
        "Research And Development": NaN,
        "Selling General And Administration": NaN,
        "Gross Profit": NaN,
        "Cost Of Revenue": NaN,
        "Total Revenue": NaN,
        "Operating Revenue": NaN
    },
    "2023-09-30": {
        "Tax Effect Of Unusual Items": NaN,
        "Tax Rate For Calcs": NaN,
        "Normalized EBITDA": NaN,
        "Net Income From Continuing Operation Net Minority Interest": NaN,
        "Reconciled Depreciation": NaN,
        "Reconciled Cost Of Revenue": NaN,
        "EBITDA": NaN,
        "EBIT": NaN,
        "Net Interest Income": NaN,
        "Interest Expense": NaN,
        "Interest Income": NaN,
        "Normalized Income": NaN,
        "Net Income From Continuing And Discontinued Operation": NaN,
        "Total Expenses": NaN,
        "Total Operating Income As Reported": NaN,
        "Diluted Average Shares": 30627000.0,
        "Basic Average Shares": 30385000.0,
        "Diluted EPS": 0.01,
        "Basic EPS": 0.02,
        "Diluted NI Availto Com Stockholders": NaN,
        "Net Income Common Stockholders": NaN,
        "Net Income": NaN,
        "Net Income Including Noncontrolling Interests": NaN,
        "Net Income Continuous Operations": NaN,
        "Tax Provision": NaN,
        "Pretax Income": NaN,
        "Other Income Expense": NaN,
        "Other Non Operating Income Expenses": NaN,
        "Net Non Operating Interest Income Expense": NaN,
        "Interest Expense Non Operating": NaN,
        "Interest Income Non Operating": NaN,
        "Operating Income": NaN,
        "Operating Expense": NaN,
        "Research And Development": NaN,
        "Selling General And Administration": NaN,
        "Gross Profit": NaN,
        "Cost Of Revenue": NaN,
        "Total Revenue": NaN,
        "Operating Revenue": NaN
    },
    "2023-12-31": {
        "Tax Effect Of Unusual Items": NaN,
        "Tax Rate For Calcs": NaN,
        "Normalized EBITDA": NaN,
        "Net Income From Continuing Operation Net Minority Interest": NaN,
        "Reconciled Depreciation": NaN,
        "Reconciled Cost Of Revenue": NaN,
        "EBITDA": NaN,
        "EBIT": NaN,
        "Net Interest Income": NaN,
        "Interest Expense": 6000.0,
        "Interest Income": NaN,
        "Normalized Income": NaN,
        "Net Income From Continuing And Discontinued Operation": NaN,
        "Total Expenses": NaN,
        "Total Operating Income As Reported": NaN,
        "Diluted Average Shares": NaN,
        "Basic Average Shares": NaN,
        "Diluted EPS": NaN,
        "Basic EPS": NaN,
        "Diluted NI Availto Com Stockholders": NaN,
        "Net Income Common Stockholders": NaN,
        "Net Income": NaN,
        "Net Income Including Noncontrolling Interests": NaN,
        "Net Income Continuous Operations": NaN,
        "Tax Provision": NaN,
        "Pretax Income": NaN,
        "Other Income Expense": NaN,
        "Other Non Operating Income Expenses": NaN,
        "Net Non Operating Interest Income Expense": NaN,
        "Interest Expense Non Operating": 6000.0,
        "Interest Income Non Operating": NaN,
        "Operating Income": NaN,
        "Operating Expense": NaN,
        "Research And Development": NaN,
        "Selling General And Administration": NaN,
        "Gross Profit": NaN,
        "Cost Of Revenue": NaN,
        "Total Revenue": NaN,
        "Operating Revenue": NaN
    },
    "2024-03-31": {
        "Tax Effect Of Unusual Items": NaN,
        "Tax Rate For Calcs": NaN,
        "Normalized EBITDA": NaN,
        "Net Income From Continuing Operation Net Minority Interest": NaN,
        "Reconciled Depreciation": NaN,
        "Reconciled Cost Of Revenue": NaN,
        "EBITDA": NaN,
        "EBIT": NaN,
        "Net Interest Income": NaN,
        "Interest Expense": 0.0,
        "Interest Income": NaN,
        "Normalized Income": NaN,
        "Net Income From Continuing And Discontinued Operation": NaN,
        "Total Expenses": NaN,
        "Total Operating Income As Reported": NaN,
        "Diluted Average Shares": NaN,
        "Basic Average Shares": NaN,
        "Diluted EPS": NaN,
        "Basic EPS": NaN,
        "Diluted NI Availto Com Stockholders": NaN,
        "Net Income Common Stockholders": NaN,
        "Net Income": NaN,
        "Net Income Including Noncontrolling Interests": NaN,
        "Net Income Continuous Operations": NaN,
        "Tax Provision": NaN,
        "Pretax Income": NaN,
        "Other Income Expense": NaN,
        "Other Non Operating Income Expenses": NaN,
        "Net Non Operating Interest Income Expense": NaN,
        "Interest Expense Non Operating": 0.0,
        "Interest Income Non Operating": NaN,
        "Operating Income": NaN,
        "Operating Expense": NaN,
        "Research And Development": NaN,
        "Selling General And Administration": NaN,
        "Gross Profit": NaN,
        "Cost Of Revenue": NaN,
        "Total Revenue": NaN,
        "Operating Revenue": NaN
    },
    "2024-06-30": {
        "Tax Effect Of Unusual Items": NaN,
        "Tax Rate For Calcs": NaN,
        "Normalized EBITDA": NaN,
        "Net Income From Continuing Operation Net Minority Interest": NaN,
        "Reconciled Depreciation": NaN,
        "Reconciled Cost Of Revenue": NaN,
        "EBITDA": NaN,
        "EBIT": NaN,
        "Net Interest Income": NaN,
        "Interest Expense": 0.0,
        "Interest Income": NaN,
        "Normalized Income": NaN,
        "Net Income From Continuing And Discontinued Operation": NaN,
        "Total Expenses": NaN,
        "Total Operating Income As Reported": NaN,
        "Diluted Average Shares": NaN,
        "Basic Average Shares": NaN,
        "Diluted EPS": NaN,
        "Basic EPS": NaN,
        "Diluted NI Availto Com Stockholders": NaN,
        "Net Income Common Stockholders": NaN,
        "Net Income": NaN,
        "Net Income Including Noncontrolling Interests": NaN,
        "Net Income Continuous Operations": NaN,
        "Tax Provision": NaN,
        "Pretax Income": NaN,
        "Other Income Expense": NaN,
        "Other Non Operating Income Expenses": NaN,
        "Net Non Operating Interest Income Expense": NaN,
        "Interest Expense Non Operating": 0.0,
        "Interest Income Non Operating": NaN,
        "Operating Income": NaN,
        "Operating Expense": NaN,
        "Research And Development": NaN,
        "Selling General And Administration": NaN,
        "Gross Profit": NaN,
        "Cost Of Revenue": NaN,
        "Total Revenue": NaN,
        "Operating Revenue": NaN
    },
    "2024-09-30": {
        "Tax Effect Of Unusual Items": 0.0,
        "Tax Rate For Calcs": 0.012346,
        "Normalized EBITDA": -81000.0,
        "Net Income From Continuing Operation Net Minority Interest": 80000.0,
        "Reconciled Depreciation": 98000.0,
        "Reconciled Cost Of Revenue": 4444000.0,
        "EBITDA": -81000.0,
        "EBIT": -179000.0,
        "Net Interest Income": 323000.0,
        "Interest Expense": 0.0,
        "Interest Income": 323000.0,
        "Normalized Income": 80000.0,
        "Net Income From Continuing And Discontinued Operation": 80000.0,
        "Total Expenses": 8030000.0,
        "Total Operating Income As Reported": -179000.0,
        "Diluted Average Shares": 30848000.0,
        "Basic Average Shares": 30708000.0,
        "Diluted EPS": 0.0,
        "Basic EPS": 0.0,
        "Diluted NI Availto Com Stockholders": 80000.0,
        "Net Income Common Stockholders": 80000.0,
        "Net Income": 80000.0,
        "Net Income Including Noncontrolling Interests": 80000.0,
        "Net Income Continuous Operations": 80000.0,
        "Tax Provision": 1000.0,
        "Pretax Income": 81000.0,
        "Other Income Expense": -63000.0,
        "Other Non Operating Income Expenses": -63000.0,
        "Net Non Operating Interest Income Expense": 323000.0,
        "Interest Expense Non Operating": 0.0,
        "Interest Income Non Operating": 323000.0,
        "Operating Income": -179000.0,
        "Operating Expense": 3586000.0,
        "Research And Development": 361000.0,
        "Selling General And Administration": 3225000.0,
        "Gross Profit": 3407000.0,
        "Cost Of Revenue": 4444000.0,
        "Total Revenue": 7851000.0,
        "Operating Revenue": 7851000.0
    },
    "2024-12-31": {
        "Tax Effect Of Unusual Items": 0.0,
        "Tax Rate For Calcs": 0.21,
        "Normalized EBITDA": -1654000.0,
        "Net Income From Continuing Operation Net Minority Interest": -1883000.0,
        "Reconciled Depreciation": 170000.0,
        "Reconciled Cost Of Revenue": 3048000.0,
        "EBITDA": -1654000.0,
        "EBIT": -1824000.0,
        "Net Interest Income": 283000.0,
        "Interest Expense": 0.0,
        "Interest Income": 283000.0,
        "Normalized Income": -1883000.0,
        "Net Income From Continuing And Discontinued Operation": -1883000.0,
        "Total Expenses": 7399000.0,
        "Total Operating Income As Reported": -2116000.0,
        "Diluted Average Shares": 30708000.0,
        "Basic Average Shares": 30708000.0,
        "Diluted EPS": -0.06,
        "Basic EPS": -0.06,
        "Diluted NI Availto Com Stockholders": -1883000.0,
        "Net Income Common Stockholders": -1883000.0,
        "Net Income": -1883000.0,
        "Net Income Including Noncontrolling Interests": -1883000.0,
        "Net Income Continuous Operations": -1883000.0,
        "Tax Provision": 59000.0,
        "Pretax Income": -1824000.0,
        "Other Income Expense": 9000.0,
        "Other Non Operating Income Expenses": 9000.0,
        "Net Non Operating Interest Income Expense": 283000.0,
        "Interest Expense Non Operating": 0.0,
        "Interest Income Non Operating": 283000.0,
        "Operating Income": -2116000.0,
        "Operating Expense": 4351000.0,
        "Research And Development": 405000.0,
        "Selling General And Administration": 3946000.0,
        "Gross Profit": 2235000.0,
        "Cost Of Revenue": 3048000.0,
        "Total Revenue": 5283000.0,
        "Operating Revenue": 5283000.0
    },
    "2025-03-31": {
        "Tax Effect Of Unusual Items": 0.0,
        "Tax Rate For Calcs": 0.0,
        "Normalized EBITDA": -779000.0,
        "Net Income From Continuing Operation Net Minority Interest": -739000.0,
        "Reconciled Depreciation": 173000.0,
        "Reconciled Cost Of Revenue": 3423000.0,
        "EBITDA": -779000.0,
        "EBIT": -952000.0,
        "Net Interest Income": 279000.0,
        "Interest Expense": NaN,
        "Interest Income": 279000.0,
        "Normalized Income": -739000.0,
        "Net Income From Continuing And Discontinued Operation": -739000.0,
        "Total Expenses": 7334000.0,
        "Total Operating Income As Reported": -952000.0,
        "Diluted Average Shares": 30718000.0,
        "Basic Average Shares": 30718000.0,
        "Diluted EPS": -0.02,
        "Basic EPS": -0.02,
        "Diluted NI Availto Com Stockholders": -739000.0,
        "Net Income Common Stockholders": -739000.0,
        "Net Income": -739000.0,
        "Net Income Including Noncontrolling Interests": -739000.0,
        "Net Income Continuous Operations": -739000.0,
        "Tax Provision": 0.0,
        "Pretax Income": -739000.0,
        "Other Income Expense": -66000.0,
        "Other Non Operating Income Expenses": -66000.0,
        "Net Non Operating Interest Income Expense": 279000.0,
        "Interest Expense Non Operating": NaN,
        "Interest Income Non Operating": 279000.0,
        "Operating Income": -952000.0,
        "Operating Expense": 3911000.0,
        "Research And Development": 570000.0,
        "Selling General And Administration": 3341000.0,
        "Gross Profit": 2959000.0,
        "Cost Of Revenue": 3423000.0,
        "Total Revenue": 6382000.0,
        "Operating Revenue": 6382000.0
    },
    "2025-06-30": {
        "Tax Effect Of Unusual Items": 0.0,
        "Tax Rate For Calcs": 0.21,
        "Normalized EBITDA": -1136000.0,
        "Net Income From Continuing Operation Net Minority Interest": -689000.0,
        "Reconciled Depreciation": 172000.0,
        "Reconciled Cost Of Revenue": 3029000.0,
        "EBITDA": -1136000.0,
        "EBIT": -1308000.0,
        "Net Interest Income": 537000.0,
        "Interest Expense": NaN,
        "Interest Income": 537000.0,
        "Normalized Income": -689000.0,
        "Net Income From Continuing And Discontinued Operation": -689000.0,
        "Total Expenses": 6866000.0,
        "Total Operating Income As Reported": -1308000.0,
        "Diluted Average Shares": 30868000.0,
        "Basic Average Shares": 30868000.0,
        "Diluted EPS": -0.02,
        "Basic EPS": -0.02,
        "Diluted NI Availto Com Stockholders": -689000.0,
        "Net Income Common Stockholders": -689000.0,
        "Net Income": -689000.0,
        "Net Income Including Noncontrolling Interests": -689000.0,
        "Net Income Continuous Operations": -689000.0,
        "Tax Provision": 4000.0,
        "Pretax Income": -685000.0,
        "Other Income Expense": 86000.0,
        "Other Non Operating Income Expenses": 86000.0,
        "Net Non Operating Interest Income Expense": 537000.0,
        "Interest Expense Non Operating": NaN,
        "Interest Income Non Operating": 537000.0,
        "Operating Income": -1308000.0,
        "Operating Expense": 3837000.0,
        "Research And Development": 490000.0,
        "Selling General And Administration": 3347000.0,
        "Gross Profit": 2529000.0,
        "Cost Of Revenue": 3029000.0,
        "Total Revenue": 5558000.0,
        "Operating Revenue": 5558000.0
    },
    "2025-09-30": {
        "Tax Effect Of Unusual Items": 0.0,
        "Tax Rate For Calcs": 0.022581,
        "Normalized EBITDA": 176000.0,
        "Net Income From Continuing Operation Net Minority Interest": 303000.0,
        "Reconciled Depreciation": 172000.0,
        "Reconciled Cost Of Revenue": 3829000.0,
        "EBITDA": 176000.0,
        "EBIT": 4000.0,
        "Net Interest Income": 311000.0,
        "Interest Expense": NaN,
        "Interest Income": 311000.0,
        "Normalized Income": 303000.0,
        "Net Income From Continuing And Discontinued Operation": 303000.0,
        "Total Expenses": 7486000.0,
        "Total Operating Income As Reported": 4000.0,
        "Diluted Average Shares": 31293000.0,
        "Basic Average Shares": 31074000.0,
        "Diluted EPS": 0.01,
        "Basic EPS": 0.01,
        "Diluted NI Availto Com Stockholders": 303000.0,
        "Net Income Common Stockholders": 303000.0,
        "Net Income": 303000.0,
        "Net Income Including Noncontrolling Interests": 303000.0,
        "Net Income Continuous Operations": 303000.0,
        "Tax Provision": 7000.0,
        "Pretax Income": 310000.0,
        "Other Income Expense": -5000.0,
        "Other Non Operating Income Expenses": -5000.0,
        "Net Non Operating Interest Income Expense": 311000.0,
        "Interest Expense Non Operating": NaN,
        "Interest Income Non Operating": 311000.0,
        "Operating Income": 4000.0,
        "Operating Expense": 3657000.0,
        "Research And Development": 450000.0,
        "Selling General And Administration": 3207000.0,
        "Gross Profit": 3661000.0,
        "Cost Of Revenue": 3829000.0,
        "Total Revenue": 7490000.0,
        "Operating Revenue": 7490000.0
    }
}