{
    "2023-03-31": {
        "Tax Effect Of Unusual Items": NaN,
        "Tax Rate For Calcs": NaN,
        "Normalized EBITDA": NaN,
        "Total Unusual Items": 0.0,
        "Total Unusual Items Excluding Goodwill": 0.0,
        "Net Income From Continuing Operation Net Minority Interest": NaN,
        "Reconciled Depreciation": NaN,
        "Reconciled Cost Of Revenue": NaN,
        "EBITDA": NaN,
        "EBIT": NaN,
        "Net Interest Income": NaN,
        "Interest Expense": NaN,
        "Interest Income": NaN,
        "Normalized Income": NaN,
        "Net Income From Continuing And Discontinued Operation": NaN,
        "Total Expenses": NaN,
        "Total Operating Income As Reported": NaN,
        "Diluted Average Shares": NaN,
        "Basic Average Shares": NaN,
        "Diluted EPS": NaN,
        "Basic EPS": NaN,
        "Diluted NI Availto Com Stockholders": NaN,
        "Average Dilution Earnings": NaN,
        "Net Income Common Stockholders": NaN,
        "Net Income": NaN,
        "Minority Interests": NaN,
        "Net Income Including Noncontrolling Interests": NaN,
        "Net Income Discontinuous Operations": NaN,
        "Net Income Continuous Operations": NaN,
        "Tax Provision": NaN,
        "Pretax Income": NaN,
        "Other Income Expense": NaN,
        "Other Non Operating Income Expenses": NaN,
        "Special Income Charges": 0.0,
        "Write Off": 0.0,
        "Net Non Operating Interest Income Expense": NaN,
        "Interest Expense Non Operating": NaN,
        "Interest Income Non Operating": NaN,
        "Operating Income": NaN,
        "Operating Expense": NaN,
        "Provision For Doubtful Accounts": NaN,
        "Research And Development": NaN,
        "Selling General And Administration": NaN,
        "Selling And Marketing Expense": NaN,
        "General And Administrative Expense": NaN,
        "Other Gand A": NaN,
        "Salaries And Wages": NaN,
        "Gross Profit": NaN,
        "Cost Of Revenue": NaN,
        "Total Revenue": NaN,
        "Operating Revenue": NaN
    },
    "2022-12-31": {
        "Tax Effect Of Unusual Items": NaN,
        "Tax Rate For Calcs": NaN,
        "Normalized EBITDA": NaN,
        "Total Unusual Items": -1487358.0,
        "Total Unusual Items Excluding Goodwill": -1487358.0,
        "Net Income From Continuing Operation Net Minority Interest": NaN,
        "Reconciled Depreciation": NaN,
        "Reconciled Cost Of Revenue": NaN,
        "EBITDA": NaN,
        "EBIT": NaN,
        "Net Interest Income": NaN,
        "Interest Expense": NaN,
        "Interest Income": NaN,
        "Normalized Income": NaN,
        "Net Income From Continuing And Discontinued Operation": NaN,
        "Total Expenses": NaN,
        "Total Operating Income As Reported": NaN,
        "Diluted Average Shares": NaN,
        "Basic Average Shares": NaN,
        "Diluted EPS": NaN,
        "Basic EPS": NaN,
        "Diluted NI Availto Com Stockholders": NaN,
        "Average Dilution Earnings": NaN,
        "Net Income Common Stockholders": NaN,
        "Net Income": NaN,
        "Minority Interests": NaN,
        "Net Income Including Noncontrolling Interests": NaN,
        "Net Income Discontinuous Operations": NaN,
        "Net Income Continuous Operations": NaN,
        "Tax Provision": NaN,
        "Pretax Income": NaN,
        "Other Income Expense": NaN,
        "Other Non Operating Income Expenses": NaN,
        "Special Income Charges": -2322719.0,
        "Write Off": 2322719.0,
        "Net Non Operating Interest Income Expense": NaN,
        "Interest Expense Non Operating": NaN,
        "Interest Income Non Operating": NaN,
        "Operating Income": NaN,
        "Operating Expense": NaN,
        "Provision For Doubtful Accounts": NaN,
        "Research And Development": NaN,
        "Selling General And Administration": NaN,
        "Selling And Marketing Expense": NaN,
        "General And Administrative Expense": NaN,
        "Other Gand A": NaN,
        "Salaries And Wages": 0.0,
        "Gross Profit": NaN,
        "Cost Of Revenue": NaN,
        "Total Revenue": NaN,
        "Operating Revenue": NaN
    },
    "2022-09-30": {
        "Tax Effect Of Unusual Items": NaN,
        "Tax Rate For Calcs": NaN,
        "Normalized EBITDA": NaN,
        "Total Unusual Items": NaN,
        "Total Unusual Items Excluding Goodwill": NaN,
        "Net Income From Continuing Operation Net Minority Interest": NaN,
        "Reconciled Depreciation": NaN,
        "Reconciled Cost Of Revenue": NaN,
        "EBITDA": NaN,
        "EBIT": NaN,
        "Net Interest Income": NaN,
        "Interest Expense": NaN,
        "Interest Income": NaN,
        "Normalized Income": NaN,
        "Net Income From Continuing And Discontinued Operation": NaN,
        "Total Expenses": NaN,
        "Total Operating Income As Reported": NaN,
        "Diluted Average Shares": 14772623.0,
        "Basic Average Shares": 14214832.0,
        "Diluted EPS": -0.25,
        "Basic EPS": -0.25,
        "Diluted NI Availto Com Stockholders": NaN,
        "Average Dilution Earnings": 0.0,
        "Net Income Common Stockholders": NaN,
        "Net Income": NaN,
        "Minority Interests": NaN,
        "Net Income Including Noncontrolling Interests": NaN,
        "Net Income Discontinuous Operations": NaN,
        "Net Income Continuous Operations": NaN,
        "Tax Provision": NaN,
        "Pretax Income": NaN,
        "Other Income Expense": NaN,
        "Other Non Operating Income Expenses": NaN,
        "Special Income Charges": NaN,
        "Write Off": NaN,
        "Net Non Operating Interest Income Expense": NaN,
        "Interest Expense Non Operating": NaN,
        "Interest Income Non Operating": NaN,
        "Operating Income": NaN,
        "Operating Expense": NaN,
        "Provision For Doubtful Accounts": NaN,
        "Research And Development": NaN,
        "Selling General And Administration": NaN,
        "Selling And Marketing Expense": NaN,
        "General And Administrative Expense": NaN,
        "Other Gand A": NaN,
        "Salaries And Wages": 1279740.0,
        "Gross Profit": NaN,
        "Cost Of Revenue": NaN,
        "Total Revenue": NaN,
        "Operating Revenue": NaN
    },
    "2022-06-30": {
        "Tax Effect Of Unusual Items": -179444.4,
        "Tax Rate For Calcs": 0.4,
        "Normalized EBITDA": -1699754.0,
        "Total Unusual Items": -448611.0,
        "Total Unusual Items Excluding Goodwill": -448611.0,
        "Net Income From Continuing Operation Net Minority Interest": -2110238.0,
        "Reconciled Depreciation": 61439.0,
        "Reconciled Cost Of Revenue": 6042857.0,
        "EBITDA": -2148365.0,
        "EBIT": -2209804.0,
        "Net Interest Income": 239771.0,
        "Interest Expense": 2942.0,
        "Interest Income": 242713.0,
        "Normalized Income": -1841071.4,
        "Net Income From Continuing And Discontinued Operation": -2110392.0,
        "Total Expenses": 9812121.0,
        "Total Operating Income As Reported": -2842455.0,
        "Diluted Average Shares": 13645881.0,
        "Basic Average Shares": 13088090.0,
        "Diluted EPS": -0.16,
        "Basic EPS": -0.16,
        "Diluted NI Availto Com Stockholders": -2110392.0,
        "Net Income Common Stockholders": -2110392.0,
        "Net Income": -2110392.0,
        "Minority Interests": 226296.0,
        "Net Income Including Noncontrolling Interests": -2336688.0,
        "Net Income Discontinuous Operations": -154.0,
        "Net Income Continuous Operations": -2336534.0,
        "Tax Provision": 123788.0,
        "Pretax Income": -2212746.0,
        "Other Income Expense": -58673.0,
        "Other Non Operating Income Expenses": 389938.0,
        "Special Income Charges": -448611.0,
        "Write Off": 448611.0,
        "Net Non Operating Interest Income Expense": 239771.0,
        "Interest Expense Non Operating": 2942.0,
        "Interest Income Non Operating": 242713.0,
        "Operating Income": -2393844.0,
        "Operating Expense": 3769264.0,
        "Provision For Doubtful Accounts": -29.0,
        "Research And Development": 770105.0,
        "Selling General And Administration": 2999188.0,
        "Selling And Marketing Expense": 349209.0,
        "General And Administrative Expense": 2649979.0,
        "Other Gand A": 2649979.0,
        "Salaries And Wages": NaN,
        "Gross Profit": 1375420.0,
        "Cost Of Revenue": 6042857.0,
        "Total Revenue": 7418277.0,
        "Operating Revenue": 7351414.0
    },
    "2022-03-31": {
        "Diluted EPS": -0.18,
        "Total Revenue": 3,
        "Gross Profit": 2,
        "Operating Income": -3,
        "EBIT": -3,
        "Net Income": -3
    },
    "2021-12-31": {
        "Diluted EPS": -0.05,
        "Total Revenue": 12,
        "Gross Profit": 1,
        "Operating Income": -4,
        "EBIT": -3,
        "Net Income": -2
    },
    "2021-09-30": {
        "Diluted EPS": -0.8,
        "Total Revenue": 12,
        "Gross Profit": 1,
        "Operating Income": -7,
        "EBIT": -7,
        "Net Income": -10
    },
    "2021-06-30": {
        "Diluted EPS": -0.05,
        "Total Revenue": 1,
        "Gross Profit": 0,
        "Operating Income": -1,
        "EBIT": -1,
        "Net Income": 0
    },
    "2021-03-31": {
        "Diluted EPS": -0.1,
        "Total Revenue": 0,
        "Gross Profit": 0,
        "Operating Income": -2,
        "EBIT": -2,
        "Net Income": -1
    },
    "2020-12-31": {
        "Diluted EPS": -6.5,
        "Total Revenue": 0,
        "Gross Profit": 0,
        "Operating Income": -8,
        "EBIT": -8,
        "Net Income": -25
    },
    "2020-09-30": {
        "Diluted EPS": -0.35,
        "Total Revenue": 0,
        "Gross Profit": 0,
        "Operating Income": -1,
        "EBIT": -1,
        "Net Income": -2
    },
    "2020-06-30": {
        "Diluted EPS": -0.1,
        "Total Revenue": 0,
        "Gross Profit": 0,
        "Operating Income": 0,
        "EBIT": 0,
        "Net Income": -1
    },
    "2020-03-31": {
        "Diluted EPS": 17.25,
        "Total Revenue": 0,
        "Gross Profit": 0,
        "Operating Income": -6,
        "EBIT": -6,
        "Net Income": 117
    },
    "2019-12-31": {
        "Diluted EPS": -3.35,
        "Total Revenue": 0,
        "Gross Profit": 0,
        "Operating Income": -4,
        "EBIT": -7,
        "Net Income": -21
    },
    "2019-09-30": {
        "Diluted EPS": -0.15,
        "Total Revenue": 0,
        "Gross Profit": 0,
        "Operating Income": -1,
        "EBIT": 1,
        "Net Income": -1
    },
    "2019-06-30": {
        "Diluted EPS": -0.25,
        "Total Revenue": 0,
        "Gross Profit": 0,
        "Operating Income": -1,
        "EBIT": -1,
        "Net Income": -2
    },
    "2019-03-31": {
        "Diluted EPS": -0.25,
        "Total Revenue": 0,
        "Gross Profit": 0,
        "Operating Income": -1,
        "EBIT": -1,
        "Net Income": -2
    },
    "2018-12-31": {
        "Diluted EPS": -30.8,
        "Total Revenue": -1,
        "Gross Profit": 0,
        "Operating Income": -167,
        "EBIT": -167,
        "Net Income": -146
    },
    "2018-09-30": {
        "Diluted EPS": -4.65,
        "Total Revenue": 0,
        "Gross Profit": 0,
        "Operating Income": -18,
        "EBIT": -10,
        "Net Income": -18
    },
    "2018-06-30": {
        "Diluted EPS": -1.15,
        "Total Revenue": 1,
        "Gross Profit": 0,
        "Operating Income": -3,
        "EBIT": -4,
        "Net Income": -3
    },
    "2018-03-31": {
        "Diluted EPS": -2.1,
        "Total Revenue": 1,
        "Gross Profit": 0,
        "Operating Income": -3,
        "EBIT": -1,
        "Net Income": -3
    },
    "2017-12-31": {
        "Diluted EPS": -76.7,
        "Total Revenue": 0,
        "Gross Profit": 0,
        "Operating Income": -86,
        "EBIT": -87,
        "Net Income": -88
    },
    "2017-09-30": {
        "Diluted EPS": -9.35,
        "Total Revenue": 4,
        "Gross Profit": 0,
        "Operating Income": -9,
        "EBIT": -8,
        "Net Income": -9
    },
    "2017-06-30": {
        "Diluted EPS": -2.5,
        "Total Revenue": 3,
        "Gross Profit": 1,
        "Operating Income": -2,
        "EBIT": -1,
        "Net Income": -2
    },
    "2017-03-31": {
        "Diluted EPS": -3.15,
        "Total Revenue": 3,
        "Gross Profit": 1,
        "Operating Income": -3,
        "EBIT": -2,
        "Net Income": -3
    },
    "2016-12-31": {
        "Diluted EPS": -4.75,
        "Total Revenue": 8,
        "Gross Profit": 3,
        "Operating Income": 1,
        "EBIT": 3,
        "Net Income": -4
    },
    "2016-09-30": {
        "Diluted EPS": -1.4,
        "Total Revenue": 11,
        "Gross Profit": 3,
        "Operating Income": 1,
        "EBIT": 2,
        "Net Income": 0
    },
    "2016-06-30": {
        "Diluted EPS": 0.6,
        "Total Revenue": 10,
        "Gross Profit": 3,
        "Operating Income": 1,
        "EBIT": 1,
        "Net Income": 0
    },
    "2016-03-31": {
        "Diluted EPS": -1.5,
        "Total Revenue": 5,
        "Gross Profit": 0,
        "Operating Income": -1,
        "EBIT": 1,
        "Net Income": -1
    },
    "2015-12-31": {
        "Diluted EPS": -0.05,
        "Total Revenue": 47,
        "Gross Profit": 10,
        "Operating Income": 2,
        "EBIT": 5,
        "Net Income": 0
    },
    "2015-09-30": {
        "Diluted EPS": -0.1,
        "Total Revenue": 11,
        "Gross Profit": 4,
        "Operating Income": 1,
        "EBIT": 3,
        "Net Income": 0
    },
    "2015-06-30": {
        "Diluted EPS": 0.4,
        "Total Revenue": 12,
        "Gross Profit": 5,
        "Operating Income": 4,
        "EBIT": 5,
        "Net Income": 2
    },
    "2015-03-31": {
        "Diluted EPS": 0.3,
        "Total Revenue": 17,
        "Gross Profit": 7,
        "Operating Income": 3,
        "EBIT": 5,
        "Net Income": 2
    },
    "2014-12-31": {
        "Diluted EPS": -6.17,
        "Total Revenue": 40,
        "Gross Profit": 11,
        "Operating Income": 6,
        "EBIT": 9,
        "Net Income": 3
    },
    "2014-09-30": {
        "Diluted EPS": 6.8,
        "Total Revenue": 35,
        "Gross Profit": 10,
        "Operating Income": 7,
        "EBIT": 9,
        "Net Income": 5
    },
    "2014-06-30": {
        "Diluted EPS": 0.07,
        "Total Revenue": 12,
        "Gross Profit": 5,
        "Operating Income": 2,
        "EBIT": 3,
        "Net Income": 0
    },
    "2014-03-31": {
        "Diluted EPS": 0.8,
        "Total Revenue": 12,
        "Gross Profit": 4,
        "Operating Income": 2,
        "EBIT": 3,
        "Net Income": 1
    },
    "2013-12-31": {
        "Diluted EPS": 7.2,
        "Total Revenue": 31,
        "Gross Profit": 9,
        "Operating Income": 7,
        "EBIT": 9,
        "Net Income": 5
    },
    "2013-09-30": {
        "Diluted EPS": 4.4,
        "Total Revenue": 19,
        "Gross Profit": 7,
        "Operating Income": 5,
        "EBIT": 6,
        "Net Income": 3
    },
    "2013-06-30": {
        "Diluted EPS": 1.2,
        "Total Revenue": 10,
        "Gross Profit": 3,
        "Operating Income": 1,
        "EBIT": 2,
        "Net Income": 1
    },
    "2013-03-31": {
        "Diluted EPS": 5.6,
        "Total Revenue": 19,
        "Gross Profit": 8,
        "Operating Income": 5,
        "EBIT": 6,
        "Net Income": 4
    },
    "2012-12-31": {
        "Diluted EPS": 13.2,
        "Total Revenue": 46,
        "Gross Profit": 16,
        "Operating Income": 13,
        "EBIT": 14,
        "Net Income": 9
    },
    "2012-09-30": {
        "Diluted EPS": 7.6,
        "Total Revenue": 29,
        "Gross Profit": 9,
        "Operating Income": 7,
        "EBIT": 9,
        "Net Income": 5
    },
    "2012-06-30": {
        "Diluted EPS": 3.6,
        "Total Revenue": 13,
        "Gross Profit": 4,
        "Operating Income": 3,
        "EBIT": 4,
        "Net Income": 2
    },
    "2012-03-31": {
        "Diluted EPS": 2.8,
        "Total Revenue": 15,
        "Gross Profit": 5,
        "Operating Income": 3,
        "EBIT": 3,
        "Net Income": 2
    },
    "2011-12-31": {
        "Diluted EPS": 6.8,
        "Total Revenue": 35,
        "Gross Profit": 10,
        "Operating Income": 7,
        "EBIT": 8,
        "Net Income": 5
    },
    "2011-09-30": {
        "Diluted EPS": 2.8,
        "Total Revenue": 17,
        "Gross Profit": 5,
        "Operating Income": 3,
        "EBIT": 4,
        "Net Income": 2
    },
    "2011-06-30": {
        "Diluted EPS": 2.4,
        "Total Revenue": 12,
        "Gross Profit": 4,
        "Operating Income": 2,
        "EBIT": 3,
        "Net Income": 1
    },
    "2011-03-31": {
        "Diluted EPS": 8.0,
        "Total Revenue": 19,
        "Gross Profit": 9,
        "Operating Income": 7,
        "EBIT": 8,
        "Net Income": 5
    },
    "2010-12-31": {
        "Diluted EPS": 18.8,
        "Total Revenue": 44,
        "Gross Profit": 18,
        "Operating Income": 16,
        "EBIT": 16,
        "Net Income": 11
    },
    "2010-09-30": {
        "Diluted EPS": 6.0,
        "Total Revenue": 18,
        "Gross Profit": 7,
        "Operating Income": 5,
        "EBIT": 6,
        "Net Income": 3
    },
    "2010-06-30": {
        "Diluted EPS": 8.8,
        "Total Revenue": 13,
        "Gross Profit": 6,
        "Operating Income": 5,
        "EBIT": 6,
        "Net Income": 4
    },
    "2010-03-31": {
        "Diluted EPS": 3.2,
        "Total Revenue": 18,
        "Gross Profit": 7,
        "Operating Income": 6,
        "EBIT": 6,
        "Net Income": 1
    },
    "2009-12-31": {
        "Diluted EPS": 22.8,
        "Total Revenue": 36,
        "Gross Profit": 17,
        "Operating Income": 15,
        "EBIT": 17,
        "Net Income": 8
    },
    "2009-09-30": {
        "Diluted EPS": 4.4,
        "Total Revenue": 11,
        "Gross Profit": 4,
        "Operating Income": 3,
        "EBIT": 2,
        "Net Income": 2
    },
    "2009-06-30": {
        "Diluted EPS": 3.6,
        "Total Revenue": 6,
        "Gross Profit": 2,
        "Operating Income": 1,
        "EBIT": 1,
        "Net Income": 2
    },
    "2009-03-31": {
        "Diluted EPS": 2.8,
        "Total Revenue": 7,
        "Gross Profit": 3,
        "Operating Income": 2,
        "EBIT": 2,
        "Net Income": 1
    },
    "2023-06-30": {
        "Tax Effect Of Unusual Items": NaN,
        "Tax Rate For Calcs": NaN,
        "Normalized EBITDA": NaN,
        "Total Unusual Items": 0.0,
        "Total Unusual Items Excluding Goodwill": 0.0,
        "Net Income From Continuing Operation Net Minority Interest": NaN,
        "Reconciled Depreciation": NaN,
        "Reconciled Cost Of Revenue": NaN,
        "EBITDA": NaN,
        "EBIT": NaN,
        "Net Interest Income": NaN,
        "Interest Expense": NaN,
        "Interest Income": NaN,
        "Normalized Income": NaN,
        "Net Income From Continuing And Discontinued Operation": NaN,
        "Total Expenses": NaN,
        "Total Operating Income As Reported": NaN,
        "Diluted Average Shares": 14687761.0,
        "Basic Average Shares": 14645653.0,
        "Diluted EPS": -0.1,
        "Basic EPS": -0.1,
        "Diluted NI Availto Com Stockholders": NaN,
        "Average Dilution Earnings": NaN,
        "Net Income Common Stockholders": NaN,
        "Net Income": NaN,
        "Minority Interests": NaN,
        "Net Income Including Noncontrolling Interests": NaN,
        "Net Income Discontinuous Operations": NaN,
        "Net Income Continuous Operations": NaN,
        "Tax Provision": NaN,
        "Pretax Income": NaN,
        "Other Income Expense": NaN,
        "Other Non Operating Income Expenses": NaN,
        "Special Income Charges": 0.0,
        "Write Off": 0.0,
        "Net Non Operating Interest Income Expense": NaN,
        "Interest Expense Non Operating": NaN,
        "Interest Income Non Operating": NaN,
        "Operating Income": NaN,
        "Operating Expense": NaN,
        "Provision For Doubtful Accounts": NaN,
        "Research And Development": NaN,
        "Selling General And Administration": NaN,
        "Selling And Marketing Expense": NaN,
        "General And Administrative Expense": NaN,
        "Other Gand A": NaN,
        "Salaries And Wages": NaN,
        "Gross Profit": NaN,
        "Cost Of Revenue": NaN,
        "Total Revenue": NaN,
        "Operating Revenue": NaN
    },
    "2023-09-30": {
        "Tax Effect Of Unusual Items": NaN,
        "Tax Rate For Calcs": NaN,
        "Normalized EBITDA": NaN,
        "Total Unusual Items": -3872.0,
        "Total Unusual Items Excluding Goodwill": -3872.0,
        "Net Income From Continuing Operation Net Minority Interest": NaN,
        "Reconciled Depreciation": NaN,
        "Reconciled Cost Of Revenue": NaN,
        "EBITDA": NaN,
        "EBIT": NaN,
        "Net Interest Income": NaN,
        "Interest Expense": NaN,
        "Interest Income": NaN,
        "Normalized Income": NaN,
        "Net Income From Continuing And Discontinued Operation": NaN,
        "Total Expenses": NaN,
        "Total Operating Income As Reported": NaN,
        "Diluted Average Shares": 1468776.0,
        "Basic Average Shares": 1464565.0,
        "Diluted EPS": -1.6,
        "Basic EPS": -1.6,
        "Diluted NI Availto Com Stockholders": NaN,
        "Average Dilution Earnings": 0.0,
        "Net Income Common Stockholders": NaN,
        "Net Income": NaN,
        "Minority Interests": NaN,
        "Net Income Including Noncontrolling Interests": NaN,
        "Net Income Discontinuous Operations": NaN,
        "Net Income Continuous Operations": NaN,
        "Tax Provision": NaN,
        "Pretax Income": NaN,
        "Other Income Expense": NaN,
        "Other Non Operating Income Expenses": NaN,
        "Special Income Charges": -3872.0,
        "Write Off": 3872.0,
        "Net Non Operating Interest Income Expense": NaN,
        "Interest Expense Non Operating": NaN,
        "Interest Income Non Operating": NaN,
        "Operating Income": NaN,
        "Operating Expense": NaN,
        "Provision For Doubtful Accounts": NaN,
        "Research And Development": NaN,
        "Selling General And Administration": NaN,
        "Selling And Marketing Expense": NaN,
        "General And Administrative Expense": NaN,
        "Other Gand A": NaN,
        "Salaries And Wages": 0.0,
        "Gross Profit": NaN,
        "Cost Of Revenue": NaN,
        "Total Revenue": NaN,
        "Operating Revenue": NaN
    },
    "2023-12-31": {
        "Tax Effect Of Unusual Items": NaN,
        "Tax Rate For Calcs": NaN,
        "Normalized EBITDA": NaN,
        "Total Unusual Items": -14157059.0,
        "Total Unusual Items Excluding Goodwill": -14157059.0,
        "Net Income From Continuing Operation Net Minority Interest": NaN,
        "Reconciled Depreciation": NaN,
        "Reconciled Cost Of Revenue": NaN,
        "EBITDA": NaN,
        "EBIT": NaN,
        "Net Interest Income": NaN,
        "Interest Expense": NaN,
        "Interest Income": NaN,
        "Normalized Income": NaN,
        "Net Income From Continuing And Discontinued Operation": NaN,
        "Total Expenses": NaN,
        "Total Operating Income As Reported": NaN,
        "Diluted Average Shares": NaN,
        "Basic Average Shares": NaN,
        "Diluted EPS": NaN,
        "Basic EPS": NaN,
        "Diluted NI Availto Com Stockholders": NaN,
        "Net Income Common Stockholders": NaN,
        "Net Income": NaN,
        "Minority Interests": NaN,
        "Net Income Including Noncontrolling Interests": NaN,
        "Net Income Discontinuous Operations": NaN,
        "Net Income Continuous Operations": NaN,
        "Tax Provision": NaN,
        "Pretax Income": NaN,
        "Other Income Expense": NaN,
        "Other Non Operating Income Expenses": NaN,
        "Special Income Charges": -14157059.0,
        "Other Special Charges": NaN,
        "Write Off": 14157059.0,
        "Impairment Of Capital Assets": NaN,
        "Net Non Operating Interest Income Expense": NaN,
        "Interest Expense Non Operating": NaN,
        "Interest Income Non Operating": NaN,
        "Operating Income": NaN,
        "Operating Expense": NaN,
        "Provision For Doubtful Accounts": NaN,
        "Research And Development": NaN,
        "Selling General And Administration": NaN,
        "Selling And Marketing Expense": NaN,
        "General And Administrative Expense": NaN,
        "Other Gand A": NaN,
        "Salaries And Wages": 3468000.0,
        "Gross Profit": NaN,
        "Cost Of Revenue": NaN,
        "Total Revenue": NaN,
        "Operating Revenue": NaN
    },
    "2024-03-31": {
        "Tax Effect Of Unusual Items": NaN,
        "Tax Rate For Calcs": NaN,
        "Normalized EBITDA": NaN,
        "Total Unusual Items": NaN,
        "Total Unusual Items Excluding Goodwill": NaN,
        "Net Income From Continuing Operation Net Minority Interest": NaN,
        "Reconciled Depreciation": NaN,
        "Reconciled Cost Of Revenue": NaN,
        "EBITDA": NaN,
        "EBIT": NaN,
        "Net Interest Income": NaN,
        "Interest Expense": NaN,
        "Interest Income": NaN,
        "Normalized Income": NaN,
        "Net Income From Continuing And Discontinued Operation": NaN,
        "Total Expenses": NaN,
        "Total Operating Income As Reported": NaN,
        "Diluted Average Shares": 199093.0,
        "Basic Average Shares": 198672.0,
        "Diluted EPS": -16.7,
        "Basic EPS": -16.7,
        "Diluted NI Availto Com Stockholders": NaN,
        "Net Income Common Stockholders": NaN,
        "Net Income": NaN,
        "Minority Interests": NaN,
        "Net Income Including Noncontrolling Interests": NaN,
        "Net Income Discontinuous Operations": NaN,
        "Net Income Continuous Operations": NaN,
        "Tax Provision": NaN,
        "Pretax Income": NaN,
        "Other Income Expense": NaN,
        "Other Non Operating Income Expenses": NaN,
        "Special Income Charges": NaN,
        "Other Special Charges": NaN,
        "Write Off": NaN,
        "Impairment Of Capital Assets": NaN,
        "Net Non Operating Interest Income Expense": NaN,
        "Interest Expense Non Operating": NaN,
        "Interest Income Non Operating": NaN,
        "Operating Income": NaN,
        "Operating Expense": NaN,
        "Provision For Doubtful Accounts": NaN,
        "Research And Development": 645.0,
        "Selling General And Administration": NaN,
        "Selling And Marketing Expense": NaN,
        "General And Administrative Expense": NaN,
        "Other Gand A": NaN,
        "Salaries And Wages": 0.0,
        "Gross Profit": NaN,
        "Cost Of Revenue": NaN,
        "Total Revenue": NaN,
        "Operating Revenue": NaN
    },
    "2024-06-30": {
        "Tax Effect Of Unusual Items": 0.0,
        "Tax Rate For Calcs": 0.0,
        "Normalized EBITDA": -740567.0,
        "Total Unusual Items": 0.0,
        "Total Unusual Items Excluding Goodwill": 0.0,
        "Net Income From Continuing Operation Net Minority Interest": -771126.0,
        "Reconciled Depreciation": 47658.0,
        "Reconciled Cost Of Revenue": 11168.0,
        "EBITDA": -740567.0,
        "EBIT": -788225.0,
        "Net Interest Income": 189925.0,
        "Interest Expense": 20934.0,
        "Interest Income": 210859.0,
        "Normalized Income": -771126.0,
        "Net Income From Continuing And Discontinued Operation": -1760973.0,
        "Total Expenses": 1310666.0,
        "Total Operating Income As Reported": -1041677.0,
        "Diluted Average Shares": 2002752.0,
        "Basic Average Shares": 1998541.0,
        "Diluted EPS": -0.88,
        "Basic EPS": -0.88,
        "Diluted NI Availto Com Stockholders": -1760973.0,
        "Net Income Common Stockholders": -1760973.0,
        "Net Income": -1760973.0,
        "Minority Interests": 38033.0,
        "Net Income Including Noncontrolling Interests": -1799006.0,
        "Net Income Discontinuous Operations": -989847.0,
        "Net Income Continuous Operations": -809159.0,
        "Tax Provision": 0.0,
        "Pretax Income": -809159.0,
        "Other Income Expense": 42593.0,
        "Other Non Operating Income Expenses": 42593.0,
        "Special Income Charges": 0.0,
        "Other Special Charges": NaN,
        "Write Off": NaN,
        "Impairment Of Capital Assets": 0.0,
        "Net Non Operating Interest Income Expense": 189925.0,
        "Interest Expense Non Operating": 20934.0,
        "Interest Income Non Operating": 210859.0,
        "Operating Income": -1041677.0,
        "Operating Expense": 1299498.0,
        "Provision For Doubtful Accounts": -275906.0,
        "Research And Development": 0.0,
        "Selling General And Administration": 1575404.0,
        "Selling And Marketing Expense": 151521.0,
        "General And Administrative Expense": 1423883.0,
        "Other Gand A": 1423883.0,
        "Salaries And Wages": 0.0,
        "Gross Profit": 257821.0,
        "Cost Of Revenue": 11168.0,
        "Total Revenue": 268989.0,
        "Operating Revenue": 268989.0
    },
    "2024-09-30": {
        "Tax Effect Of Unusual Items": 0.0,
        "Tax Rate For Calcs": 0.0,
        "Normalized EBITDA": -4678710.0,
        "Total Unusual Items": 0.0,
        "Total Unusual Items Excluding Goodwill": 0.0,
        "Net Income From Continuing Operation Net Minority Interest": -4877875.0,
        "Reconciled Depreciation": 207565.0,
        "Reconciled Cost Of Revenue": 3661410.0,
        "EBITDA": -4678710.0,
        "EBIT": -4886275.0,
        "Net Interest Income": 208122.0,
        "Interest Expense": 45266.0,
        "Interest Income": 253388.0,
        "Normalized Income": -4877875.0,
        "Net Income From Continuing And Discontinued Operation": -4878719.0,
        "Total Expenses": 10485396.0,
        "Total Operating Income As Reported": -5309942.0,
        "Diluted Average Shares": 2017406.0,
        "Basic Average Shares": 2013195.0,
        "Diluted EPS": -2.4,
        "Basic EPS": -2.4,
        "Diluted NI Availto Com Stockholders": -4878719.0,
        "Net Income Common Stockholders": -4878719.0,
        "Net Income": -4878719.0,
        "Minority Interests": 53666.0,
        "Net Income Including Noncontrolling Interests": -4932385.0,
        "Net Income Discontinuous Operations": -844.0,
        "Net Income Continuous Operations": -4931541.0,
        "Tax Provision": 0.0,
        "Pretax Income": -4931541.0,
        "Other Income Expense": 170279.0,
        "Other Non Operating Income Expenses": 170279.0,
        "Special Income Charges": 0.0,
        "Other Special Charges": NaN,
        "Write Off": 0.0,
        "Impairment Of Capital Assets": NaN,
        "Net Non Operating Interest Income Expense": 208122.0,
        "Interest Expense Non Operating": 45266.0,
        "Interest Income Non Operating": 253388.0,
        "Operating Income": -5309942.0,
        "Operating Expense": 6823986.0,
        "Provision For Doubtful Accounts": 3382819.0,
        "Research And Development": 655.0,
        "Selling General And Administration": 3440512.0,
        "Selling And Marketing Expense": 120929.0,
        "General And Administrative Expense": 3319583.0,
        "Other Gand A": 3319583.0,
        "Salaries And Wages": NaN,
        "Gross Profit": 1514044.0,
        "Cost Of Revenue": 3661410.0,
        "Total Revenue": 5175454.0,
        "Operating Revenue": 4139290.0
    },
    "2024-12-31": {
        "Tax Effect Of Unusual Items": 0.0,
        "Tax Rate For Calcs": 0.0,
        "Normalized EBITDA": -23516689.0,
        "Total Unusual Items": 0.0,
        "Total Unusual Items Excluding Goodwill": 0.0,
        "Net Income From Continuing Operation Net Minority Interest": -23398534.0,
        "Reconciled Depreciation": -30094.0,
        "Reconciled Cost Of Revenue": -8555761.0,
        "EBITDA": -23516689.0,
        "EBIT": -23516689.0,
        "Net Interest Income": 303349.0,
        "Interest Expense": 17540.0,
        "Interest Income": 320889.0,
        "Normalized Income": -23398534.0,
        "Net Income From Continuing And Discontinued Operation": -22988972.0,
        "Total Expenses": 12014290.0,
        "Total Operating Income As Reported": -24357474.0,
        "Diluted Average Shares": NaN,
        "Basic Average Shares": NaN,
        "Diluted EPS": NaN,
        "Basic EPS": NaN,
        "Diluted NI Availto Com Stockholders": -22988972.0,
        "Net Income Common Stockholders": -22988972.0,
        "Net Income": -22988972.0,
        "Minority Interests": 135695.0,
        "Net Income Including Noncontrolling Interests": -23124667.0,
        "Net Income Discontinuous Operations": 409562.0,
        "Net Income Continuous Operations": -23534229.0,
        "Tax Provision": 0.0,
        "Pretax Income": -23534229.0,
        "Other Income Expense": 519896.0,
        "Other Non Operating Income Expenses": 519896.0,
        "Special Income Charges": 0.0,
        "Other Special Charges": NaN,
        "Write Off": 0.0,
        "Impairment Of Capital Assets": NaN,
        "Net Non Operating Interest Income Expense": 303349.0,
        "Interest Expense Non Operating": 17540.0,
        "Interest Income Non Operating": 320889.0,
        "Operating Income": -24357474.0,
        "Operating Expense": 20570051.0,
        "Provision For Doubtful Accounts": 23408260.0,
        "Research And Development": 309836.0,
        "Selling General And Administration": -3148045.0,
        "Selling And Marketing Expense": 96499.0,
        "General And Administrative Expense": -3244544.0,
        "Other Gand A": -3915524.0,
        "Salaries And Wages": NaN,
        "Gross Profit": -3787423.0,
        "Cost Of Revenue": -8555761.0,
        "Total Revenue": -12343185.0,
        "Operating Revenue": -10652526.0
    },
    "2025-03-31": {
        "Tax Effect Of Unusual Items": 0.0,
        "Tax Rate For Calcs": 0.0,
        "Normalized EBITDA": -30897139.0,
        "Total Unusual Items": NaN,
        "Total Unusual Items Excluding Goodwill": NaN,
        "Net Income From Continuing Operation Net Minority Interest": -32811470.0,
        "Reconciled Depreciation": 40464.0,
        "Reconciled Cost Of Revenue": 474359.0,
        "EBITDA": -30897139.0,
        "EBIT": -30937603.0,
        "Net Interest Income": 117503.0,
        "Interest Expense": 7801.0,
        "Interest Income": 125304.0,
        "Normalized Income": -32811470.0,
        "Net Income From Continuing And Discontinued Operation": -4573348.0,
        "Total Expenses": 31699666.0,
        "Total Operating Income As Reported": -31146689.0,
        "Diluted Average Shares": 245129.0,
        "Basic Average Shares": 244708.0,
        "Diluted EPS": -18.9,
        "Basic EPS": -18.7,
        "Diluted NI Availto Com Stockholders": -4573348.0,
        "Net Income Common Stockholders": -4573348.0,
        "Net Income": -4573348.0,
        "Minority Interests": -1866066.0,
        "Net Income Including Noncontrolling Interests": -2707282.0,
        "Net Income Discontinuous Operations": 28238122.0,
        "Net Income Continuous Operations": -30945404.0,
        "Tax Provision": 0.0,
        "Pretax Income": -30945404.0,
        "Other Income Expense": 83782.0,
        "Other Non Operating Income Expenses": 83782.0,
        "Special Income Charges": NaN,
        "Other Special Charges": NaN,
        "Write Off": NaN,
        "Impairment Of Capital Assets": NaN,
        "Net Non Operating Interest Income Expense": 117503.0,
        "Interest Expense Non Operating": 7801.0,
        "Interest Income Non Operating": 125304.0,
        "Operating Income": -31146689.0,
        "Operating Expense": 31225307.0,
        "Provision For Doubtful Accounts": 28369484.0,
        "Research And Development": NaN,
        "Selling General And Administration": 2855823.0,
        "Selling And Marketing Expense": 191630.0,
        "General And Administrative Expense": 2664193.0,
        "Other Gand A": 1579193.0,
        "Salaries And Wages": 1085000.0,
        "Gross Profit": 78618.0,
        "Cost Of Revenue": 474359.0,
        "Total Revenue": 552977.0,
        "Operating Revenue": 477792.0
    },
    "2025-06-30": {
        "Tax Effect Of Unusual Items": 0.0,
        "Tax Rate For Calcs": 0.0,
        "Normalized EBITDA": -1173781.0,
        "Total Unusual Items": 3071827.0,
        "Total Unusual Items Excluding Goodwill": 3071827.0,
        "Net Income From Continuing Operation Net Minority Interest": 1851780.0,
        "Reconciled Depreciation": 39025.0,
        "Reconciled Cost Of Revenue": 418510.0,
        "EBITDA": 1898046.0,
        "EBIT": 1859021.0,
        "Net Interest Income": 108235.0,
        "Interest Expense": 7241.0,
        "Interest Income": 115476.0,
        "Normalized Income": -1220047.0,
        "Net Income From Continuing And Discontinued Operation": 1851780.0,
        "Total Expenses": 1914539.0,
        "Total Operating Income As Reported": -1309257.0,
        "Diluted Average Shares": 3050850.0,
        "Basic Average Shares": 3046639.0,
        "Diluted EPS": 0.61,
        "Basic EPS": 0.61,
        "Diluted NI Availto Com Stockholders": 1851780.0,
        "Net Income Common Stockholders": 1851780.0,
        "Net Income": 1851780.0,
        "Minority Interests": 0.0,
        "Net Income Including Noncontrolling Interests": 1851780.0,
        "Net Income Discontinuous Operations": 0.0,
        "Net Income Continuous Operations": 1851780.0,
        "Tax Provision": 0.0,
        "Pretax Income": 1851780.0,
        "Other Income Expense": 3052802.0,
        "Other Non Operating Income Expenses": -19025.0,
        "Special Income Charges": 3071827.0,
        "Other Special Charges": -3071827.0,
        "Write Off": NaN,
        "Impairment Of Capital Assets": 0.0,
        "Net Non Operating Interest Income Expense": 108235.0,
        "Interest Expense Non Operating": 7241.0,
        "Interest Income Non Operating": 115476.0,
        "Operating Income": -1309257.0,
        "Operating Expense": 1496029.0,
        "Provision For Doubtful Accounts": 393082.0,
        "Research And Development": 0.0,
        "Selling General And Administration": 1102947.0,
        "Selling And Marketing Expense": 249048.0,
        "General And Administrative Expense": 853899.0,
        "Other Gand A": 853899.0,
        "Salaries And Wages": 0.0,
        "Gross Profit": 186772.0,
        "Cost Of Revenue": 418510.0,
        "Total Revenue": 605282.0,
        "Operating Revenue": 605282.0
    }
}