{
    "2023-03-31": {
        "Tax Effect Of Unusual Items": NaN,
        "Tax Rate For Calcs": NaN,
        "Normalized EBITDA": NaN,
        "Total Unusual Items": NaN,
        "Total Unusual Items Excluding Goodwill": NaN,
        "Net Income From Continuing Operation Net Minority Interest": NaN,
        "Reconciled Depreciation": NaN,
        "Reconciled Cost Of Revenue": NaN,
        "EBITDA": NaN,
        "EBIT": NaN,
        "Net Interest Income": NaN,
        "Interest Expense": NaN,
        "Normalized Income": NaN,
        "Net Income From Continuing And Discontinued Operation": NaN,
        "Total Expenses": NaN,
        "Total Operating Income As Reported": NaN,
        "Diluted Average Shares": NaN,
        "Basic Average Shares": NaN,
        "Diluted EPS": NaN,
        "Basic EPS": NaN,
        "Diluted NI Availto Com Stockholders": NaN,
        "Net Income Common Stockholders": NaN,
        "Net Income": NaN,
        "Net Income Including Noncontrolling Interests": NaN,
        "Net Income Continuous Operations": NaN,
        "Tax Provision": NaN,
        "Pretax Income": NaN,
        "Other Income Expense": NaN,
        "Other Non Operating Income Expenses": NaN,
        "Special Income Charges": NaN,
        "Gain On Sale Of Business": NaN,
        "Other Special Charges": NaN,
        "Net Non Operating Interest Income Expense": NaN,
        "Total Other Finance Cost": -16000.0,
        "Interest Expense Non Operating": NaN,
        "Operating Income": NaN,
        "Operating Expense": NaN,
        "Other Operating Expenses": NaN,
        "Depreciation Amortization Depletion Income Statement": NaN,
        "Depreciation And Amortization In Income Statement": NaN,
        "Research And Development": NaN,
        "Selling General And Administration": NaN,
        "Selling And Marketing Expense": NaN,
        "General And Administrative Expense": NaN,
        "Other Gand A": NaN,
        "Gross Profit": NaN,
        "Cost Of Revenue": NaN,
        "Total Revenue": NaN,
        "Operating Revenue": NaN
    },
    "2022-12-31": {
        "Tax Effect Of Unusual Items": NaN,
        "Tax Rate For Calcs": NaN,
        "Normalized EBITDA": NaN,
        "Total Unusual Items": 0.0,
        "Total Unusual Items Excluding Goodwill": 0.0,
        "Net Income From Continuing Operation Net Minority Interest": NaN,
        "Reconciled Depreciation": NaN,
        "Reconciled Cost Of Revenue": NaN,
        "EBITDA": NaN,
        "EBIT": NaN,
        "Net Interest Income": NaN,
        "Interest Expense": NaN,
        "Normalized Income": NaN,
        "Net Income From Continuing And Discontinued Operation": NaN,
        "Total Expenses": NaN,
        "Total Operating Income As Reported": NaN,
        "Diluted Average Shares": NaN,
        "Basic Average Shares": NaN,
        "Diluted EPS": NaN,
        "Basic EPS": NaN,
        "Diluted NI Availto Com Stockholders": NaN,
        "Net Income Common Stockholders": NaN,
        "Net Income": NaN,
        "Net Income Including Noncontrolling Interests": NaN,
        "Net Income Continuous Operations": NaN,
        "Tax Provision": NaN,
        "Pretax Income": NaN,
        "Other Income Expense": NaN,
        "Other Non Operating Income Expenses": NaN,
        "Special Income Charges": 0.0,
        "Gain On Sale Of Business": NaN,
        "Net Non Operating Interest Income Expense": NaN,
        "Total Other Finance Cost": NaN,
        "Interest Expense Non Operating": NaN,
        "Operating Income": NaN,
        "Operating Expense": NaN,
        "Other Operating Expenses": NaN,
        "Depreciation Amortization Depletion Income Statement": NaN,
        "Depreciation And Amortization In Income Statement": NaN,
        "Research And Development": NaN,
        "Selling General And Administration": NaN,
        "Selling And Marketing Expense": NaN,
        "General And Administrative Expense": NaN,
        "Other Gand A": NaN,
        "Gross Profit": NaN,
        "Cost Of Revenue": NaN,
        "Total Revenue": NaN,
        "Operating Revenue": NaN
    },
    "2022-09-30": {
        "Tax Effect Of Unusual Items": NaN,
        "Tax Rate For Calcs": NaN,
        "Normalized EBITDA": NaN,
        "Total Unusual Items": 0.0,
        "Total Unusual Items Excluding Goodwill": 0.0,
        "Net Income From Continuing Operation Net Minority Interest": NaN,
        "Reconciled Depreciation": NaN,
        "Reconciled Cost Of Revenue": NaN,
        "EBITDA": NaN,
        "EBIT": NaN,
        "Net Interest Income": NaN,
        "Normalized Income": NaN,
        "Net Income From Continuing And Discontinued Operation": NaN,
        "Total Expenses": NaN,
        "Total Operating Income As Reported": NaN,
        "Diluted Average Shares": NaN,
        "Basic Average Shares": NaN,
        "Diluted EPS": NaN,
        "Basic EPS": NaN,
        "Diluted NI Availto Com Stockholders": NaN,
        "Net Income Common Stockholders": NaN,
        "Net Income": NaN,
        "Net Income Including Noncontrolling Interests": NaN,
        "Net Income Continuous Operations": NaN,
        "Tax Provision": NaN,
        "Pretax Income": NaN,
        "Other Income Expense": NaN,
        "Other Non Operating Income Expenses": NaN,
        "Special Income Charges": 0.0,
        "Net Non Operating Interest Income Expense": NaN,
        "Total Other Finance Cost": NaN,
        "Operating Income": NaN,
        "Operating Expense": NaN,
        "Other Operating Expenses": NaN,
        "Depreciation Amortization Depletion Income Statement": NaN,
        "Depreciation And Amortization In Income Statement": NaN,
        "Research And Development": NaN,
        "Selling General And Administration": NaN,
        "Selling And Marketing Expense": NaN,
        "General And Administrative Expense": NaN,
        "Other Gand A": NaN,
        "Gross Profit": NaN,
        "Cost Of Revenue": NaN,
        "Total Revenue": NaN,
        "Operating Revenue": NaN
    },
    "2022-06-30": {
        "Tax Effect Of Unusual Items": 0.0,
        "Tax Rate For Calcs": 0.4,
        "Normalized EBITDA": -4441000.0,
        "Total Unusual Items": 0.0,
        "Total Unusual Items Excluding Goodwill": 0.0,
        "Net Income From Continuing Operation Net Minority Interest": -5669000.0,
        "Reconciled Depreciation": 1062000.0,
        "Reconciled Cost Of Revenue": 116060000.0,
        "EBITDA": -4441000.0,
        "EBIT": -5503000.0,
        "Net Interest Income": -6000.0,
        "Interest Expense": 6000.0,
        "Normalized Income": -5669000.0,
        "Net Income From Continuing And Discontinued Operation": -5669000.0,
        "Total Expenses": 133454000.0,
        "Total Operating Income As Reported": -5275000.0,
        "Diluted Average Shares": 16039971.0,
        "Basic Average Shares": 16039971.0,
        "Diluted EPS": -0.35,
        "Basic EPS": -0.35,
        "Diluted NI Availto Com Stockholders": -5669000.0,
        "Net Income Common Stockholders": -5669000.0,
        "Net Income": -5669000.0,
        "Net Income Including Noncontrolling Interests": -5669000.0,
        "Net Income Continuous Operations": -5669000.0,
        "Tax Provision": 160000.0,
        "Pretax Income": -5509000.0,
        "Other Income Expense": -228000.0,
        "Other Non Operating Income Expenses": -228000.0,
        "Special Income Charges": 0.0,
        "Net Non Operating Interest Income Expense": -6000.0,
        "Total Other Finance Cost": 6000.0,
        "Interest Expense Non Operating": 6000.0,
        "Operating Income": -5275000.0,
        "Operating Expense": 17145000.0,
        "Other Operating Expenses": 1597000.0,
        "Depreciation Amortization Depletion Income Statement": 813000.0,
        "Depreciation And Amortization In Income Statement": 813000.0,
        "Research And Development": 1048000.0,
        "Selling General And Administration": 13687000.0,
        "Selling And Marketing Expense": 1329000.0,
        "General And Administrative Expense": 12358000.0,
        "Other Gand A": 12358000.0,
        "Gross Profit": 11870000.0,
        "Cost Of Revenue": 116309000.0,
        "Total Revenue": 128179000.0,
        "Operating Revenue": 122053000.0
    },
    "2022-03-31": {
        "Diluted EPS": -0.37,
        "Total Revenue": 90,
        "Gross Profit": 11,
        "Operating Income": -6,
        "EBIT": -5,
        "Net Income": -6
    },
    "2021-12-31": {
        "Diluted EPS": -0.24,
        "Total Revenue": 95,
        "Gross Profit": 9,
        "Operating Income": -4,
        "EBIT": -3,
        "Net Income": -4
    },
    "2021-09-30": {
        "Diluted EPS": -0.24,
        "Total Revenue": 101,
        "Gross Profit": 10,
        "Operating Income": -4,
        "EBIT": -3,
        "Net Income": -3
    },
    "2021-06-30": {
        "Diluted EPS": -0.15,
        "Total Revenue": 84,
        "Gross Profit": 7,
        "Operating Income": -5,
        "EBIT": -4,
        "Net Income": -2
    },
    "2021-03-31": {
        "Diluted EPS": -0.25,
        "Total Revenue": 50,
        "Gross Profit": 3,
        "Operating Income": -3,
        "EBIT": -3,
        "Net Income": -3
    },
    "2020-12-31": {
        "Diluted EPS": -0.12,
        "Total Revenue": 53,
        "Gross Profit": 3,
        "Operating Income": -1,
        "EBIT": -1,
        "Net Income": -1
    },
    "2020-09-30": {
        "Diluted EPS": -0.02,
        "Total Revenue": 56,
        "Gross Profit": 3,
        "Operating Income": 0,
        "EBIT": 0,
        "Net Income": 0
    },
    "2020-06-30": {
        "Diluted EPS": 0.02,
        "Total Revenue": 39,
        "Gross Profit": 2,
        "Operating Income": 0,
        "EBIT": 0,
        "Net Income": 0
    },
    "2020-03-31": {
        "Diluted EPS": 0.0,
        "Total Revenue": 29,
        "Gross Profit": 2,
        "Operating Income": 0,
        "EBIT": 0,
        "Net Income": 0
    },
    "2019-12-31": {
        "Diluted EPS": 0.0,
        "Total Revenue": NaN,
        "Gross Profit": NaN,
        "Operating Income": NaN,
        "EBIT": NaN,
        "Net Income": NaN
    },
    "2019-09-30": {
        "Diluted EPS": -0.02,
        "Total Revenue": 32,
        "Gross Profit": 2,
        "Operating Income": 0,
        "EBIT": 0,
        "Net Income": 0
    },
    "2019-06-30": {
        "Diluted EPS": -0.11,
        "Total Revenue": 28,
        "Gross Profit": 2,
        "Operating Income": -1,
        "EBIT": -1,
        "Net Income": -1
    },
    "2023-06-30": {
        "Tax Effect Of Unusual Items": NaN,
        "Tax Rate For Calcs": NaN,
        "Normalized EBITDA": NaN,
        "Total Unusual Items": 0.0,
        "Total Unusual Items Excluding Goodwill": 0.0,
        "Net Income From Continuing Operation Net Minority Interest": NaN,
        "Reconciled Depreciation": NaN,
        "Reconciled Cost Of Revenue": NaN,
        "EBITDA": NaN,
        "EBIT": NaN,
        "Net Interest Income": NaN,
        "Interest Expense": 79000.0,
        "Normalized Income": NaN,
        "Net Income From Continuing And Discontinued Operation": NaN,
        "Total Expenses": NaN,
        "Total Operating Income As Reported": NaN,
        "Diluted Average Shares": NaN,
        "Basic Average Shares": NaN,
        "Diluted EPS": NaN,
        "Basic EPS": NaN,
        "Diluted NI Availto Com Stockholders": NaN,
        "Net Income Common Stockholders": NaN,
        "Net Income": NaN,
        "Net Income Including Noncontrolling Interests": NaN,
        "Net Income Continuous Operations": NaN,
        "Tax Provision": NaN,
        "Pretax Income": NaN,
        "Other Income Expense": NaN,
        "Other Non Operating Income Expenses": NaN,
        "Special Income Charges": 0.0,
        "Gain On Sale Of Business": 0.0,
        "Other Special Charges": NaN,
        "Net Non Operating Interest Income Expense": NaN,
        "Total Other Finance Cost": 79000.0,
        "Interest Expense Non Operating": 79000.0,
        "Operating Income": NaN,
        "Operating Expense": NaN,
        "Other Operating Expenses": NaN,
        "Depreciation Amortization Depletion Income Statement": NaN,
        "Depreciation And Amortization In Income Statement": NaN,
        "Research And Development": NaN,
        "Selling General And Administration": NaN,
        "Selling And Marketing Expense": NaN,
        "General And Administrative Expense": NaN,
        "Other Gand A": NaN,
        "Gross Profit": NaN,
        "Cost Of Revenue": NaN,
        "Total Revenue": NaN,
        "Operating Revenue": NaN
    },
    "2023-09-30": {
        "Tax Effect Of Unusual Items": NaN,
        "Tax Rate For Calcs": NaN,
        "Normalized EBITDA": NaN,
        "Total Unusual Items": 0.0,
        "Total Unusual Items Excluding Goodwill": 0.0,
        "Net Income From Continuing Operation Net Minority Interest": NaN,
        "Reconciled Depreciation": NaN,
        "Reconciled Cost Of Revenue": NaN,
        "EBITDA": NaN,
        "EBIT": NaN,
        "Net Interest Income": NaN,
        "Interest Expense": 88000.0,
        "Normalized Income": NaN,
        "Net Income From Continuing And Discontinued Operation": NaN,
        "Total Expenses": NaN,
        "Total Operating Income As Reported": NaN,
        "Diluted Average Shares": 16074123.0,
        "Basic Average Shares": 16074123.0,
        "Diluted EPS": -0.34,
        "Basic EPS": -0.34,
        "Diluted NI Availto Com Stockholders": NaN,
        "Net Income Common Stockholders": NaN,
        "Net Income": NaN,
        "Net Income Including Noncontrolling Interests": NaN,
        "Net Income Continuous Operations": NaN,
        "Tax Provision": NaN,
        "Pretax Income": NaN,
        "Other Income Expense": NaN,
        "Other Non Operating Income Expenses": NaN,
        "Special Income Charges": 0.0,
        "Gain On Sale Of Business": 0.0,
        "Other Special Charges": NaN,
        "Net Non Operating Interest Income Expense": NaN,
        "Total Other Finance Cost": 88000.0,
        "Interest Expense Non Operating": 88000.0,
        "Operating Income": NaN,
        "Operating Expense": NaN,
        "Other Operating Expenses": 1886000.0,
        "Depreciation Amortization Depletion Income Statement": NaN,
        "Depreciation And Amortization In Income Statement": NaN,
        "Research And Development": NaN,
        "Selling General And Administration": NaN,
        "Selling And Marketing Expense": NaN,
        "General And Administrative Expense": NaN,
        "Other Gand A": NaN,
        "Gross Profit": NaN,
        "Cost Of Revenue": NaN,
        "Total Revenue": NaN,
        "Operating Revenue": NaN
    },
    "2023-12-31": {
        "Tax Effect Of Unusual Items": 0.0,
        "Tax Rate For Calcs": 0.21,
        "Normalized EBITDA": -6617000.0,
        "Total Unusual Items": NaN,
        "Total Unusual Items Excluding Goodwill": NaN,
        "Net Income From Continuing Operation Net Minority Interest": -8439000.0,
        "Reconciled Depreciation": 1481000.0,
        "Reconciled Cost Of Revenue": 65537000.0,
        "EBITDA": -6617000.0,
        "EBIT": -8098000.0,
        "Net Interest Income": -94000.0,
        "Interest Expense": NaN,
        "Normalized Income": -8439000.0,
        "Net Income From Continuing And Discontinued Operation": -8439000.0,
        "Total Expenses": 82170000.0,
        "Total Operating Income As Reported": -8098000.0,
        "Diluted Average Shares": 16946525.0,
        "Basic Average Shares": 16946525.0,
        "Diluted EPS": -0.5,
        "Basic EPS": -0.5,
        "Diluted NI Availto Com Stockholders": -8439000.0,
        "Net Income Common Stockholders": -8439000.0,
        "Net Income": -8439000.0,
        "Net Income Including Noncontrolling Interests": -8439000.0,
        "Net Income Continuous Operations": -8439000.0,
        "Tax Provision": 93000.0,
        "Pretax Income": -8346000.0,
        "Other Income Expense": -154000.0,
        "Other Non Operating Income Expenses": -154000.0,
        "Special Income Charges": NaN,
        "Gain On Sale Of Business": NaN,
        "Other Special Charges": NaN,
        "Net Non Operating Interest Income Expense": -94000.0,
        "Total Other Finance Cost": 94000.0,
        "Interest Expense Non Operating": NaN,
        "Operating Income": -8098000.0,
        "Operating Expense": 15910000.0,
        "Other Operating Expenses": 2109000.0,
        "Depreciation Amortization Depletion Income Statement": 758000.0,
        "Depreciation And Amortization In Income Statement": 758000.0,
        "Research And Development": 2935000.0,
        "Selling General And Administration": 10108000.0,
        "Selling And Marketing Expense": 909000.0,
        "General And Administrative Expense": 9199000.0,
        "Other Gand A": 9199000.0,
        "Gross Profit": 7812000.0,
        "Cost Of Revenue": 66260000.0,
        "Total Revenue": 74072000.0,
        "Operating Revenue": 69355000.0
    },
    "2024-03-31": {
        "Tax Effect Of Unusual Items": 0.0,
        "Tax Rate For Calcs": 0.21,
        "Normalized EBITDA": -4173000.0,
        "Total Unusual Items": NaN,
        "Total Unusual Items Excluding Goodwill": NaN,
        "Net Income From Continuing Operation Net Minority Interest": -5927000.0,
        "Reconciled Depreciation": 1480000.0,
        "Reconciled Cost Of Revenue": 60415000.0,
        "EBITDA": -4173000.0,
        "EBIT": -5653000.0,
        "Net Interest Income": -105000.0,
        "Interest Expense": NaN,
        "Normalized Income": -5927000.0,
        "Net Income From Continuing And Discontinued Operation": -5927000.0,
        "Total Expenses": 76156000.0,
        "Total Operating Income As Reported": -5653000.0,
        "Diluted Average Shares": 19178474.0,
        "Basic Average Shares": 19178474.0,
        "Diluted EPS": -0.31,
        "Basic EPS": -0.31,
        "Diluted NI Availto Com Stockholders": -5927000.0,
        "Net Income Common Stockholders": -5927000.0,
        "Net Income": -5927000.0,
        "Net Income Including Noncontrolling Interests": -5927000.0,
        "Net Income Continuous Operations": -5927000.0,
        "Tax Provision": 17000.0,
        "Pretax Income": -5910000.0,
        "Other Income Expense": -152000.0,
        "Other Non Operating Income Expenses": -152000.0,
        "Special Income Charges": NaN,
        "Gain On Sale Of Business": NaN,
        "Other Special Charges": NaN,
        "Net Non Operating Interest Income Expense": -105000.0,
        "Total Other Finance Cost": 105000.0,
        "Interest Expense Non Operating": NaN,
        "Operating Income": -5653000.0,
        "Operating Expense": 14989000.0,
        "Other Operating Expenses": 2109000.0,
        "Depreciation Amortization Depletion Income Statement": 728000.0,
        "Depreciation And Amortization In Income Statement": 728000.0,
        "Research And Development": 1950000.0,
        "Selling General And Administration": 10202000.0,
        "Selling And Marketing Expense": 600000.0,
        "General And Administrative Expense": 9602000.0,
        "Other Gand A": 9602000.0,
        "Gross Profit": 9336000.0,
        "Cost Of Revenue": 61167000.0,
        "Total Revenue": 70503000.0,
        "Operating Revenue": 65385000.0
    },
    "2024-06-30": {
        "Tax Effect Of Unusual Items": 13652.307692,
        "Tax Rate For Calcs": 0.004615,
        "Normalized EBITDA": -2830000.0,
        "Total Unusual Items": 2958000.0,
        "Total Unusual Items Excluding Goodwill": 2958000.0,
        "Net Income From Continuing Operation Net Minority Interest": -1294000.0,
        "Reconciled Depreciation": 1319000.0,
        "Reconciled Cost Of Revenue": 77272000.0,
        "EBITDA": 128000.0,
        "EBIT": -1191000.0,
        "Net Interest Income": -109000.0,
        "Interest Expense": 109000.0,
        "Normalized Income": -4238347.692308,
        "Net Income From Continuing And Discontinued Operation": -1294000.0,
        "Total Expenses": 92836000.0,
        "Total Operating Income As Reported": -671000.0,
        "Diluted Average Shares": 19763055.0,
        "Basic Average Shares": 19763055.0,
        "Diluted EPS": -0.07,
        "Basic EPS": -0.07,
        "Diluted NI Availto Com Stockholders": -1294000.0,
        "Net Income Common Stockholders": -1294000.0,
        "Net Income": -1294000.0,
        "Net Income Including Noncontrolling Interests": -1294000.0,
        "Net Income Continuous Operations": -1294000.0,
        "Tax Provision": -6000.0,
        "Pretax Income": -1300000.0,
        "Other Income Expense": 2438000.0,
        "Other Non Operating Income Expenses": -520000.0,
        "Special Income Charges": 2958000.0,
        "Gain On Sale Of Business": 2958000.0,
        "Other Special Charges": NaN,
        "Net Non Operating Interest Income Expense": -109000.0,
        "Total Other Finance Cost": NaN,
        "Interest Expense Non Operating": 109000.0,
        "Operating Income": -3629000.0,
        "Operating Expense": 14791000.0,
        "Other Operating Expenses": 2676000.0,
        "Depreciation Amortization Depletion Income Statement": 546000.0,
        "Depreciation And Amortization In Income Statement": 546000.0,
        "Research And Development": 1906000.0,
        "Selling General And Administration": 9663000.0,
        "Selling And Marketing Expense": 759000.0,
        "General And Administrative Expense": 8904000.0,
        "Other Gand A": 8904000.0,
        "Gross Profit": 11162000.0,
        "Cost Of Revenue": 78045000.0,
        "Total Revenue": 89207000.0,
        "Operating Revenue": 83125000.0
    },
    "2024-09-30": {
        "Tax Effect Of Unusual Items": -650790.0,
        "Tax Rate For Calcs": 0.21,
        "Normalized EBITDA": -3650000.0,
        "Total Unusual Items": -3099000.0,
        "Total Unusual Items Excluding Goodwill": -3099000.0,
        "Net Income From Continuing Operation Net Minority Interest": -8121000.0,
        "Reconciled Depreciation": 1251000.0,
        "Reconciled Cost Of Revenue": 73380000.0,
        "EBITDA": -6749000.0,
        "EBIT": -8000000.0,
        "Net Interest Income": -104000.0,
        "Interest Expense": 104000.0,
        "Normalized Income": -5672790.0,
        "Net Income From Continuing And Discontinued Operation": -8121000.0,
        "Total Expenses": 88395000.0,
        "Total Operating Income As Reported": -7761000.0,
        "Diluted Average Shares": 20429791.0,
        "Basic Average Shares": 20429791.0,
        "Diluted EPS": -0.4,
        "Basic EPS": -0.4,
        "Diluted NI Availto Com Stockholders": -8121000.0,
        "Net Income Common Stockholders": -8121000.0,
        "Net Income": -8121000.0,
        "Net Income Including Noncontrolling Interests": -8121000.0,
        "Net Income Continuous Operations": -8121000.0,
        "Tax Provision": 17000.0,
        "Pretax Income": -8104000.0,
        "Other Income Expense": -3337000.0,
        "Other Non Operating Income Expenses": -238000.0,
        "Special Income Charges": -3099000.0,
        "Gain On Sale Of Business": 0.0,
        "Other Special Charges": 3099000.0,
        "Net Non Operating Interest Income Expense": -104000.0,
        "Total Other Finance Cost": NaN,
        "Interest Expense Non Operating": 104000.0,
        "Operating Income": -4662000.0,
        "Operating Expense": 14208000.0,
        "Other Operating Expenses": 2293000.0,
        "Depreciation Amortization Depletion Income Statement": 444000.0,
        "Depreciation And Amortization In Income Statement": 444000.0,
        "Research And Development": 2044000.0,
        "Selling General And Administration": 9427000.0,
        "Selling And Marketing Expense": 767000.0,
        "General And Administrative Expense": 8660000.0,
        "Other Gand A": 8660000.0,
        "Gross Profit": 9546000.0,
        "Cost Of Revenue": 74187000.0,
        "Total Revenue": 83733000.0,
        "Operating Revenue": 78563000.0
    },
    "2024-12-31": {
        "Tax Effect Of Unusual Items": -7783.115992,
        "Tax Rate For Calcs": 0.144132,
        "Normalized EBITDA": -5639000.0,
        "Total Unusual Items": -54000.0,
        "Total Unusual Items Excluding Goodwill": -54000.0,
        "Net Income From Continuing Operation Net Minority Interest": -6235000.0,
        "Reconciled Depreciation": 1373000.0,
        "Reconciled Cost Of Revenue": 92662000.0,
        "EBITDA": -5693000.0,
        "EBIT": -7066000.0,
        "Net Interest Income": -219000.0,
        "Interest Expense": 219000.0,
        "Normalized Income": -6188783.115992,
        "Net Income From Continuing And Discontinued Operation": -6235000.0,
        "Total Expenses": 97768000.0,
        "Total Operating Income As Reported": -9039000.0,
        "Diluted Average Shares": NaN,
        "Basic Average Shares": NaN,
        "Diluted EPS": NaN,
        "Basic EPS": NaN,
        "Diluted NI Availto Com Stockholders": -6235000.0,
        "Net Income Common Stockholders": -6235000.0,
        "Net Income": -6235000.0,
        "Net Income Including Noncontrolling Interests": -6235000.0,
        "Net Income Continuous Operations": -6235000.0,
        "Tax Provision": -1050000.0,
        "Pretax Income": -7285000.0,
        "Other Income Expense": -1039000.0,
        "Other Non Operating Income Expenses": -985000.0,
        "Special Income Charges": -54000.0,
        "Gain On Sale Of Business": 0.0,
        "Other Special Charges": 54000.0,
        "Net Non Operating Interest Income Expense": -219000.0,
        "Total Other Finance Cost": NaN,
        "Interest Expense Non Operating": 219000.0,
        "Operating Income": -6027000.0,
        "Operating Expense": 4254000.0,
        "Other Operating Expenses": NaN,
        "Depreciation Amortization Depletion Income Statement": 521000.0,
        "Depreciation And Amortization In Income Statement": 521000.0,
        "Research And Development": 735000.0,
        "Selling General And Administration": 10077000.0,
        "Selling And Marketing Expense": 3670000.0,
        "General And Administrative Expense": 6407000.0,
        "Other Gand A": 6407000.0,
        "Gross Profit": -1773000.0,
        "Cost Of Revenue": 93514000.0,
        "Total Revenue": 91741000.0,
        "Operating Revenue": 87668000.0
    }
}