{
    "2023-05-31": {
        "Tax Effect Of Unusual Items": 0.0,
        "Tax Rate For Calcs": 0.329445,
        "Normalized EBITDA": 130732000.0,
        "Net Income From Continuing Operation Net Minority Interest": 40401000.0,
        "Reconciled Depreciation": 39045000.0,
        "Reconciled Cost Of Revenue": 641464000.0,
        "EBITDA": 130732000.0,
        "EBIT": 91687000.0,
        "Net Interest Income": -32199000.0,
        "Interest Expense": 33131000.0,
        "Interest Income": 932000.0,
        "Normalized Income": 40401000.0,
        "Net Income From Continuing And Discontinued Operation": 40401000.0,
        "Total Expenses": 808089000.0,
        "Diluted Average Shares": 55717000.0,
        "Basic Average Shares": 54269000.0,
        "Diluted EPS": 0.73,
        "Basic EPS": 0.74,
        "Diluted NI Availto Com Stockholders": 40401000.0,
        "Net Income Common Stockholders": 40401000.0,
        "Net Income": 40401000.0,
        "Minority Interests": -21000.0,
        "Net Income Including Noncontrolling Interests": 40422000.0,
        "Net Income Continuous Operations": 40422000.0,
        "Earnings From Equity Interest Net Of Tax": 1157000.0,
        "Tax Provision": 19291000.0,
        "Pretax Income": 58556000.0,
        "Other Income Expense": 605000.0,
        "Other Non Operating Income Expenses": 605000.0,
        "Net Non Operating Interest Income Expense": -32199000.0,
        "Interest Expense Non Operating": 33131000.0,
        "Interest Income Non Operating": 932000.0,
        "Operating Income": 90150000.0,
        "Operating Expense": 166625000.0,
        "Selling General And Administration": 166625000.0,
        "Gross Profit": 256775000.0,
        "Cost Of Revenue": 641464000.0,
        "Total Revenue": 898239000.0,
        "Operating Revenue": 898239000.0
    },
    "2023-02-28": {
        "Tax Effect Of Unusual Items": 0.0,
        "Tax Rate For Calcs": 0.319,
        "Normalized EBITDA": 101469000.0,
        "Net Income From Continuing Operation Net Minority Interest": 21889000.0,
        "Reconciled Depreciation": 37931000.0,
        "Reconciled Cost Of Revenue": 594374000.0,
        "EBITDA": 101469000.0,
        "EBIT": 63538000.0,
        "Net Interest Income": -32402000.0,
        "Interest Expense": 33069000.0,
        "Interest Income": 667000.0,
        "Normalized Income": 21889000.0,
        "Net Income From Continuing And Discontinued Operation": 21889000.0,
        "Total Expenses": 748916000.0,
        "Diluted Average Shares": 55919000.0,
        "Basic Average Shares": 54174000.0,
        "Diluted EPS": 0.39,
        "Basic EPS": 0.4,
        "Diluted NI Availto Com Stockholders": 21889000.0,
        "Net Income Common Stockholders": 21889000.0,
        "Net Income": 21889000.0,
        "Minority Interests": -27000.0,
        "Net Income Including Noncontrolling Interests": 21916000.0,
        "Net Income Continuous Operations": 21916000.0,
        "Earnings From Equity Interest Net Of Tax": 1180000.0,
        "Tax Provision": 9733000.0,
        "Pretax Income": 30469000.0,
        "Other Income Expense": 2604000.0,
        "Other Non Operating Income Expenses": 2604000.0,
        "Net Non Operating Interest Income Expense": -32402000.0,
        "Interest Expense Non Operating": 33069000.0,
        "Interest Income Non Operating": 667000.0,
        "Operating Income": 60267000.0,
        "Operating Expense": 154542000.0,
        "Selling General And Administration": 154542000.0,
        "Gross Profit": 214809000.0,
        "Cost Of Revenue": 594374000.0,
        "Total Revenue": 809183000.0,
        "Operating Revenue": 809183000.0
    },
    "2022-11-30": {
        "Tax Effect Of Unusual Items": 0.0,
        "Tax Rate For Calcs": 0.244312,
        "Normalized EBITDA": 129701000.0,
        "Net Income From Continuing Operation Net Minority Interest": 48306000.0,
        "Reconciled Depreciation": 37591000.0,
        "Reconciled Cost Of Revenue": 710092000.0,
        "EBITDA": 129701000.0,
        "EBIT": 92110000.0,
        "Net Interest Income": -28437000.0,
        "Interest Expense": 30046000.0,
        "Interest Income": 1609000.0,
        "Normalized Income": 48306000.0,
        "Net Income From Continuing And Discontinued Operation": 48306000.0,
        "Total Expenses": 841177000.0,
        "Diluted Average Shares": 55472000.0,
        "Basic Average Shares": 53824000.0,
        "Diluted EPS": 0.87,
        "Basic EPS": 0.9,
        "Diluted NI Availto Com Stockholders": 48306000.0,
        "Net Income Common Stockholders": 48306000.0,
        "Net Income": 48306000.0,
        "Minority Interests": -24000.0,
        "Net Income Including Noncontrolling Interests": 48330000.0,
        "Net Income Continuous Operations": 48330000.0,
        "Earnings From Equity Interest Net Of Tax": 1429000.0,
        "Tax Provision": 15163000.0,
        "Pretax Income": 62064000.0,
        "Other Income Expense": -26536000.0,
        "Other Non Operating Income Expenses": -15017000.0,
        "Net Non Operating Interest Income Expense": -28437000.0,
        "Interest Expense Non Operating": 30046000.0,
        "Interest Income Non Operating": 1609000.0,
        "Operating Income": 117037000.0,
        "Operating Expense": 131085000.0,
        "Selling General And Administration": 86232000.0,
        "Gross Profit": 248122000.0,
        "Cost Of Revenue": 710092000.0,
        "Total Revenue": 958214000.0,
        "Operating Revenue": 958214000.0
    },
    "2022-08-31": {
        "Tax Effect Of Unusual Items": 0.0,
        "Tax Rate For Calcs": 0.275,
        "Normalized EBITDA": 96652000.0,
        "Net Income From Continuing Operation Net Minority Interest": 46497000.0,
        "Reconciled Depreciation": 36640000.0,
        "Reconciled Cost Of Revenue": 692066000.0,
        "EBITDA": 96652000.0,
        "EBIT": 96652000.0,
        "Net Interest Income": -21311000.0,
        "Interest Expense": 23450000.0,
        "Interest Income": 2139000.0,
        "Normalized Income": 46497000.0,
        "Net Income From Continuing And Discontinued Operation": 46497000.0,
        "Total Expenses": 853276000.0,
        "Diluted Average Shares": 55130000.0,
        "Basic Average Shares": 53644000.0,
        "Diluted EPS": 0.84,
        "Basic EPS": 0.87,
        "Diluted NI Availto Com Stockholders": 46497000.0,
        "Net Income Common Stockholders": 46497000.0,
        "Net Income": 46497000.0,
        "Minority Interests": -33000.0,
        "Net Income Including Noncontrolling Interests": 46530000.0,
        "Net Income Continuous Operations": 46530000.0,
        "Earnings From Equity Interest Net Of Tax": 1587000.0,
        "Tax Provision": 28259000.0,
        "Pretax Income": 73202000.0,
        "Other Income Expense": 6559000.0,
        "Other Non Operating Income Expenses": 6559000.0,
        "Net Non Operating Interest Income Expense": -21311000.0,
        "Interest Expense Non Operating": 23450000.0,
        "Interest Income Non Operating": 2139000.0,
        "Operating Income": 87954000.0,
        "Operating Expense": 161210000.0,
        "Selling General And Administration": 161210000.0,
        "Gross Profit": 249164000.0,
        "Cost Of Revenue": 692066000.0,
        "Total Revenue": 941230000.0,
        "Operating Revenue": 941230000.0
    },
    "2022-05-31": {
        "Tax Effect Of Unusual Items": 0.0,
        "Tax Rate For Calcs": 0.339,
        "Normalized EBITDA": 126395000.0,
        "Net Income From Continuing Operation Net Minority Interest": 47203000.0,
        "Reconciled Depreciation": 36790000.0,
        "Reconciled Cost Of Revenue": 739737000.0,
        "EBIT": 89605000.0,
        "Net Interest Income": -17737000.0,
        "Interest Expense": 19828000.0,
        "Interest Income": 2091000.0,
        "Normalized Income": 47203000.0,
        "Net Income From Continuing And Discontinued Operation": 47203000.0,
        "Total Expenses": 905744000.0,
        "Diluted Average Shares": 55078000.0,
        "Basic Average Shares": 53497000.0,
        "Diluted EPS": 0.86,
        "Basic EPS": 0.88,
        "Diluted NI Availto Com Stockholders": 47203000.0,
        "Net Income Common Stockholders": 47203000.0,
        "Net Income": 47203000.0,
        "Minority Interests": -24000.0,
        "Net Income Including Noncontrolling Interests": 47227000.0,
        "Net Income Continuous Operations": 47227000.0,
        "Earnings From Equity Interest Net Of Tax": 1066000.0,
        "Tax Provision": 23616000.0,
        "Pretax Income": 69777000.0,
        "Other Income Expense": NaN,
        "Other Non Operating Income Expenses": NaN,
        "Net Non Operating Interest Income Expense": -17737000.0,
        "Interest Expense Non Operating": 19828000.0,
        "Interest Income Non Operating": 2091000.0,
        "Operating Income": 87514000.0,
        "Operating Expense": 166007000.0,
        "Selling General And Administration": 166007000.0,
        "Gross Profit": 253521000.0,
        "Cost Of Revenue": 739737000.0,
        "Total Revenue": 993258000.0,
        "Operating Revenue": 993258000.0
    },
    "2022-02-28": {
        "Diluted EPS": 0.69,
        "Total Revenue": 856,
        "Gross Profit": 213,
        "Operating Income": 57,
        "EBIT": 93,
        "Net Income": 38
    },
    "2021-11-30": {
        "Diluted EPS": 0.93,
        "Total Revenue": 897,
        "Gross Profit": 241,
        "Operating Income": 76,
        "EBIT": 111,
        "Net Income": 51
    },
    "2021-08-31": {
        "Diluted EPS": 0.58,
        "Total Revenue": 827,
        "Gross Profit": 194,
        "Operating Income": 59,
        "EBIT": 95,
        "Net Income": 32
    },
    "2021-05-31": {
        "Diluted EPS": 0.9,
        "Total Revenue": 828,
        "Gross Profit": 218,
        "Operating Income": 69,
        "EBIT": 105,
        "Net Income": 49
    },
    "2021-02-28": {
        "Diluted EPS": 0.56,
        "Total Revenue": 726,
        "Gross Profit": 192,
        "Operating Income": 48,
        "EBIT": 84,
        "Net Income": 30
    },
    "2020-11-30": {
        "Diluted EPS": 0.77,
        "Total Revenue": 778,
        "Gross Profit": 214,
        "Operating Income": 74,
        "EBIT": 109,
        "Net Income": 41
    },
    "2020-08-31": {
        "Diluted EPS": 0.79,
        "Total Revenue": 691,
        "Gross Profit": 188,
        "Operating Income": 59,
        "EBIT": 94,
        "Net Income": 42
    },
    "2020-05-31": {
        "Diluted EPS": 0.61,
        "Total Revenue": 675,
        "Gross Profit": 185,
        "Operating Income": 57,
        "EBIT": 91,
        "Net Income": 32
    },
    "2020-02-29": {
        "Diluted EPS": 0.19,
        "Total Revenue": 647,
        "Gross Profit": 170,
        "Operating Income": 29,
        "EBIT": 63,
        "Net Income": 10
    },
    "2019-11-30": {
        "Diluted EPS": 0.61,
        "Total Revenue": 739,
        "Gross Profit": 201,
        "Operating Income": 53,
        "EBIT": 87,
        "Net Income": 32
    },
    "2019-08-31": {
        "Diluted EPS": 0.97,
        "Total Revenue": 725,
        "Gross Profit": 207,
        "Operating Income": 67,
        "EBIT": 101,
        "Net Income": 50
    },
    "2019-05-31": {
        "Diluted EPS": 0.7,
        "Total Revenue": 760,
        "Gross Profit": 218,
        "Operating Income": 72,
        "EBIT": 108,
        "Net Income": 37
    },
    "2019-02-28": {
        "Diluted EPS": 0.24,
        "Total Revenue": 673,
        "Gross Profit": 180,
        "Operating Income": 34,
        "EBIT": 70,
        "Net Income": 12
    },
    "2018-11-30": {
        "Diluted EPS": 0.79,
        "Total Revenue": 768,
        "Gross Profit": 207,
        "Operating Income": 64,
        "EBIT": 100,
        "Net Income": 41
    },
    "2018-08-31": {
        "Diluted EPS": 0.72,
        "Total Revenue": 770,
        "Gross Profit": 215,
        "Operating Income": 67,
        "EBIT": 104,
        "Net Income": 38
    },
    "2018-05-31": {
        "Diluted EPS": 0.86,
        "Total Revenue": 789,
        "Gross Profit": 220,
        "Operating Income": 73,
        "EBIT": 109,
        "Net Income": 44
    },
    "2018-02-28": {
        "Diluted EPS": 0.92,
        "Total Revenue": 713,
        "Gross Profit": 186,
        "Operating Income": 33,
        "EBIT": 69,
        "Net Income": 48
    },
    "2017-11-30": {
        "Diluted EPS": -0.13,
        "Total Revenue": 678,
        "Gross Profit": 164,
        "Operating Income": 10,
        "EBIT": 38,
        "Net Income": -6
    },
    "2017-08-31": {
        "Diluted EPS": 0.49,
        "Total Revenue": 563,
        "Gross Profit": 150,
        "Operating Income": 40,
        "EBIT": 60,
        "Net Income": 25
    },
    "2017-05-31": {
        "Diluted EPS": 0.5,
        "Total Revenue": 562,
        "Gross Profit": 146,
        "Operating Income": 43,
        "EBIT": 63,
        "Net Income": 26
    },
    "2017-02-28": {
        "Diluted EPS": 0.29,
        "Total Revenue": 503,
        "Gross Profit": 139,
        "Operating Income": 26,
        "EBIT": 45,
        "Net Income": 15
    },
    "2016-11-30": {
        "Diluted EPS": 0.71,
        "Total Revenue": 575,
        "Gross Profit": 164,
        "Operating Income": 57,
        "EBIT": 78,
        "Net Income": 37
    },
    "2016-08-31": {
        "Diluted EPS": 0.64,
        "Total Revenue": 513,
        "Gross Profit": 146,
        "Operating Income": 48,
        "EBIT": 67,
        "Net Income": 33
    },
    "2016-05-31": {
        "Diluted EPS": 0.65,
        "Total Revenue": 533,
        "Gross Profit": 158,
        "Operating Income": 55,
        "EBIT": 73,
        "Net Income": 33
    },
    "2016-02-29": {
        "Diluted EPS": 0.37,
        "Total Revenue": 474,
        "Gross Profit": 138,
        "Operating Income": 38,
        "EBIT": 58,
        "Net Income": 19
    },
    "2015-11-30": {
        "Diluted EPS": 0.49,
        "Total Revenue": 548,
        "Gross Profit": 156,
        "Operating Income": 52,
        "EBIT": 72,
        "Net Income": 25
    },
    "2015-08-31": {
        "Diluted EPS": 0.52,
        "Total Revenue": 524,
        "Gross Profit": 147,
        "Operating Income": 49,
        "EBIT": 68,
        "Net Income": 27
    },
    "2015-05-31": {
        "Diluted EPS": 0.49,
        "Total Revenue": 541,
        "Gross Profit": 149,
        "Operating Income": 48,
        "EBIT": 67,
        "Net Income": 25
    },
    "2015-02-28": {
        "Diluted EPS": 0.19,
        "Total Revenue": 471,
        "Gross Profit": 116,
        "Operating Income": 21,
        "EBIT": 39,
        "Net Income": 10
    },
    "2014-11-30": {
        "Diluted EPS": 0.21,
        "Total Revenue": 548,
        "Gross Profit": 132,
        "Operating Income": 39,
        "EBIT": 57,
        "Net Income": 11
    },
    "2014-08-31": {
        "Diluted EPS": 0.08,
        "Total Revenue": 527,
        "Gross Profit": 125,
        "Operating Income": 28,
        "EBIT": 47,
        "Net Income": 4
    },
    "2014-05-31": {
        "Diluted EPS": 0.4,
        "Total Revenue": 544,
        "Gross Profit": 143,
        "Operating Income": 46,
        "EBIT": 64,
        "Net Income": 21
    },
    "2014-02-28": {
        "Diluted EPS": 0.28,
        "Total Revenue": 486,
        "Gross Profit": 133,
        "Operating Income": 36,
        "EBIT": 52,
        "Net Income": 15
    },
    "2013-11-30": {
        "Diluted EPS": 0.42,
        "Total Revenue": 534,
        "Gross Profit": 146,
        "Operating Income": 53,
        "EBIT": 69,
        "Net Income": 22
    },
    "2013-08-31": {
        "Diluted EPS": 0.55,
        "Total Revenue": 515,
        "Gross Profit": 145,
        "Operating Income": 54,
        "EBIT": 70,
        "Net Income": 28
    },
    "2013-05-31": {
        "Diluted EPS": 0.51,
        "Total Revenue": 519,
        "Gross Profit": 147,
        "Operating Income": 53,
        "EBIT": 67,
        "Net Income": 26
    },
    "2013-02-28": {
        "Diluted EPS": 0.41,
        "Total Revenue": 480,
        "Gross Profit": 133,
        "Operating Income": 36,
        "EBIT": 51,
        "Net Income": 21
    },
    "2012-11-30": {
        "Diluted EPS": 0.5,
        "Total Revenue": 513,
        "Gross Profit": 144,
        "Operating Income": 48,
        "EBIT": 65,
        "Net Income": 25
    },
    "2012-08-31": {
        "Diluted EPS": 1.64,
        "Total Revenue": 501,
        "Gross Profit": 134,
        "Operating Income": 43,
        "EBIT": 58,
        "Net Income": 83
    },
    "2012-05-31": {
        "Diluted EPS": 0.04,
        "Total Revenue": 527,
        "Gross Profit": 137,
        "Operating Income": 44,
        "EBIT": 60,
        "Net Income": 2
    },
    "2012-02-29": {
        "Diluted EPS": 0.3,
        "Total Revenue": 345,
        "Gross Profit": 103,
        "Operating Income": 28,
        "EBIT": 37,
        "Net Income": 15
    },
    "2011-11-30": {
        "Diluted EPS": 0.53,
        "Total Revenue": 373,
        "Gross Profit": 101,
        "Operating Income": 32,
        "EBIT": 42,
        "Net Income": 26
    },
    "2011-08-31": {
        "Diluted EPS": 0.47,
        "Total Revenue": 363,
        "Gross Profit": 103,
        "Operating Income": 31,
        "EBIT": 41,
        "Net Income": 23
    },
    "2011-05-31": {
        "Diluted EPS": 0.5,
        "Total Revenue": 368,
        "Gross Profit": 103,
        "Operating Income": 33,
        "EBIT": 42,
        "Net Income": 25
    },
    "2011-02-28": {
        "Diluted EPS": 0.29,
        "Total Revenue": 340,
        "Gross Profit": 97,
        "Operating Income": 21,
        "EBIT": 31,
        "Net Income": 14
    },
    "2010-11-30": {
        "Diluted EPS": 0.45,
        "Total Revenue": 261,
        "Gross Profit": 63,
        "Operating Income": 20,
        "EBIT": 28,
        "Net Income": 22
    },
    "2010-08-31": {
        "Diluted EPS": 0.38,
        "Total Revenue": 339,
        "Gross Profit": 96,
        "Operating Income": 23,
        "EBIT": 33,
        "Net Income": 19
    },
    "2010-05-31": {
        "Diluted EPS": 0.22,
        "Total Revenue": 348,
        "Gross Profit": 101,
        "Operating Income": 26,
        "EBIT": 36,
        "Net Income": 11
    },
    "2010-02-28": {
        "Diluted EPS": 0.38,
        "Total Revenue": 309,
        "Gross Profit": 98,
        "Operating Income": 26,
        "EBIT": 37,
        "Net Income": 19
    },
    "2009-11-30": {
        "Diluted EPS": 0.49,
        "Total Revenue": 342,
        "Gross Profit": 106,
        "Operating Income": 35,
        "EBIT": 48,
        "Net Income": 25
    },
    "2009-08-31": {
        "Diluted EPS": 0.72,
        "Total Revenue": 315,
        "Gross Profit": 100,
        "Operating Income": 32,
        "EBIT": 43,
        "Net Income": 35
    },
    "2009-05-31": {
        "Diluted EPS": 0.36,
        "Total Revenue": 299,
        "Gross Profit": 89,
        "Operating Income": 28,
        "EBIT": 38,
        "Net Income": 18
    },
    "2009-02-28": {
        "Diluted EPS": 0.13,
        "Total Revenue": 279,
        "Gross Profit": 75,
        "Operating Income": 12,
        "EBIT": 24,
        "Net Income": 6
    },
    "2023-08-31": {
        "Tax Effect Of Unusual Items": NaN,
        "Tax Rate For Calcs": NaN,
        "Normalized EBITDA": NaN,
        "Net Income From Continuing Operation Net Minority Interest": NaN,
        "Reconciled Depreciation": NaN,
        "Reconciled Cost Of Revenue": NaN,
        "EBITDA": NaN,
        "EBIT": NaN,
        "Net Interest Income": NaN,
        "Interest Expense": NaN,
        "Interest Income": NaN,
        "Normalized Income": NaN,
        "Net Income From Continuing And Discontinued Operation": NaN,
        "Total Expenses": NaN,
        "Diluted Average Shares": 56033000.0,
        "Basic Average Shares": 54394000.0,
        "Diluted EPS": 0.67,
        "Basic EPS": 0.69,
        "Diluted NI Availto Com Stockholders": NaN,
        "Net Income Common Stockholders": NaN,
        "Net Income": NaN,
        "Minority Interests": NaN,
        "Net Income Including Noncontrolling Interests": NaN,
        "Net Income Continuous Operations": NaN,
        "Earnings From Equity Interest Net Of Tax": NaN,
        "Tax Provision": NaN,
        "Pretax Income": NaN,
        "Other Income Expense": NaN,
        "Other Non Operating Income Expenses": NaN,
        "Net Non Operating Interest Income Expense": NaN,
        "Interest Expense Non Operating": NaN,
        "Interest Income Non Operating": NaN,
        "Operating Income": NaN,
        "Operating Expense": NaN,
        "Selling General And Administration": NaN,
        "Gross Profit": NaN,
        "Cost Of Revenue": NaN,
        "Total Revenue": NaN,
        "Operating Revenue": NaN
    },
    "2023-11-30": {
        "Tax Effect Of Unusual Items": 0.0,
        "Tax Rate For Calcs": 0.21,
        "Normalized EBITDA": 160227000.0,
        "Net Income From Continuing Operation Net Minority Interest": 44990000.0,
        "Reconciled Depreciation": 40690000.0,
        "Reconciled Cost Of Revenue": 629037000.0,
        "EBITDA": 160227000.0,
        "EBIT": 119537000.0,
        "Net Interest Income": -32080000.0,
        "Interest Expense": 33297000.0,
        "Interest Income": 1217000.0,
        "Normalized Income": 44990000.0,
        "Net Income From Continuing And Discontinued Operation": 44990000.0,
        "Total Expenses": 769231000.0,
        "Diluted Average Shares": 56161000.0,
        "Basic Average Shares": 54491000.0,
        "Diluted EPS": 0.8,
        "Basic EPS": 0.83,
        "Diluted NI Availto Com Stockholders": 44990000.0,
        "Net Income Common Stockholders": 44990000.0,
        "Net Income": 44990000.0,
        "Minority Interests": -11000.0,
        "Net Income Including Noncontrolling Interests": 45001000.0,
        "Net Income Continuous Operations": 45001000.0,
        "Earnings From Equity Interest Net Of Tax": 1035000.0,
        "Tax Provision": 42274000.0,
        "Pretax Income": 86240000.0,
        "Other Income Expense": -15328000.0,
        "Other Non Operating Income Expenses": -3655000.0,
        "Net Non Operating Interest Income Expense": -32080000.0,
        "Interest Expense Non Operating": 33297000.0,
        "Interest Income Non Operating": 1217000.0,
        "Operating Income": 133648000.0,
        "Operating Expense": 140194000.0,
        "Selling General And Administration": 91554000.0,
        "Gross Profit": 273842000.0,
        "Cost Of Revenue": 629037000.0,
        "Total Revenue": 902879000.0,
        "Operating Revenue": 902879000.0
    },
    "2024-02-29": {
        "Tax Effect Of Unusual Items": 0.0,
        "Tax Rate For Calcs": 0.206818,
        "Normalized EBITDA": 113206000.0,
        "Net Income From Continuing Operation Net Minority Interest": 30991000.0,
        "Reconciled Depreciation": 43523000.0,
        "Reconciled Cost Of Revenue": 571182000.0,
        "EBITDA": 113206000.0,
        "EBIT": 69683000.0,
        "Net Interest Income": -30594000.0,
        "Interest Expense": 31901000.0,
        "Interest Income": 1307000.0,
        "Normalized Income": 30991000.0,
        "Net Income From Continuing And Discontinued Operation": 30991000.0,
        "Total Expenses": 743544000.0,
        "Diluted Average Shares": 56573000.0,
        "Basic Average Shares": 54702000.0,
        "Diluted EPS": 0.55,
        "Basic EPS": 0.57,
        "Diluted NI Availto Com Stockholders": 30991000.0,
        "Net Income Common Stockholders": 30991000.0,
        "Net Income": 30991000.0,
        "Minority Interests": -21000.0,
        "Net Income Including Noncontrolling Interests": 31012000.0,
        "Net Income Continuous Operations": 31012000.0,
        "Earnings From Equity Interest Net Of Tax": 1044000.0,
        "Tax Provision": 7814000.0,
        "Pretax Income": 37782000.0,
        "Other Income Expense": 1501000.0,
        "Other Non Operating Income Expenses": 1501000.0,
        "Net Non Operating Interest Income Expense": -30594000.0,
        "Interest Expense Non Operating": 31901000.0,
        "Interest Income Non Operating": 1307000.0,
        "Operating Income": 66875000.0,
        "Operating Expense": 172362000.0,
        "Selling General And Administration": 172362000.0,
        "Gross Profit": 239237000.0,
        "Cost Of Revenue": 571182000.0,
        "Total Revenue": 810419000.0,
        "Operating Revenue": 810419000.0
    },
    "2024-05-31": {
        "Tax Effect Of Unusual Items": 0.0,
        "Tax Rate For Calcs": 0.307,
        "Normalized EBITDA": 146579000.0,
        "Net Income From Continuing Operation Net Minority Interest": 51264000.0,
        "Reconciled Depreciation": 41150000.0,
        "Reconciled Cost Of Revenue": 635055000.0,
        "EBITDA": 146579000.0,
        "EBIT": 105429000.0,
        "Net Interest Income": -31115000.0,
        "Interest Expense": 32314000.0,
        "Interest Income": 1199000.0,
        "Normalized Income": 51264000.0,
        "Net Income From Continuing And Discontinued Operation": 51264000.0,
        "Total Expenses": 816511000.0,
        "Diluted Average Shares": 56636000.0,
        "Basic Average Shares": 54946000.0,
        "Diluted EPS": 0.91,
        "Basic EPS": 0.93,
        "Diluted NI Availto Com Stockholders": 51264000.0,
        "Net Income Common Stockholders": 51264000.0,
        "Net Income": 51264000.0,
        "Minority Interests": -33000.0,
        "Net Income Including Noncontrolling Interests": 51297000.0,
        "Net Income Continuous Operations": 51297000.0,
        "Earnings From Equity Interest Net Of Tax": 600000.0,
        "Tax Provision": 22418000.0,
        "Pretax Income": 73115000.0,
        "Other Income Expense": 3634000.0,
        "Other Non Operating Income Expenses": 3634000.0,
        "Net Non Operating Interest Income Expense": -31115000.0,
        "Interest Expense Non Operating": 32314000.0,
        "Interest Income Non Operating": 1199000.0,
        "Operating Income": 100596000.0,
        "Operating Expense": 181456000.0,
        "Selling General And Administration": 181456000.0,
        "Gross Profit": 282052000.0,
        "Cost Of Revenue": 635055000.0,
        "Total Revenue": 917107000.0,
        "Operating Revenue": 917107000.0
    },
    "2024-08-31": {
        "Tax Effect Of Unusual Items": 0.0,
        "Tax Rate For Calcs": 0.253,
        "Normalized EBITDA": 151621000.0,
        "Net Income From Continuing Operation Net Minority Interest": 55361000.0,
        "Reconciled Depreciation": 44040000.0,
        "Reconciled Cost Of Revenue": 642198000.0,
        "EBITDA": 151621000.0,
        "EBIT": 107581000.0,
        "Net Interest Income": -34196000.0,
        "Interest Expense": 35288000.0,
        "Interest Income": 1092000.0,
        "Normalized Income": 55361000.0,
        "Net Income From Continuing And Discontinued Operation": 55361000.0,
        "Total Expenses": 813586000.0,
        "Diluted Average Shares": 56650000.0,
        "Basic Average Shares": 54975000.0,
        "Diluted EPS": 0.98,
        "Basic EPS": 1.01,
        "Diluted NI Availto Com Stockholders": 55361000.0,
        "Net Income Common Stockholders": 55361000.0,
        "Net Income": 55361000.0,
        "Minority Interests": 22000.0,
        "Net Income Including Noncontrolling Interests": 55339000.0,
        "Net Income Continuous Operations": 55339000.0,
        "Earnings From Equity Interest Net Of Tax": 1310000.0,
        "Tax Provision": 18264000.0,
        "Pretax Income": 72293000.0,
        "Other Income Expense": 2148000.0,
        "Other Non Operating Income Expenses": 2148000.0,
        "Net Non Operating Interest Income Expense": -34196000.0,
        "Interest Expense Non Operating": 35288000.0,
        "Interest Income Non Operating": 1092000.0,
        "Operating Income": 104341000.0,
        "Operating Expense": 171388000.0,
        "Selling General And Administration": 171388000.0,
        "Gross Profit": 275729000.0,
        "Cost Of Revenue": 642198000.0,
        "Total Revenue": 917927000.0,
        "Operating Revenue": 917927000.0
    },
    "2024-11-30": {
        "Tax Effect Of Unusual Items": 0.0,
        "Tax Rate For Calcs": 0.21,
        "Normalized EBITDA": 79092000.0,
        "Net Income From Continuing Operation Net Minority Interest": -7359000.0,
        "Reconciled Depreciation": 45997000.0,
        "Reconciled Cost Of Revenue": 658424000.0,
        "EBITDA": 79092000.0,
        "EBIT": 33095000.0,
        "Net Interest Income": -32535000.0,
        "Interest Expense": 33620000.0,
        "Interest Income": 1085000.0,
        "Normalized Income": -7359000.0,
        "Net Income From Continuing And Discontinued Operation": -7359000.0,
        "Total Expenses": 830957000.0,
        "Diluted Average Shares": 56658000.0,
        "Basic Average Shares": 55106000.0,
        "Diluted EPS": -0.13,
        "Basic EPS": -0.13,
        "Diluted NI Availto Com Stockholders": -7359000.0,
        "Net Income Common Stockholders": -7359000.0,
        "Net Income": -7359000.0,
        "Minority Interests": -107000.0,
        "Net Income Including Noncontrolling Interests": -7252000.0,
        "Net Income Continuous Operations": -7252000.0,
        "Earnings From Equity Interest Net Of Tax": 1158000.0,
        "Tax Provision": 7885000.0,
        "Pretax Income": -525000.0,
        "Other Income Expense": -60317000.0,
        "Other Non Operating Income Expenses": -10973000.0,
        "Net Non Operating Interest Income Expense": -32535000.0,
        "Interest Expense Non Operating": 33620000.0,
        "Interest Income Non Operating": 1085000.0,
        "Operating Income": 92327000.0,
        "Operating Expense": 172533000.0,
        "Selling General And Administration": 122968000.0,
        "Gross Profit": 264860000.0,
        "Cost Of Revenue": 658424000.0,
        "Total Revenue": 923284000.0,
        "Operating Revenue": 923284000.0
    },
    "2025-02-28": {
        "Tax Effect Of Unusual Items": 0.0,
        "Tax Rate For Calcs": 0.318,
        "Normalized EBITDA": 93351000.0,
        "Net Income From Continuing Operation Net Minority Interest": 13248000.0,
        "Reconciled Depreciation": 42597000.0,
        "Reconciled Cost Of Revenue": 561588000.0,
        "EBITDA": 93351000.0,
        "EBIT": 50754000.0,
        "Net Interest Income": -30942000.0,
        "Interest Expense": 32042000.0,
        "Interest Income": 1100000.0,
        "Normalized Income": 13248000.0,
        "Net Income From Continuing And Discontinued Operation": 13248000.0,
        "Total Expenses": 742216000.0,
        "Diluted Average Shares": 56029000.0,
        "Basic Average Shares": 54998000.0,
        "Diluted EPS": 0.24,
        "Basic EPS": 0.24,
        "Diluted NI Availto Com Stockholders": 13248000.0,
        "Net Income Common Stockholders": 13248000.0,
        "Net Income": 13248000.0,
        "Minority Interests": -16000.0,
        "Net Income Including Noncontrolling Interests": 13264000.0,
        "Net Income Continuous Operations": 13264000.0,
        "Earnings From Equity Interest Net Of Tax": 497000.0,
        "Tax Provision": 5945000.0,
        "Pretax Income": 18712000.0,
        "Other Income Expense": 3207000.0,
        "Other Non Operating Income Expenses": 3207000.0,
        "Net Non Operating Interest Income Expense": -30942000.0,
        "Interest Expense Non Operating": 32042000.0,
        "Interest Income Non Operating": 1100000.0,
        "Operating Income": 46447000.0,
        "Operating Expense": 180628000.0,
        "Selling General And Administration": 180628000.0,
        "Gross Profit": 227075000.0,
        "Cost Of Revenue": 561588000.0,
        "Total Revenue": 788663000.0,
        "Operating Revenue": 788663000.0
    },
    "2025-05-31": {
        "Tax Effect Of Unusual Items": 0.0,
        "Tax Rate For Calcs": 0.21,
        "Normalized EBITDA": 152722000.0,
        "Net Income From Continuing Operation Net Minority Interest": 41828000.0,
        "Reconciled Depreciation": 44683000.0,
        "Reconciled Cost Of Revenue": 611711000.0,
        "EBITDA": 152722000.0,
        "EBIT": 108039000.0,
        "Net Interest Income": -34011000.0,
        "Interest Expense": 34865000.0,
        "Interest Income": 854000.0,
        "Normalized Income": 41828000.0,
        "Net Income From Continuing And Discontinued Operation": 41828000.0,
        "Total Expenses": 798051000.0,
        "Diluted Average Shares": 54952000.0,
        "Basic Average Shares": 54443000.0,
        "Diluted EPS": 0.76,
        "Basic EPS": 0.77,
        "Diluted NI Availto Com Stockholders": 41828000.0,
        "Net Income Common Stockholders": 41828000.0,
        "Net Income": 41828000.0,
        "Minority Interests": -17000.0,
        "Net Income Including Noncontrolling Interests": 41845000.0,
        "Net Income Continuous Operations": 41845000.0,
        "Earnings From Equity Interest Net Of Tax": 1397000.0,
        "Tax Provision": 32726000.0,
        "Pretax Income": 73174000.0,
        "Other Income Expense": 7141000.0,
        "Other Non Operating Income Expenses": 7141000.0,
        "Net Non Operating Interest Income Expense": -34011000.0,
        "Interest Expense Non Operating": 34865000.0,
        "Interest Income Non Operating": 854000.0,
        "Operating Income": 100044000.0,
        "Operating Expense": 186340000.0,
        "Selling General And Administration": 186340000.0,
        "Gross Profit": 286384000.0,
        "Cost Of Revenue": 611711000.0,
        "Total Revenue": 898095000.0,
        "Operating Revenue": 898095000.0
    },
    "2025-08-31": {
        "Tax Effect Of Unusual Items": 0.0,
        "Tax Rate For Calcs": 0.199,
        "Normalized EBITDA": 162117000.0,
        "Net Income From Continuing Operation Net Minority Interest": 67160000.0,
        "Reconciled Depreciation": 45559000.0,
        "Reconciled Cost Of Revenue": 606929000.0,
        "EBITDA": 162117000.0,
        "EBIT": 116558000.0,
        "Net Interest Income": -32520000.0,
        "Interest Expense": 33630000.0,
        "Interest Income": 1110000.0,
        "Normalized Income": 67160000.0,
        "Net Income From Continuing And Discontinued Operation": 67160000.0,
        "Total Expenses": 781903000.0,
        "Diluted Average Shares": 55162000.0,
        "Basic Average Shares": 54428000.0,
        "Diluted EPS": 1.22,
        "Basic EPS": 1.23,
        "Diluted NI Availto Com Stockholders": 67160000.0,
        "Net Income Common Stockholders": 67160000.0,
        "Net Income": 67160000.0,
        "Minority Interests": -73000.0,
        "Net Income Including Noncontrolling Interests": 67233000.0,
        "Net Income Continuous Operations": 67233000.0,
        "Earnings From Equity Interest Net Of Tax": 832000.0,
        "Tax Provision": 16527000.0,
        "Pretax Income": 82928000.0,
        "Other Income Expense": 5308000.0,
        "Other Non Operating Income Expenses": 5308000.0,
        "Net Non Operating Interest Income Expense": -32520000.0,
        "Interest Expense Non Operating": 33630000.0,
        "Interest Income Non Operating": 1110000.0,
        "Operating Income": 110140000.0,
        "Operating Expense": 174974000.0,
        "Selling General And Administration": 174974000.0,
        "Gross Profit": 285114000.0,
        "Cost Of Revenue": 606929000.0,
        "Total Revenue": 892043000.0,
        "Operating Revenue": 892043000.0
    }
}