{
    "2023-06-30": {
        "Tax Effect Of Unusual Items": 0.0,
        "Tax Rate For Calcs": 0.167917,
        "Total Unusual Items": 0.0,
        "Total Unusual Items Excluding Goodwill": 0.0,
        "Net Income From Continuing Operation Net Minority Interest": 79607000.0,
        "Reconciled Depreciation": 8428000.0,
        "Net Interest Income": 212852000.0,
        "Interest Expense": 102060000.0,
        "Interest Income": 314912000.0,
        "Normalized Income": 79607000.0,
        "Net Income From Continuing And Discontinued Operation": 79607000.0,
        "Diluted Average Shares": 167191000.0,
        "Basic Average Shares": 165854000.0,
        "Diluted EPS": 0.46,
        "Basic EPS": 0.46,
        "Diluted NI Availto Com Stockholders": 77045000.0,
        "Net Income Common Stockholders": 77045000.0,
        "Preferred Stock Dividends": 2562000.0,
        "Net Income": 79607000.0,
        "Net Income Including Noncontrolling Interests": 79607000.0,
        "Net Income Continuous Operations": 79607000.0,
        "Tax Provision": 16065000.0,
        "Pretax Income": 95672000.0,
        "Special Income Charges": 0.0,
        "Other Special Charges": NaN,
        "Restructuring And Mergern Acquisition": 0.0,
        "Gain On Sale Of Security": -4000.0,
        "Depreciation Amortization Depletion Income Statement": 1072000.0,
        "Depreciation And Amortization In Income Statement": 1072000.0,
        "Amortization": 1072000.0,
        "Amortization Of Intangibles Income Statement": 1072000.0,
        "Selling General And Administration": 100652000.0,
        "Selling And Marketing Expense": 1655000.0,
        "General And Administrative Expense": 98997000.0,
        "Insurance And Claims": 4895000.0,
        "Salaries And Wages": 94102000.0,
        "Total Revenue": 273437000.0,
        "Operating Revenue": 273437000.0,
        "Occupancy And Equipment": 17904000.0,
        "Professional Expense And Contract Services Expense": 1829000.0,
        "Other Non Interest Expense": 46561000.0
    },
    "2023-03-31": {
        "Tax Effect Of Unusual Items": 0.0,
        "Tax Rate For Calcs": 0.178721,
        "Total Unusual Items": 0.0,
        "Total Unusual Items Excluding Goodwill": 0.0,
        "Net Income From Continuing Operation Net Minority Interest": 68314000.0,
        "Reconciled Depreciation": 7993000.0,
        "Net Interest Income": 215587000.0,
        "Interest Expense": 74233000.0,
        "Interest Income": 289820000.0,
        "Normalized Income": 68314000.0,
        "Net Income From Continuing And Discontinued Operation": 68314000.0,
        "Diluted Average Shares": 168401000.0,
        "Basic Average Shares": 166605000.0,
        "Diluted EPS": 0.39,
        "Basic EPS": 0.39,
        "Diluted NI Availto Com Stockholders": 65752000.0,
        "Net Income Common Stockholders": 65752000.0,
        "Preferred Stock Dividends": 2562000.0,
        "Net Income": 68314000.0,
        "Net Income Including Noncontrolling Interests": 68314000.0,
        "Net Income Continuous Operations": 68314000.0,
        "Tax Provision": 14866000.0,
        "Pretax Income": 83180000.0,
        "Special Income Charges": 0.0,
        "Other Special Charges": NaN,
        "Restructuring And Mergern Acquisition": 0.0,
        "Gain On Sale Of Security": 23000.0,
        "Depreciation Amortization Depletion Income Statement": 674000.0,
        "Depreciation And Amortization In Income Statement": 674000.0,
        "Amortization": 674000.0,
        "Amortization Of Intangibles Income Statement": 674000.0,
        "Selling General And Administration": 95964000.0,
        "Selling And Marketing Expense": 1886000.0,
        "General And Administrative Expense": 94078000.0,
        "Insurance And Claims": 4795000.0,
        "Salaries And Wages": 89283000.0,
        "Total Revenue": 267340000.0,
        "Operating Revenue": 267340000.0,
        "Occupancy And Equipment": 17827000.0,
        "Professional Expense And Contract Services Expense": 2392000.0,
        "Other Non Interest Expense": 42759000.0
    },
    "2022-12-31": {
        "Tax Effect Of Unusual Items": -300369.700896,
        "Tax Rate For Calcs": 0.15859,
        "Total Unusual Items": -1894000.0,
        "Total Unusual Items Excluding Goodwill": -1894000.0,
        "Net Income From Continuing Operation Net Minority Interest": 81833000.0,
        "Reconciled Depreciation": 8262000.0,
        "Net Interest Income": 225911000.0,
        "Interest Expense": 41936000.0,
        "Interest Income": 267847000.0,
        "Normalized Income": 83426630.299104,
        "Net Income From Continuing And Discontinued Operation": 81833000.0,
        "Diluted Average Shares": 169136000.0,
        "Basic Average Shares": 167504000.0,
        "Diluted EPS": 0.47,
        "Basic EPS": 0.47,
        "Diluted NI Availto Com Stockholders": 79271000.0,
        "Net Income Common Stockholders": 79271000.0,
        "Preferred Stock Dividends": 2562000.0,
        "Net Income": 81833000.0,
        "Net Income Including Noncontrolling Interests": 81833000.0,
        "Net Income Continuous Operations": 81833000.0,
        "Tax Provision": 15424000.0,
        "Pretax Income": 97257000.0,
        "Special Income Charges": -1894000.0,
        "Restructuring And Mergern Acquisition": 1894000.0,
        "Gain On Sale Of Security": -1000.0,
        "Depreciation Amortization Depletion Income Statement": 688000.0,
        "Depreciation And Amortization In Income Statement": 688000.0,
        "Amortization": 688000.0,
        "Amortization Of Intangibles Income Statement": 688000.0,
        "Selling General And Administration": 98332000.0,
        "Selling And Marketing Expense": 2380000.0,
        "General And Administrative Expense": 95952000.0,
        "Insurance And Claims": 3219000.0,
        "Salaries And Wages": 92733000.0,
        "Total Revenue": 280232000.0,
        "Operating Revenue": 280232000.0
    },
    "2022-09-30": {
        "Tax Effect Of Unusual Items": -1247068.0,
        "Tax Rate For Calcs": 0.178,
        "Total Unusual Items": -7006000.0,
        "Total Unusual Items Excluding Goodwill": -7006000.0,
        "Net Income From Continuing Operation Net Minority Interest": 70871000.0,
        "Reconciled Depreciation": 690000.0,
        "Net Interest Income": 215582000.0,
        "Interest Expense": 18109000.0,
        "Interest Income": 233691000.0,
        "Normalized Income": 76629932.0,
        "Net Income From Continuing And Discontinued Operation": 70871000.0,
        "Diluted Average Shares": 168781000.0,
        "Basic Average Shares": 167353000.0,
        "Diluted EPS": 0.4,
        "Basic EPS": 0.41,
        "Diluted NI Availto Com Stockholders": 68309000.0,
        "Net Income Common Stockholders": 68309000.0,
        "Preferred Stock Dividends": 2562000.0,
        "Net Income": 70871000.0,
        "Net Income Including Noncontrolling Interests": 70871000.0,
        "Net Income Continuous Operations": 70871000.0,
        "Tax Provision": 15357000.0,
        "Pretax Income": 86228000.0,
        "Special Income Charges": -7006000.0,
        "Other Special Charges": NaN,
        "Restructuring And Mergern Acquisition": 7006000.0,
        "Gain On Sale Of Security": -53000.0,
        "Depreciation Amortization Depletion Income Statement": 690000.0,
        "Depreciation And Amortization In Income Statement": 690000.0,
        "Amortization": 690000.0,
        "Amortization Of Intangibles Income Statement": 690000.0,
        "Selling General And Administration": 99300000.0,
        "Selling And Marketing Expense": 1859000.0,
        "General And Administrative Expense": 97441000.0,
        "Insurance And Claims": 3158000.0,
        "Salaries And Wages": 94283000.0,
        "Total Revenue": 274744000.0,
        "Operating Revenue": 274744000.0
    },
    "2022-06-30": {
        "Tax Effect Of Unusual Items": -191022.0,
        "Tax Rate For Calcs": 0.186,
        "Total Unusual Items": -1027000.0,
        "Total Unusual Items Excluding Goodwill": -1027000.0,
        "Net Income From Continuing Operation Net Minority Interest": 69989000.0,
        "Reconciled Depreciation": 177000.0,
        "Net Interest Income": 178831000.0,
        "Interest Expense": 11468000.0,
        "Interest Income": 190299000.0,
        "Normalized Income": 70824978.0,
        "Net Income From Continuing And Discontinued Operation": 69989000.0,
        "Diluted Average Shares": 162075000.0,
        "Basic Average Shares": 160920000.0,
        "Diluted EPS": 0.42,
        "Basic EPS": 0.42,
        "Diluted NI Availto Com Stockholders": 67427000.0,
        "Net Income Common Stockholders": 67427000.0,
        "Preferred Stock Dividends": 2562000.0,
        "Net Income": 69989000.0,
        "Net Income Including Noncontrolling Interests": 69989000.0,
        "Net Income Continuous Operations": 69989000.0,
        "Tax Provision": 16003000.0,
        "Pretax Income": 85992000.0,
        "Special Income Charges": -1027000.0,
        "Restructuring And Mergern Acquisition": 1027000.0,
        "Gain On Sale Of Security": 8000.0,
        "Depreciation Amortization Depletion Income Statement": 177000.0,
        "Depreciation And Amortization In Income Statement": 177000.0,
        "Amortization": 177000.0,
        "Amortization Of Intangibles Income Statement": 177000.0,
        "Selling General And Administration": 89691000.0,
        "Selling And Marketing Expense": 1326000.0,
        "General And Administrative Expense": 88365000.0,
        "Insurance And Claims": 2961000.0,
        "Salaries And Wages": 85404000.0,
        "Total Revenue": 237222000.0,
        "Operating Revenue": 237222000.0
    },
    "2022-03-31": {
        "Diluted EPS": 0.38,
        "Total Revenue": 228,
        "Gross Profit": 217,
        "Operating Income": 78,
        "EBIT": NaN,
        "Net Income": 62
    },
    "2021-12-31": {
        "Diluted EPS": 0.36,
        "Total Revenue": 242,
        "Gross Profit": 229,
        "Operating Income": 80,
        "EBIT": NaN,
        "Net Income": 59
    },
    "2021-09-30": {
        "Diluted EPS": 0.45,
        "Total Revenue": 247,
        "Gross Profit": 234,
        "Operating Income": 90,
        "EBIT": NaN,
        "Net Income": 73
    },
    "2021-06-30": {
        "Diluted EPS": 0.38,
        "Total Revenue": 229,
        "Gross Profit": 214,
        "Operating Income": 77,
        "EBIT": NaN,
        "Net Income": 62
    },
    "2021-03-31": {
        "Diluted EPS": 0.43,
        "Total Revenue": 280,
        "Gross Profit": 260,
        "Operating Income": 87,
        "EBIT": NaN,
        "Net Income": 70
    },
    "2020-12-31": {
        "Diluted EPS": 0.3,
        "Total Revenue": 239,
        "Gross Profit": 217,
        "Operating Income": 56,
        "EBIT": NaN,
        "Net Income": 49
    },
    "2020-09-30": {
        "Diluted EPS": 0.38,
        "Total Revenue": 242,
        "Gross Profit": 217,
        "Operating Income": 71,
        "EBIT": NaN,
        "Net Income": 62
    },
    "2020-06-30": {
        "Diluted EPS": 0.24,
        "Total Revenue": 237,
        "Gross Profit": 209,
        "Operating Income": 46,
        "EBIT": NaN,
        "Net Income": 40
    },
    "2020-03-31": {
        "Diluted EPS": 0.16,
        "Total Revenue": 254,
        "Gross Profit": 215,
        "Operating Income": 29,
        "EBIT": NaN,
        "Net Income": 26
    },
    "2019-12-31": {
        "Diluted EPS": 0.3,
        "Total Revenue": 257,
        "Gross Profit": 215,
        "Operating Income": 55,
        "EBIT": NaN,
        "Net Income": 48
    },
    "2019-09-30": {
        "Diluted EPS": 0.37,
        "Total Revenue": 268,
        "Gross Profit": 221,
        "Operating Income": 72,
        "EBIT": NaN,
        "Net Income": 62
    },
    "2019-06-30": {
        "Diluted EPS": 0.35,
        "Total Revenue": 264,
        "Gross Profit": 219,
        "Operating Income": 70,
        "EBIT": NaN,
        "Net Income": 60
    },
    "2019-03-31": {
        "Diluted EPS": 0.33,
        "Total Revenue": 251,
        "Gross Profit": 210,
        "Operating Income": 67,
        "EBIT": NaN,
        "Net Income": 57
    },
    "2018-12-31": {
        "Diluted EPS": 0.33,
        "Total Revenue": 250,
        "Gross Profit": 212,
        "Operating Income": 64,
        "EBIT": NaN,
        "Net Income": 58
    },
    "2018-09-30": {
        "Diluted EPS": 0.37,
        "Total Revenue": 245,
        "Gross Profit": 211,
        "Operating Income": 74,
        "EBIT": NaN,
        "Net Income": 66
    },
    "2018-06-30": {
        "Diluted EPS": 0.2,
        "Total Revenue": 235,
        "Gross Profit": 205,
        "Operating Income": 39,
        "EBIT": NaN,
        "Net Income": 35
    },
    "2018-03-31": {
        "Diluted EPS": 0.28,
        "Total Revenue": 224,
        "Gross Profit": 197,
        "Operating Income": 57,
        "EBIT": NaN,
        "Net Income": 49
    },
    "2017-12-31": {
        "Diluted EPS": 0.19,
        "Total Revenue": 232,
        "Gross Profit": 206,
        "Operating Income": 61,
        "EBIT": NaN,
        "Net Income": 34
    },
    "2017-09-30": {
        "Diluted EPS": 0.28,
        "Total Revenue": 223,
        "Gross Profit": 199,
        "Operating Income": 62,
        "EBIT": NaN,
        "Net Income": 49
    },
    "2017-06-30": {
        "Diluted EPS": 0.26,
        "Total Revenue": 216,
        "Gross Profit": 194,
        "Operating Income": 55,
        "EBIT": NaN,
        "Net Income": 45
    },
    "2017-03-31": {
        "Diluted EPS": 0.25,
        "Total Revenue": 205,
        "Gross Profit": 184,
        "Operating Income": 57,
        "EBIT": NaN,
        "Net Income": 43
    },
    "2016-12-31": {
        "Diluted EPS": 0.24,
        "Total Revenue": 206,
        "Gross Profit": 185,
        "Operating Income": 52,
        "EBIT": NaN,
        "Net Income": 42
    },
    "2016-09-30": {
        "Diluted EPS": 0.24,
        "Total Revenue": 200,
        "Gross Profit": 179,
        "Operating Income": 55,
        "EBIT": NaN,
        "Net Income": 41
    },
    "2016-06-30": {
        "Diluted EPS": 0.23,
        "Total Revenue": 195,
        "Gross Profit": 175,
        "Operating Income": 51,
        "EBIT": NaN,
        "Net Income": 40
    },
    "2016-03-31": {
        "Diluted EPS": 0.22,
        "Total Revenue": 192,
        "Gross Profit": 172,
        "Operating Income": 50,
        "EBIT": NaN,
        "Net Income": 38
    },
    "2015-12-31": {
        "Diluted EPS": 0.22,
        "Total Revenue": 193,
        "Gross Profit": 174,
        "Operating Income": 52,
        "EBIT": NaN,
        "Net Income": 39
    },
    "2015-09-30": {
        "Diluted EPS": 0.2,
        "Total Revenue": 191,
        "Gross Profit": 170,
        "Operating Income": 45,
        "EBIT": NaN,
        "Net Income": 34
    },
    "2015-06-30": {
        "Diluted EPS": 0.21,
        "Total Revenue": 191,
        "Gross Profit": 169,
        "Operating Income": 49,
        "EBIT": NaN,
        "Net Income": 37
    },
    "2015-03-31": {
        "Diluted EPS": 0.22,
        "Total Revenue": 191,
        "Gross Profit": 168,
        "Operating Income": 54,
        "EBIT": NaN,
        "Net Income": 40
    },
    "2014-12-31": {
        "Diluted EPS": 0.2,
        "Total Revenue": 192,
        "Gross Profit": 170,
        "Operating Income": 49,
        "EBIT": NaN,
        "Net Income": 38
    },
    "2014-09-30": {
        "Diluted EPS": 0.21,
        "Total Revenue": 192,
        "Gross Profit": 171,
        "Operating Income": 52,
        "EBIT": NaN,
        "Net Income": 39
    },
    "2014-06-30": {
        "Diluted EPS": 0.21,
        "Total Revenue": 193,
        "Gross Profit": 173,
        "Operating Income": 53,
        "EBIT": NaN,
        "Net Income": 40
    },
    "2014-03-31": {
        "Diluted EPS": 0.22,
        "Total Revenue": 187,
        "Gross Profit": 168,
        "Operating Income": 56,
        "EBIT": NaN,
        "Net Income": 42
    },
    "2013-12-31": {
        "Diluted EPS": 0.21,
        "Total Revenue": 193,
        "Gross Profit": 174,
        "Operating Income": 54,
        "EBIT": NaN,
        "Net Income": 42
    },
    "2013-09-30": {
        "Diluted EPS": 0.21,
        "Total Revenue": 200,
        "Gross Profit": 180,
        "Operating Income": 54,
        "EBIT": NaN,
        "Net Income": 40
    },
    "2013-06-30": {
        "Diluted EPS": 0.21,
        "Total Revenue": 205,
        "Gross Profit": 184,
        "Operating Income": 54,
        "EBIT": NaN,
        "Net Income": 41
    },
    "2013-03-31": {
        "Diluted EPS": 0.2,
        "Total Revenue": 199,
        "Gross Profit": 177,
        "Operating Income": 51,
        "EBIT": NaN,
        "Net Income": 39
    },
    "2012-12-31": {
        "Diluted EPS": 0.2,
        "Total Revenue": 215,
        "Gross Profit": 192,
        "Operating Income": 58,
        "EBIT": NaN,
        "Net Income": 40
    },
    "2012-09-30": {
        "Diluted EPS": 0.21,
        "Total Revenue": 213,
        "Gross Profit": 188,
        "Operating Income": 55,
        "EBIT": NaN,
        "Net Income": 42
    },
    "2012-06-30": {
        "Diluted EPS": 0.2,
        "Total Revenue": 217,
        "Gross Profit": 191,
        "Operating Income": 53,
        "EBIT": NaN,
        "Net Income": 40
    },
    "2012-03-31": {
        "Diluted EPS": 0.19,
        "Total Revenue": 219,
        "Gross Profit": 190,
        "Operating Income": 52,
        "EBIT": NaN,
        "Net Income": 38
    },
    "2011-12-31": {
        "Diluted EPS": 0.18,
        "Total Revenue": 217,
        "Gross Profit": 187,
        "Operating Income": 48,
        "EBIT": NaN,
        "Net Income": 36
    },
    "2011-09-30": {
        "Diluted EPS": 0.2,
        "Total Revenue": 222,
        "Gross Profit": 190,
        "Operating Income": 53,
        "EBIT": NaN,
        "Net Income": 39
    },
    "2011-06-30": {
        "Diluted EPS": 0.18,
        "Total Revenue": 221,
        "Gross Profit": 186,
        "Operating Income": 50,
        "EBIT": NaN,
        "Net Income": 36
    },
    "2011-03-31": {
        "Diluted EPS": 0.17,
        "Total Revenue": 221,
        "Gross Profit": 185,
        "Operating Income": 46,
        "EBIT": NaN,
        "Net Income": 34
    },
    "2010-12-31": {
        "Diluted EPS": 0.16,
        "Total Revenue": 228,
        "Gross Profit": 187,
        "Operating Income": 43,
        "EBIT": NaN,
        "Net Income": 31
    },
    "2010-09-30": {
        "Diluted EPS": 0.16,
        "Total Revenue": 238,
        "Gross Profit": 193,
        "Operating Income": 50,
        "EBIT": NaN,
        "Net Income": 32
    },
    "2010-06-30": {
        "Diluted EPS": 0.14,
        "Total Revenue": 233,
        "Gross Profit": 184,
        "Operating Income": 43,
        "EBIT": NaN,
        "Net Income": 27
    },
    "2010-03-31": {
        "Diluted EPS": 0.13,
        "Total Revenue": 229,
        "Gross Profit": 177,
        "Operating Income": 37,
        "EBIT": NaN,
        "Net Income": 22
    },
    "2009-12-31": {
        "Diluted EPS": 0.11,
        "Total Revenue": 235,
        "Gross Profit": 177,
        "Operating Income": 30,
        "EBIT": NaN,
        "Net Income": 19
    },
    "2009-09-30": {
        "Diluted EPS": 0.1,
        "Total Revenue": 239,
        "Gross Profit": 174,
        "Operating Income": 29,
        "EBIT": NaN,
        "Net Income": 18
    },
    "2009-06-30": {
        "Diluted EPS": 0.05,
        "Total Revenue": 243,
        "Gross Profit": 173,
        "Operating Income": 16,
        "EBIT": NaN,
        "Net Income": 8
    },
    "2009-03-31": {
        "Diluted EPS": 0.05,
        "Total Revenue": 242,
        "Gross Profit": 171,
        "Operating Income": 15,
        "EBIT": NaN,
        "Net Income": 8
    },
    "2023-09-30": {
        "Tax Effect Of Unusual Items": 0.0,
        "Tax Rate For Calcs": 0.188517,
        "Total Unusual Items": 0.0,
        "Total Unusual Items Excluding Goodwill": 0.0,
        "Net Income From Continuing Operation Net Minority Interest": 72097000.0,
        "Reconciled Depreciation": 8138000.0,
        "Net Interest Income": 213842000.0,
        "Interest Expense": 116529000.0,
        "Interest Income": 330371000.0,
        "Normalized Income": 72097000.0,
        "Net Income From Continuing And Discontinued Operation": 72097000.0,
        "Diluted Average Shares": NaN,
        "Basic Average Shares": NaN,
        "Diluted EPS": NaN,
        "Basic EPS": NaN,
        "Diluted NI Availto Com Stockholders": 69535000.0,
        "Net Income Common Stockholders": 69535000.0,
        "Preferred Stock Dividends": 2562000.0,
        "Net Income": 72097000.0,
        "Net Income Including Noncontrolling Interests": 72097000.0,
        "Net Income Continuous Operations": 72097000.0,
        "Tax Provision": 16749000.0,
        "Pretax Income": 88846000.0,
        "Special Income Charges": 0.0,
        "Other Special Charges": NaN,
        "Restructuring And Mergern Acquisition": 0.0,
        "Gain On Sale Of Security": 0.0,
        "Depreciation Amortization Depletion Income Statement": 601000.0,
        "Depreciation And Amortization In Income Statement": 601000.0,
        "Amortization": 601000.0,
        "Amortization Of Intangibles Income Statement": 601000.0,
        "Selling General And Administration": 103408000.0,
        "Selling And Marketing Expense": 1913000.0,
        "General And Administrative Expense": 101495000.0,
        "Insurance And Claims": 4738000.0,
        "Salaries And Wages": 96757000.0,
        "Total Revenue": 269803000.0,
        "Operating Revenue": 269803000.0,
        "Occupancy And Equipment": 18036000.0,
        "Professional Expense And Contract Services Expense": 1869000.0,
        "Other Non Interest Expense": 47106000.0
    },
    "2023-12-31": {
        "Tax Effect Of Unusual Items": -1855782.619964,
        "Tax Rate For Calcs": 0.206865,
        "Total Unusual Items": -8971000.0,
        "Total Unusual Items Excluding Goodwill": -8971000.0,
        "Net Income From Continuing Operation Net Minority Interest": 64263000.0,
        "Reconciled Depreciation": 8440000.0,
        "Net Interest Income": 212005000.0,
        "Interest Expense": 126128000.0,
        "Interest Income": 338133000.0,
        "Normalized Income": 71378217.380036,
        "Net Income From Continuing And Discontinued Operation": 64263000.0,
        "Diluted Average Shares": 165650000.0,
        "Basic Average Shares": 163975000.0,
        "Diluted EPS": 0.37,
        "Basic EPS": 0.38,
        "Diluted NI Availto Com Stockholders": 61701000.0,
        "Net Income Common Stockholders": 61701000.0,
        "Preferred Stock Dividends": 2562000.0,
        "Net Income": 64263000.0,
        "Net Income Including Noncontrolling Interests": 64263000.0,
        "Net Income Continuous Operations": 64263000.0,
        "Tax Provision": 16761000.0,
        "Pretax Income": 81024000.0,
        "Special Income Charges": -8971000.0,
        "Other Special Charges": NaN,
        "Restructuring And Mergern Acquisition": 3197000.0,
        "Gain On Sale Of Security": -752000.0,
        "Depreciation Amortization Depletion Income Statement": 597000.0,
        "Depreciation And Amortization In Income Statement": 597000.0,
        "Amortization": 597000.0,
        "Amortization Of Intangibles Income Statement": 597000.0,
        "Selling General And Administration": 105469000.0,
        "Selling And Marketing Expense": 3550000.0,
        "General And Administrative Expense": 101919000.0,
        "Insurance And Claims": 4644000.0,
        "Salaries And Wages": 97275000.0,
        "Total Revenue": 271383000.0,
        "Operating Revenue": 271383000.0,
        "Occupancy And Equipment": 18641000.0,
        "Professional Expense And Contract Services Expense": 2302000.0,
        "Other Non Interest Expense": 44571000.0
    },
    "2024-03-31": {
        "Tax Effect Of Unusual Items": NaN,
        "Tax Rate For Calcs": NaN,
        "Total Unusual Items": NaN,
        "Total Unusual Items Excluding Goodwill": NaN,
        "Net Income From Continuing Operation Net Minority Interest": NaN,
        "Reconciled Depreciation": NaN,
        "Net Interest Income": NaN,
        "Interest Expense": NaN,
        "Interest Income": NaN,
        "Normalized Income": NaN,
        "Net Income From Continuing And Discontinued Operation": NaN,
        "Diluted Average Shares": NaN,
        "Basic Average Shares": NaN,
        "Diluted EPS": NaN,
        "Basic EPS": NaN,
        "Diluted NI Availto Com Stockholders": NaN,
        "Net Income Common Stockholders": NaN,
        "Preferred Stock Dividends": NaN,
        "Net Income": NaN,
        "Net Income Including Noncontrolling Interests": NaN,
        "Net Income Continuous Operations": NaN,
        "Tax Provision": NaN,
        "Pretax Income": NaN,
        "Special Income Charges": NaN,
        "Other Special Charges": 956000.0,
        "Restructuring And Mergern Acquisition": NaN,
        "Gain On Sale Of Security": NaN,
        "Depreciation Amortization Depletion Income Statement": NaN,
        "Depreciation And Amortization In Income Statement": NaN,
        "Amortization": NaN,
        "Amortization Of Intangibles Income Statement": NaN,
        "Selling General And Administration": NaN,
        "Selling And Marketing Expense": NaN,
        "General And Administrative Expense": NaN,
        "Insurance And Claims": NaN,
        "Salaries And Wages": NaN,
        "Total Revenue": NaN,
        "Operating Revenue": NaN,
        "Occupancy And Equipment": NaN,
        "Professional Expense And Contract Services Expense": NaN,
        "Other Non Interest Expense": NaN
    },
    "2024-06-30": {
        "Tax Effect Of Unusual Items": 1913358.146748,
        "Tax Rate For Calcs": 0.079432,
        "Total Unusual Items": 24088000.0,
        "Total Unusual Items Excluding Goodwill": 24088000.0,
        "Net Income From Continuing Operation Net Minority Interest": 94975000.0,
        "Reconciled Depreciation": 12565000.0,
        "Net Interest Income": 241720000.0,
        "Interest Expense": 158786000.0,
        "Interest Income": 400506000.0,
        "Normalized Income": 72800358.146748,
        "Net Income From Continuing And Discontinued Operation": 94975000.0,
        "Diluted Average Shares": 176934000.0,
        "Basic Average Shares": 175305000.0,
        "Diluted EPS": 0.52,
        "Basic EPS": 0.53,
        "Diluted NI Availto Com Stockholders": 92413000.0,
        "Net Income Common Stockholders": 92413000.0,
        "Preferred Stock Dividends": 2562000.0,
        "Net Income": 94975000.0,
        "Net Income Including Noncontrolling Interests": 94975000.0,
        "Net Income Continuous Operations": 94975000.0,
        "Tax Provision": 8195000.0,
        "Pretax Income": 103170000.0,
        "Special Income Charges": 24088000.0,
        "Other Special Charges": -20266000.0,
        "Restructuring And Mergern Acquisition": -3822000.0,
        "Gain On Sale Of Security": -20282000.0,
        "Depreciation Amortization Depletion Income Statement": 4688000.0,
        "Depreciation And Amortization In Income Statement": 4688000.0,
        "Amortization": 4688000.0,
        "Amortization Of Intangibles Income Statement": 4688000.0,
        "Selling General And Administration": 119427000.0,
        "Selling And Marketing Expense": 2101000.0,
        "General And Administrative Expense": 117326000.0,
        "Insurance And Claims": 6696000.0,
        "Salaries And Wages": 110630000.0,
        "Total Revenue": 267056000.0,
        "Operating Revenue": 267056000.0,
        "Occupancy And Equipment": 22354000.0,
        "Professional Expense And Contract Services Expense": 2571000.0,
        "Other Non Interest Expense": 30322000.0
    },
    "2024-09-30": {
        "Tax Effect Of Unusual Items": -6304185.0,
        "Tax Rate For Calcs": 0.207,
        "Total Unusual Items": -30455000.0,
        "Total Unusual Items Excluding Goodwill": -30455000.0,
        "Net Income From Continuing Operation Net Minority Interest": 63206000.0,
        "Reconciled Depreciation": 13403000.0,
        "Net Interest Income": 258009000.0,
        "Interest Expense": 169647000.0,
        "Interest Income": 427656000.0,
        "Normalized Income": 87356815.0,
        "Net Income From Continuing And Discontinued Operation": 63206000.0,
        "Diluted Average Shares": 183609000.0,
        "Basic Average Shares": 181905000.0,
        "Diluted EPS": 0.33,
        "Basic EPS": 0.33,
        "Diluted NI Availto Com Stockholders": 60644000.0,
        "Net Income Common Stockholders": 60644000.0,
        "Preferred Stock Dividends": 2562000.0,
        "Net Income": 63206000.0,
        "Net Income Including Noncontrolling Interests": 63206000.0,
        "Net Income Continuous Operations": 63206000.0,
        "Tax Provision": 16458000.0,
        "Pretax Income": 79664000.0,
        "Special Income Charges": -30455000.0,
        "Other Special Charges": -16000.0,
        "Restructuring And Mergern Acquisition": 30471000.0,
        "Gain On Sale Of Security": -1000.0,
        "Depreciation Amortization Depletion Income Statement": 6287000.0,
        "Depreciation And Amortization In Income Statement": 6287000.0,
        "Amortization": 6287000.0,
        "Amortization Of Intangibles Income Statement": 6287000.0,
        "Selling General And Administration": 126200000.0,
        "Selling And Marketing Expense": 2251000.0,
        "General And Administrative Expense": 123949000.0,
        "Insurance And Claims": 5125000.0,
        "Salaries And Wages": 118824000.0,
        "Total Revenue": 324573000.0,
        "Operating Revenue": 324573000.0,
        "Occupancy And Equipment": 23859000.0,
        "Professional Expense And Contract Services Expense": 2811000.0,
        "Other Non Interest Expense": 43368000.0
    },
    "2024-12-31": {
        "Tax Effect Of Unusual Items": -4839547.209629,
        "Tax Rate For Calcs": 0.20433,
        "Total Unusual Items": -23685000.0,
        "Total Unusual Items Excluding Goodwill": -23685000.0,
        "Net Income From Continuing Operation Net Minority Interest": 68621000.0,
        "Reconciled Depreciation": 22657000.0,
        "Net Interest Income": 253659000.0,
        "Interest Expense": 160709000.0,
        "Interest Income": 414368000.0,
        "Normalized Income": 87466452.790371,
        "Net Income From Continuing And Discontinued Operation": 68621000.0,
        "Diluted Average Shares": 183867000.0,
        "Basic Average Shares": 182032000.0,
        "Diluted EPS": 0.36,
        "Basic EPS": 0.36,
        "Diluted NI Availto Com Stockholders": 66059000.0,
        "Net Income Common Stockholders": 66059000.0,
        "Preferred Stock Dividends": 2562000.0,
        "Net Income": 68621000.0,
        "Net Income Including Noncontrolling Interests": 68621000.0,
        "Net Income Continuous Operations": 68621000.0,
        "Tax Provision": 17622000.0,
        "Pretax Income": 86243000.0,
        "Special Income Charges": -23685000.0,
        "Other Special Charges": 0.0,
        "Restructuring And Mergern Acquisition": 23685000.0,
        "Gain On Sale Of Security": 0.0,
        "Depreciation Amortization Depletion Income Statement": 6282000.0,
        "Depreciation And Amortization In Income Statement": 6282000.0,
        "Amortization": 6282000.0,
        "Amortization Of Intangibles Income Statement": 6282000.0,
        "Selling General And Administration": 116501000.0,
        "Selling And Marketing Expense": 2695000.0,
        "General And Administrative Expense": 113806000.0,
        "Insurance And Claims": 5920000.0,
        "Salaries And Wages": 107886000.0,
        "Total Revenue": 323659000.0,
        "Operating Revenue": 323659000.0,
        "Occupancy And Equipment": 20806000.0,
        "Professional Expense And Contract Services Expense": 3387000.0,
        "Other Non Interest Expense": 50029000.0
    },
    "2025-03-31": {
        "Tax Effect Of Unusual Items": -63936.0,
        "Tax Rate For Calcs": 0.192,
        "Total Unusual Items": -333000.0,
        "Total Unusual Items Excluding Goodwill": -333000.0,
        "Net Income From Continuing Operation Net Minority Interest": 92987000.0,
        "Reconciled Depreciation": 13491000.0,
        "Net Interest Income": 251187000.0,
        "Interest Expense": 148505000.0,
        "Interest Income": 399692000.0,
        "Normalized Income": 93256064.0,
        "Net Income From Continuing And Discontinued Operation": 92987000.0,
        "Diluted Average Shares": 184077000.0,
        "Basic Average Shares": 182179000.0,
        "Diluted EPS": 0.49,
        "Basic EPS": 0.5,
        "Diluted NI Availto Com Stockholders": 90425000.0,
        "Net Income Common Stockholders": 90425000.0,
        "Preferred Stock Dividends": 2562000.0,
        "Net Income": 92987000.0,
        "Net Income Including Noncontrolling Interests": 92987000.0,
        "Net Income Continuous Operations": 92987000.0,
        "Tax Provision": 22074000.0,
        "Pretax Income": 115061000.0,
        "Special Income Charges": -333000.0,
        "Other Special Charges": NaN,
        "Restructuring And Mergern Acquisition": 333000.0,
        "Gain On Sale Of Security": -2000.0,
        "Depreciation Amortization Depletion Income Statement": 6269000.0,
        "Depreciation And Amortization In Income Statement": 6269000.0,
        "Amortization": 6269000.0,
        "Amortization Of Intangibles Income Statement": 6269000.0,
        "Selling General And Administration": 111644000.0,
        "Selling And Marketing Expense": 2521000.0,
        "General And Administrative Expense": 109123000.0,
        "Insurance And Claims": 5597000.0,
        "Salaries And Wages": 103526000.0,
        "Total Revenue": 318372000.0,
        "Operating Revenue": 318372000.0,
        "Occupancy And Equipment": 22357000.0,
        "Professional Expense And Contract Services Expense": -1078000.0,
        "Other Non Interest Expense": 49888000.0
    },
    "2025-06-30": {
        "Tax Effect Of Unusual Items": 51628.686272,
        "Tax Rate For Calcs": 0.191217,
        "Total Unusual Items": 270000.0,
        "Total Unusual Items Excluding Goodwill": 270000.0,
        "Net Income From Continuing Operation Net Minority Interest": 99198000.0,
        "Reconciled Depreciation": 12524000.0,
        "Net Interest Income": 254921000.0,
        "Interest Expense": 147840000.0,
        "Interest Income": 402761000.0,
        "Normalized Income": 98979628.686272,
        "Net Income From Continuing And Discontinued Operation": 99198000.0,
        "Diluted Average Shares": 183813000.0,
        "Basic Average Shares": 182261000.0,
        "Diluted EPS": 0.53,
        "Basic EPS": 0.53,
        "Diluted NI Availto Com Stockholders": 96636000.0,
        "Net Income Common Stockholders": 96636000.0,
        "Preferred Stock Dividends": 2562000.0,
        "Net Income": 99198000.0,
        "Net Income Including Noncontrolling Interests": 99198000.0,
        "Net Income Continuous Operations": 99198000.0,
        "Tax Provision": 23453000.0,
        "Pretax Income": 122651000.0,
        "Special Income Charges": 270000.0,
        "Other Special Charges": NaN,
        "Restructuring And Mergern Acquisition": -270000.0,
        "Gain On Sale Of Security": 0.0,
        "Depreciation Amortization Depletion Income Statement": 5460000.0,
        "Depreciation And Amortization In Income Statement": 5460000.0,
        "Amortization": 5460000.0,
        "Amortization Of Intangibles Income Statement": 5460000.0,
        "Selling General And Administration": 114678000.0,
        "Selling And Marketing Expense": 2604000.0,
        "General And Administrative Expense": 112074000.0,
        "Insurance And Claims": 4951000.0,
        "Salaries And Wages": 107123000.0,
        "Total Revenue": 323799000.0,
        "Operating Revenue": 323799000.0,
        "Occupancy And Equipment": 20510000.0,
        "Professional Expense And Contract Services Expense": 2163000.0,
        "Other Non Interest Expense": 50000000.0
    }
}