{
    "2023-06-30": {
        "Tax Effect Of Unusual Items": NaN,
        "Tax Rate For Calcs": NaN,
        "Total Unusual Items": 0.0,
        "Total Unusual Items Excluding Goodwill": 0.0,
        "Net Income From Continuing Operation Net Minority Interest": NaN,
        "Reconciled Depreciation": NaN,
        "Net Interest Income": NaN,
        "Interest Expense": NaN,
        "Interest Income": NaN,
        "Normalized Income": NaN,
        "Net Income From Continuing And Discontinued Operation": NaN,
        "Diluted Average Shares": NaN,
        "Basic Average Shares": NaN,
        "Diluted EPS": NaN,
        "Basic EPS": NaN,
        "Diluted NI Availto Com Stockholders": NaN,
        "Net Income Common Stockholders": NaN,
        "Net Income": NaN,
        "Net Income Including Noncontrolling Interests": NaN,
        "Net Income Continuous Operations": NaN,
        "Tax Provision": NaN,
        "Pretax Income": NaN,
        "Special Income Charges": 0.0,
        "Other Special Charges": 79000.0,
        "Gain On Sale Of Security": 0.0,
        "Selling General And Administration": NaN,
        "Selling And Marketing Expense": NaN,
        "General And Administrative Expense": NaN,
        "Insurance And Claims": NaN,
        "Salaries And Wages": NaN,
        "Total Revenue": NaN,
        "Operating Revenue": NaN,
        "Occupancy And Equipment": NaN,
        "Professional Expense And Contract Services Expense": NaN,
        "Other Non Interest Expense": NaN
    },
    "2023-03-31": {
        "Tax Effect Of Unusual Items": NaN,
        "Tax Rate For Calcs": NaN,
        "Total Unusual Items": 0.0,
        "Total Unusual Items Excluding Goodwill": 0.0,
        "Net Income From Continuing Operation Net Minority Interest": NaN,
        "Reconciled Depreciation": NaN,
        "Net Interest Income": NaN,
        "Interest Expense": NaN,
        "Interest Income": NaN,
        "Normalized Income": NaN,
        "Net Income From Continuing And Discontinued Operation": NaN,
        "Rent Expense Supplemental": 110000.0,
        "Diluted Average Shares": NaN,
        "Basic Average Shares": NaN,
        "Diluted EPS": NaN,
        "Basic EPS": NaN,
        "Diluted NI Availto Com Stockholders": NaN,
        "Net Income Common Stockholders": NaN,
        "Net Income": NaN,
        "Net Income Including Noncontrolling Interests": NaN,
        "Net Income Continuous Operations": NaN,
        "Tax Provision": NaN,
        "Pretax Income": NaN,
        "Special Income Charges": 0.0,
        "Other Special Charges": 64000.0,
        "Gain On Sale Of Security": 0.0,
        "Selling General And Administration": NaN,
        "Selling And Marketing Expense": NaN,
        "General And Administrative Expense": NaN,
        "Insurance And Claims": NaN,
        "Rent And Landing Fees": 110000.0,
        "Salaries And Wages": NaN,
        "Total Revenue": NaN,
        "Operating Revenue": NaN,
        "Occupancy And Equipment": NaN,
        "Professional Expense And Contract Services Expense": NaN,
        "Other Non Interest Expense": NaN
    },
    "2022-12-31": {
        "Tax Effect Of Unusual Items": NaN,
        "Tax Rate For Calcs": NaN,
        "Total Unusual Items": -216000.0,
        "Total Unusual Items Excluding Goodwill": -216000.0,
        "Net Income From Continuing Operation Net Minority Interest": NaN,
        "Reconciled Depreciation": NaN,
        "Net Interest Income": NaN,
        "Interest Expense": NaN,
        "Interest Income": NaN,
        "Normalized Income": NaN,
        "Net Income From Continuing And Discontinued Operation": NaN,
        "Rent Expense Supplemental": 117000.0,
        "Diluted Average Shares": NaN,
        "Basic Average Shares": NaN,
        "Diluted EPS": NaN,
        "Basic EPS": NaN,
        "Diluted NI Availto Com Stockholders": NaN,
        "Net Income Common Stockholders": NaN,
        "Net Income": NaN,
        "Net Income Including Noncontrolling Interests": NaN,
        "Net Income Continuous Operations": NaN,
        "Tax Provision": NaN,
        "Pretax Income": NaN,
        "Special Income Charges": -1000.0,
        "Other Special Charges": 1000.0,
        "Gain On Sale Of Security": 43000.0,
        "Selling General And Administration": NaN,
        "Selling And Marketing Expense": NaN,
        "General And Administrative Expense": NaN,
        "Insurance And Claims": NaN,
        "Rent And Landing Fees": 117000.0,
        "Salaries And Wages": NaN,
        "Total Revenue": NaN,
        "Operating Revenue": NaN,
        "Occupancy And Equipment": NaN,
        "Professional Expense And Contract Services Expense": NaN,
        "Other Non Interest Expense": NaN
    },
    "2022-09-30": {
        "Tax Effect Of Unusual Items": NaN,
        "Tax Rate For Calcs": NaN,
        "Total Unusual Items": NaN,
        "Total Unusual Items Excluding Goodwill": NaN,
        "Net Income From Continuing Operation Net Minority Interest": NaN,
        "Reconciled Depreciation": NaN,
        "Net Interest Income": NaN,
        "Interest Expense": NaN,
        "Interest Income": NaN,
        "Normalized Income": NaN,
        "Net Income From Continuing And Discontinued Operation": NaN,
        "Rent Expense Supplemental": 112000.0,
        "Diluted Average Shares": NaN,
        "Basic Average Shares": NaN,
        "Diluted EPS": NaN,
        "Basic EPS": NaN,
        "Diluted NI Availto Com Stockholders": NaN,
        "Net Income Common Stockholders": NaN,
        "Net Income": NaN,
        "Net Income Including Noncontrolling Interests": NaN,
        "Net Income Continuous Operations": NaN,
        "Tax Provision": NaN,
        "Pretax Income": NaN,
        "Special Income Charges": NaN,
        "Other Special Charges": 121000.0,
        "Gain On Sale Of Security": NaN,
        "Selling General And Administration": NaN,
        "Selling And Marketing Expense": NaN,
        "General And Administrative Expense": NaN,
        "Insurance And Claims": NaN,
        "Rent And Landing Fees": 112000.0,
        "Salaries And Wages": NaN,
        "Total Revenue": NaN,
        "Operating Revenue": NaN
    },
    "2022-06-30": {
        "Tax Effect Of Unusual Items": -8616.591928,
        "Tax Rate For Calcs": 0.23935,
        "Total Unusual Items": -36000.0,
        "Total Unusual Items Excluding Goodwill": -36000.0,
        "Net Income From Continuing Operation Net Minority Interest": 5428000.0,
        "Reconciled Depreciation": 964000.0,
        "Net Interest Income": 13971000.0,
        "Interest Expense": 760000.0,
        "Interest Income": 14731000.0,
        "Normalized Income": 5455383.408072,
        "Net Income From Continuing And Discontinued Operation": 5428000.0,
        "Rent Expense Supplemental": 139000.0,
        "Diluted Average Shares": 6661000.0,
        "Basic Average Shares": 6650000.0,
        "Diluted EPS": 0.82,
        "Basic EPS": 0.82,
        "Diluted NI Availto Com Stockholders": 5428000.0,
        "Net Income Common Stockholders": 5428000.0,
        "Net Income": 5428000.0,
        "Net Income Including Noncontrolling Interests": 5428000.0,
        "Net Income Continuous Operations": 5428000.0,
        "Tax Provision": 1708000.0,
        "Pretax Income": 7136000.0,
        "Special Income Charges": -36000.0,
        "Other Special Charges": 36000.0,
        "Gain On Sale Of Security": 0.0,
        "Selling General And Administration": 6238000.0,
        "Selling And Marketing Expense": 151000.0,
        "General And Administrative Expense": 6087000.0,
        "Other Gand A": 928000.0,
        "Insurance And Claims": 155000.0,
        "Rent And Landing Fees": 139000.0,
        "Salaries And Wages": 5793000.0,
        "Total Revenue": 18391000.0,
        "Operating Revenue": 18391000.0
    },
    "2022-03-31": {
        "Diluted EPS": 0.86,
        "Total Revenue": 19,
        "Gross Profit": 18,
        "Operating Income": 8,
        "EBIT": NaN,
        "Net Income": 6
    },
    "2021-12-31": {
        "Diluted EPS": 1.14,
        "Total Revenue": 21,
        "Gross Profit": 20,
        "Operating Income": 10,
        "EBIT": NaN,
        "Net Income": 8
    },
    "2021-09-30": {
        "Diluted EPS": 0.66,
        "Total Revenue": 20,
        "Gross Profit": 18,
        "Operating Income": 6,
        "EBIT": NaN,
        "Net Income": 4
    },
    "2021-06-30": {
        "Diluted EPS": 0.66,
        "Total Revenue": 19,
        "Gross Profit": 18,
        "Operating Income": 6,
        "EBIT": NaN,
        "Net Income": 4
    },
    "2021-03-31": {
        "Diluted EPS": 0.49,
        "Total Revenue": 19,
        "Gross Profit": 17,
        "Operating Income": 5,
        "EBIT": NaN,
        "Net Income": 3
    },
    "2020-12-31": {
        "Diluted EPS": 0.65,
        "Total Revenue": 19,
        "Gross Profit": 17,
        "Operating Income": 6,
        "EBIT": NaN,
        "Net Income": 5
    },
    "2020-09-30": {
        "Diluted EPS": 0.7,
        "Total Revenue": 19,
        "Gross Profit": 17,
        "Operating Income": 6,
        "EBIT": NaN,
        "Net Income": 5
    },
    "2020-06-30": {
        "Diluted EPS": 0.37,
        "Total Revenue": 19,
        "Gross Profit": 17,
        "Operating Income": 3,
        "EBIT": NaN,
        "Net Income": 3
    },
    "2020-03-31": {
        "Diluted EPS": 0.25,
        "Total Revenue": 19,
        "Gross Profit": 16,
        "Operating Income": 2,
        "EBIT": NaN,
        "Net Income": 2
    },
    "2019-12-31": {
        "Diluted EPS": 0.41,
        "Total Revenue": 19,
        "Gross Profit": 16,
        "Operating Income": 4,
        "EBIT": NaN,
        "Net Income": 3
    },
    "2019-09-30": {
        "Diluted EPS": 0.63,
        "Total Revenue": 20,
        "Gross Profit": 17,
        "Operating Income": 5,
        "EBIT": NaN,
        "Net Income": 4
    },
    "2019-06-30": {
        "Diluted EPS": 0.37,
        "Total Revenue": 18,
        "Gross Profit": 15,
        "Operating Income": 3,
        "EBIT": NaN,
        "Net Income": 3
    },
    "2019-03-31": {
        "Diluted EPS": 0.44,
        "Total Revenue": 18,
        "Gross Profit": 15,
        "Operating Income": 4,
        "EBIT": NaN,
        "Net Income": 3
    },
    "2018-12-31": {
        "Diluted EPS": 0.34,
        "Total Revenue": 18,
        "Gross Profit": 15,
        "Operating Income": 3,
        "EBIT": NaN,
        "Net Income": 2
    },
    "2018-09-30": {
        "Diluted EPS": 0.39,
        "Total Revenue": 17,
        "Gross Profit": 15,
        "Operating Income": 4,
        "EBIT": NaN,
        "Net Income": 3
    },
    "2018-06-30": {
        "Diluted EPS": 0.43,
        "Total Revenue": 17,
        "Gross Profit": 15,
        "Operating Income": 4,
        "EBIT": NaN,
        "Net Income": 3
    },
    "2018-03-31": {
        "Diluted EPS": 0.35,
        "Total Revenue": 16,
        "Gross Profit": 14,
        "Operating Income": 3,
        "EBIT": NaN,
        "Net Income": 3
    },
    "2017-12-31": {
        "Diluted EPS": -0.19,
        "Total Revenue": 16,
        "Gross Profit": 14,
        "Operating Income": 3,
        "EBIT": NaN,
        "Net Income": -1
    },
    "2017-09-30": {
        "Diluted EPS": 0.25,
        "Total Revenue": 16,
        "Gross Profit": 14,
        "Operating Income": 3,
        "EBIT": NaN,
        "Net Income": 2
    },
    "2017-06-30": {
        "Diluted EPS": 0.3,
        "Total Revenue": 15,
        "Gross Profit": 13,
        "Operating Income": 3,
        "EBIT": NaN,
        "Net Income": 2
    },
    "2017-03-31": {
        "Diluted EPS": 0.22,
        "Total Revenue": 15,
        "Gross Profit": 13,
        "Operating Income": 3,
        "EBIT": NaN,
        "Net Income": 1
    },
    "2016-12-31": {
        "Diluted EPS": 0.16,
        "Total Revenue": 15,
        "Gross Profit": 13,
        "Operating Income": 2,
        "EBIT": NaN,
        "Net Income": 1
    },
    "2016-09-30": {
        "Diluted EPS": 0.29,
        "Total Revenue": 15,
        "Gross Profit": 13,
        "Operating Income": 3,
        "EBIT": NaN,
        "Net Income": 2
    },
    "2016-06-30": {
        "Diluted EPS": 0.2,
        "Total Revenue": 15,
        "Gross Profit": 13,
        "Operating Income": 2,
        "EBIT": NaN,
        "Net Income": 1
    },
    "2016-03-31": {
        "Diluted EPS": 0.19,
        "Total Revenue": 15,
        "Gross Profit": 13,
        "Operating Income": 3,
        "EBIT": NaN,
        "Net Income": 1
    },
    "2015-12-31": {
        "Diluted EPS": 1.26,
        "Total Revenue": 27,
        "Gross Profit": 25,
        "Operating Income": 14,
        "EBIT": NaN,
        "Net Income": 8
    },
    "2015-09-30": {
        "Diluted EPS": 0.2,
        "Total Revenue": 15,
        "Gross Profit": 13,
        "Operating Income": 3,
        "EBIT": NaN,
        "Net Income": 1
    },
    "2015-06-30": {
        "Diluted EPS": 0.08,
        "Total Revenue": 15,
        "Gross Profit": 12,
        "Operating Income": 1,
        "EBIT": NaN,
        "Net Income": 1
    },
    "2015-03-31": {
        "Diluted EPS": 0.11,
        "Total Revenue": 14,
        "Gross Profit": 12,
        "Operating Income": 2,
        "EBIT": NaN,
        "Net Income": 1
    },
    "2014-12-31": {
        "Diluted EPS": 0.16,
        "Total Revenue": 15,
        "Gross Profit": 12,
        "Operating Income": 2,
        "EBIT": NaN,
        "Net Income": 1
    },
    "2014-09-30": {
        "Diluted EPS": 0.1,
        "Total Revenue": 15,
        "Gross Profit": 12,
        "Operating Income": 2,
        "EBIT": NaN,
        "Net Income": 1
    },
    "2014-06-30": {
        "Diluted EPS": 0.07,
        "Total Revenue": 16,
        "Gross Profit": 13,
        "Operating Income": 2,
        "EBIT": NaN,
        "Net Income": 0
    },
    "2014-03-31": {
        "Diluted EPS": 0.15,
        "Total Revenue": 15,
        "Gross Profit": 12,
        "Operating Income": 2,
        "EBIT": NaN,
        "Net Income": 1
    },
    "2013-12-31": {
        "Diluted EPS": 0.07,
        "Total Revenue": 15,
        "Gross Profit": 12,
        "Operating Income": 1,
        "EBIT": NaN,
        "Net Income": 0
    },
    "2013-09-30": {
        "Diluted EPS": 0.22,
        "Total Revenue": 17,
        "Gross Profit": 14,
        "Operating Income": 3,
        "EBIT": NaN,
        "Net Income": 1
    },
    "2013-06-30": {
        "Diluted EPS": 0.23,
        "Total Revenue": 15,
        "Gross Profit": 12,
        "Operating Income": 2,
        "EBIT": NaN,
        "Net Income": 1
    },
    "2013-03-31": {
        "Diluted EPS": 0.24,
        "Total Revenue": 16,
        "Gross Profit": 13,
        "Operating Income": 2,
        "EBIT": NaN,
        "Net Income": 1
    },
    "2012-12-31": {
        "Diluted EPS": 0.38,
        "Total Revenue": 17,
        "Gross Profit": 14,
        "Operating Income": 4,
        "EBIT": NaN,
        "Net Income": 2
    },
    "2012-09-30": {
        "Diluted EPS": 0.4,
        "Total Revenue": 16,
        "Gross Profit": 13,
        "Operating Income": 3,
        "EBIT": NaN,
        "Net Income": 2
    },
    "2012-06-30": {
        "Diluted EPS": 0.2,
        "Total Revenue": 17,
        "Gross Profit": 13,
        "Operating Income": 2,
        "EBIT": NaN,
        "Net Income": 1
    },
    "2012-03-31": {
        "Diluted EPS": -0.5,
        "Total Revenue": 19,
        "Gross Profit": 15,
        "Operating Income": -3,
        "EBIT": NaN,
        "Net Income": -3
    },
    "2011-12-31": {
        "Diluted EPS": 0.07,
        "Total Revenue": 20,
        "Gross Profit": 16,
        "Operating Income": 3,
        "EBIT": NaN,
        "Net Income": 0
    },
    "2011-09-30": {
        "Diluted EPS": 0.05,
        "Total Revenue": 17,
        "Gross Profit": 12,
        "Operating Income": 1,
        "EBIT": NaN,
        "Net Income": 0
    },
    "2011-06-30": {
        "Diluted EPS": 0.12,
        "Total Revenue": 20,
        "Gross Profit": 14,
        "Operating Income": 1,
        "EBIT": NaN,
        "Net Income": 1
    },
    "2011-03-31": {
        "Diluted EPS": 0.09,
        "Total Revenue": 19,
        "Gross Profit": 13,
        "Operating Income": 1,
        "EBIT": NaN,
        "Net Income": 1
    },
    "2010-12-31": {
        "Diluted EPS": -0.79,
        "Total Revenue": 17,
        "Gross Profit": 10,
        "Operating Income": -6,
        "EBIT": NaN,
        "Net Income": -5
    },
    "2010-09-30": {
        "Diluted EPS": -0.01,
        "Total Revenue": 20,
        "Gross Profit": 13,
        "Operating Income": -2,
        "EBIT": NaN,
        "Net Income": 0
    },
    "2010-06-30": {
        "Diluted EPS": -0.21,
        "Total Revenue": 21,
        "Gross Profit": 14,
        "Operating Income": -1,
        "EBIT": NaN,
        "Net Income": -1
    },
    "2010-03-31": {
        "Diluted EPS": -0.9,
        "Total Revenue": 14,
        "Gross Profit": 6,
        "Operating Income": -9,
        "EBIT": NaN,
        "Net Income": -6
    },
    "2009-12-31": {
        "Diluted EPS": -1.58,
        "Total Revenue": 9,
        "Gross Profit": 1,
        "Operating Income": -15,
        "EBIT": NaN,
        "Net Income": -10
    },
    "2009-09-30": {
        "Diluted EPS": -0.97,
        "Total Revenue": 17,
        "Gross Profit": 9,
        "Operating Income": -10,
        "EBIT": NaN,
        "Net Income": -6
    },
    "2009-06-30": {
        "Diluted EPS": 0.12,
        "Total Revenue": 24,
        "Gross Profit": 16,
        "Operating Income": 2,
        "EBIT": NaN,
        "Net Income": 1
    },
    "2009-03-31": {
        "Diluted EPS": 0.35,
        "Total Revenue": 25,
        "Gross Profit": 16,
        "Operating Income": 3,
        "EBIT": NaN,
        "Net Income": 2
    },
    "2023-09-30": {
        "Tax Effect Of Unusual Items": NaN,
        "Tax Rate For Calcs": NaN,
        "Total Unusual Items": 0.0,
        "Total Unusual Items Excluding Goodwill": 0.0,
        "Net Income From Continuing Operation Net Minority Interest": NaN,
        "Reconciled Depreciation": NaN,
        "Net Interest Income": NaN,
        "Interest Expense": NaN,
        "Interest Income": NaN,
        "Normalized Income": NaN,
        "Net Income From Continuing And Discontinued Operation": NaN,
        "Diluted Average Shares": NaN,
        "Basic Average Shares": NaN,
        "Diluted EPS": NaN,
        "Basic EPS": NaN,
        "Diluted NI Availto Com Stockholders": NaN,
        "Net Income Common Stockholders": NaN,
        "Net Income": NaN,
        "Net Income Including Noncontrolling Interests": NaN,
        "Net Income Continuous Operations": NaN,
        "Tax Provision": NaN,
        "Pretax Income": NaN,
        "Special Income Charges": 0.0,
        "Gain On Sale Of Security": -45000.0,
        "Selling General And Administration": NaN,
        "Selling And Marketing Expense": NaN,
        "General And Administrative Expense": NaN,
        "Insurance And Claims": NaN,
        "Salaries And Wages": NaN,
        "Total Revenue": NaN,
        "Operating Revenue": NaN,
        "Occupancy And Equipment": NaN,
        "Professional Expense And Contract Services Expense": NaN,
        "Other Non Interest Expense": NaN
    },
    "2023-12-31": {
        "Tax Effect Of Unusual Items": NaN,
        "Tax Rate For Calcs": NaN,
        "Total Unusual Items": -29000.0,
        "Total Unusual Items Excluding Goodwill": -29000.0,
        "Net Income From Continuing Operation Net Minority Interest": NaN,
        "Reconciled Depreciation": NaN,
        "Net Interest Income": NaN,
        "Interest Expense": NaN,
        "Interest Income": NaN,
        "Normalized Income": NaN,
        "Net Income From Continuing And Discontinued Operation": NaN,
        "Diluted Average Shares": NaN,
        "Basic Average Shares": NaN,
        "Diluted EPS": NaN,
        "Basic EPS": NaN,
        "Diluted NI Availto Com Stockholders": NaN,
        "Net Income Common Stockholders": NaN,
        "Net Income": NaN,
        "Net Income Including Noncontrolling Interests": NaN,
        "Net Income Continuous Operations": NaN,
        "Tax Provision": NaN,
        "Pretax Income": NaN,
        "Special Income Charges": -29000.0,
        "Gain On Sale Of Security": -4214000.0,
        "Selling General And Administration": NaN,
        "Selling And Marketing Expense": NaN,
        "General And Administrative Expense": NaN,
        "Insurance And Claims": NaN,
        "Salaries And Wages": NaN,
        "Total Revenue": NaN,
        "Operating Revenue": NaN,
        "Occupancy And Equipment": NaN,
        "Professional Expense And Contract Services Expense": NaN,
        "Other Non Interest Expense": NaN
    },
    "2024-03-31": {
        "Tax Effect Of Unusual Items": 0.0,
        "Tax Rate For Calcs": 0.239095,
        "Total Unusual Items": NaN,
        "Total Unusual Items Excluding Goodwill": NaN,
        "Net Income From Continuing Operation Net Minority Interest": 3698000.0,
        "Reconciled Depreciation": 1406000.0,
        "Net Interest Income": 13812000.0,
        "Interest Expense": 8086000.0,
        "Interest Income": 21898000.0,
        "Normalized Income": 3698000.0,
        "Net Income From Continuing And Discontinued Operation": 3698000.0,
        "Diluted Average Shares": 6655000.0,
        "Basic Average Shares": 6642000.0,
        "Diluted EPS": 0.56,
        "Basic EPS": 0.56,
        "Diluted NI Availto Com Stockholders": 3698000.0,
        "Net Income Common Stockholders": 3698000.0,
        "Net Income": 3698000.0,
        "Net Income Including Noncontrolling Interests": 3698000.0,
        "Net Income Continuous Operations": 3698000.0,
        "Tax Provision": 1162000.0,
        "Pretax Income": 4860000.0,
        "Special Income Charges": NaN,
        "Gain On Sale Of Security": NaN,
        "Selling General And Administration": 7743000.0,
        "Selling And Marketing Expense": 134000.0,
        "General And Administrative Expense": 7609000.0,
        "Insurance And Claims": 269000.0,
        "Salaries And Wages": 7340000.0,
        "Total Revenue": 18687000.0,
        "Operating Revenue": 18687000.0,
        "Occupancy And Equipment": 1877000.0,
        "Professional Expense And Contract Services Expense": 486000.0,
        "Other Non Interest Expense": 2775000.0
    },
    "2024-06-30": {
        "Tax Effect Of Unusual Items": 0.0,
        "Tax Rate For Calcs": 0.246435,
        "Total Unusual Items": NaN,
        "Total Unusual Items Excluding Goodwill": NaN,
        "Net Income From Continuing Operation Net Minority Interest": 4914000.0,
        "Reconciled Depreciation": 848000.0,
        "Net Interest Income": 15238000.0,
        "Interest Expense": 7875000.0,
        "Interest Income": 23113000.0,
        "Normalized Income": 4914000.0,
        "Net Income From Continuing And Discontinued Operation": 4914000.0,
        "Diluted Average Shares": 6537000.0,
        "Basic Average Shares": 6527000.0,
        "Diluted EPS": 0.75,
        "Basic EPS": 0.75,
        "Diluted NI Availto Com Stockholders": 4914000.0,
        "Net Income Common Stockholders": 4914000.0,
        "Net Income": 4914000.0,
        "Net Income Including Noncontrolling Interests": 4914000.0,
        "Net Income Continuous Operations": 4914000.0,
        "Tax Provision": 1607000.0,
        "Pretax Income": 6521000.0,
        "Special Income Charges": NaN,
        "Gain On Sale Of Security": NaN,
        "Selling General And Administration": 7809000.0,
        "Selling And Marketing Expense": 184000.0,
        "General And Administrative Expense": 7625000.0,
        "Insurance And Claims": 285000.0,
        "Salaries And Wages": 7340000.0,
        "Total Revenue": 20079000.0,
        "Operating Revenue": 20079000.0,
        "Occupancy And Equipment": 1287000.0,
        "Professional Expense And Contract Services Expense": 449000.0,
        "Other Non Interest Expense": 2819000.0
    },
    "2024-09-30": {
        "Tax Effect Of Unusual Items": 0.0,
        "Tax Rate For Calcs": 0.250811,
        "Total Unusual Items": NaN,
        "Total Unusual Items Excluding Goodwill": NaN,
        "Net Income From Continuing Operation Net Minority Interest": 5771000.0,
        "Reconciled Depreciation": 830000.0,
        "Net Interest Income": 15228000.0,
        "Interest Expense": 8029000.0,
        "Interest Income": 23257000.0,
        "Normalized Income": 5771000.0,
        "Net Income From Continuing And Discontinued Operation": 5771000.0,
        "Diluted Average Shares": 6482000.0,
        "Basic Average Shares": 6468000.0,
        "Diluted EPS": 0.89,
        "Basic EPS": 0.89,
        "Diluted NI Availto Com Stockholders": 5771000.0,
        "Net Income Common Stockholders": 5771000.0,
        "Net Income": 5771000.0,
        "Net Income Including Noncontrolling Interests": 5771000.0,
        "Net Income Continuous Operations": 5771000.0,
        "Tax Provision": 1932000.0,
        "Pretax Income": 7703000.0,
        "Special Income Charges": NaN,
        "Gain On Sale Of Security": -14000.0,
        "Selling General And Administration": 7567000.0,
        "Selling And Marketing Expense": 151000.0,
        "General And Administrative Expense": 7416000.0,
        "Insurance And Claims": 256000.0,
        "Salaries And Wages": 7160000.0,
        "Total Revenue": 20267000.0,
        "Operating Revenue": 20267000.0,
        "Occupancy And Equipment": 1336000.0,
        "Professional Expense And Contract Services Expense": 477000.0,
        "Other Non Interest Expense": 2934000.0
    },
    "2024-12-31": {
        "Tax Effect Of Unusual Items": 0.0,
        "Tax Rate For Calcs": 0.240609,
        "Total Unusual Items": NaN,
        "Total Unusual Items Excluding Goodwill": NaN,
        "Net Income From Continuing Operation Net Minority Interest": 6186000.0,
        "Reconciled Depreciation": 710000.0,
        "Net Interest Income": 15700000.0,
        "Interest Expense": 8025000.0,
        "Interest Income": 23725000.0,
        "Normalized Income": 6186000.0,
        "Net Income From Continuing And Discontinued Operation": 6186000.0,
        "Diluted Average Shares": 6484000.0,
        "Basic Average Shares": 6470000.0,
        "Diluted EPS": 0.95,
        "Basic EPS": 0.95,
        "Diluted NI Availto Com Stockholders": 6186000.0,
        "Net Income Common Stockholders": 6186000.0,
        "Net Income": 6186000.0,
        "Net Income Including Noncontrolling Interests": 6186000.0,
        "Net Income Continuous Operations": 6186000.0,
        "Tax Provision": 1960000.0,
        "Pretax Income": 8146000.0,
        "Special Income Charges": NaN,
        "Gain On Sale Of Security": 0.0,
        "Selling General And Administration": 7926000.0,
        "Selling And Marketing Expense": 205000.0,
        "General And Administrative Expense": 7721000.0,
        "Insurance And Claims": 260000.0,
        "Salaries And Wages": 7053000.0,
        "Total Revenue": 20756000.0,
        "Operating Revenue": 20756000.0,
        "Occupancy And Equipment": 1053000.0,
        "Professional Expense And Contract Services Expense": 536000.0,
        "Other Non Interest Expense": 2566000.0
    },
    "2025-03-31": {
        "Tax Effect Of Unusual Items": 0.0,
        "Tax Rate For Calcs": 0.246,
        "Total Unusual Items": NaN,
        "Total Unusual Items Excluding Goodwill": NaN,
        "Net Income From Continuing Operation Net Minority Interest": 5806000.0,
        "Reconciled Depreciation": 811000.0,
        "Net Interest Income": 16016000.0,
        "Interest Expense": 8046000.0,
        "Interest Income": 24062000.0,
        "Normalized Income": 5806000.0,
        "Net Income From Continuing And Discontinued Operation": 5806000.0,
        "Diluted Average Shares": 6490000.0,
        "Basic Average Shares": 6474000.0,
        "Diluted EPS": 0.89,
        "Basic EPS": 0.9,
        "Diluted NI Availto Com Stockholders": 5806000.0,
        "Net Income Common Stockholders": 5806000.0,
        "Net Income": 5806000.0,
        "Net Income Including Noncontrolling Interests": 5806000.0,
        "Net Income Continuous Operations": 5806000.0,
        "Tax Provision": 1892000.0,
        "Pretax Income": 7698000.0,
        "Special Income Charges": NaN,
        "Gain On Sale Of Security": NaN,
        "Selling General And Administration": 7977000.0,
        "Selling And Marketing Expense": 238000.0,
        "General And Administrative Expense": 7739000.0,
        "Insurance And Claims": 245000.0,
        "Salaries And Wages": 7494000.0,
        "Total Revenue": 20930000.0,
        "Operating Revenue": 20930000.0,
        "Occupancy And Equipment": 1267000.0,
        "Professional Expense And Contract Services Expense": 476000.0,
        "Other Non Interest Expense": 2856000.0
    },
    "2025-06-30": {
        "Tax Effect Of Unusual Items": 0.0,
        "Tax Rate For Calcs": 0.248147,
        "Total Unusual Items": NaN,
        "Total Unusual Items Excluding Goodwill": NaN,
        "Net Income From Continuing Operation Net Minority Interest": 5984000.0,
        "Reconciled Depreciation": 810000.0,
        "Net Interest Income": 16707000.0,
        "Interest Expense": 8164000.0,
        "Interest Income": 24871000.0,
        "Normalized Income": 5984000.0,
        "Net Income From Continuing And Discontinued Operation": 5984000.0,
        "Diluted Average Shares": 6506000.0,
        "Basic Average Shares": 6489000.0,
        "Diluted EPS": 0.92,
        "Basic EPS": 0.92,
        "Diluted NI Availto Com Stockholders": 5984000.0,
        "Net Income Common Stockholders": 5984000.0,
        "Net Income": 5984000.0,
        "Net Income Including Noncontrolling Interests": 5984000.0,
        "Net Income Continuous Operations": 5984000.0,
        "Tax Provision": 1975000.0,
        "Pretax Income": 7959000.0,
        "Special Income Charges": NaN,
        "Gain On Sale Of Security": NaN,
        "Selling General And Administration": 7948000.0,
        "Selling And Marketing Expense": 196000.0,
        "General And Administrative Expense": 7752000.0,
        "Insurance And Claims": 267000.0,
        "Salaries And Wages": 7485000.0,
        "Total Revenue": 21793000.0,
        "Operating Revenue": 21793000.0,
        "Occupancy And Equipment": 1240000.0,
        "Professional Expense And Contract Services Expense": 589000.0,
        "Other Non Interest Expense": 3197000.0
    }
}