{
    "2023-03-31": {
        "Tax Effect Of Unusual Items": NaN,
        "Tax Rate For Calcs": NaN,
        "Normalized EBITDA": NaN,
        "Net Income From Continuing Operation Net Minority Interest": NaN,
        "Reconciled Cost Of Revenue": NaN,
        "EBITDA": NaN,
        "EBIT": NaN,
        "Net Interest Income": 1163420000.0,
        "Interest Expense": 130840000.0,
        "Interest Income": 1294260000.0,
        "Normalized Income": NaN,
        "Net Income From Continuing And Discontinued Operation": NaN,
        "Total Expenses": NaN,
        "Total Operating Income As Reported": NaN,
        "Diluted Average Shares": NaN,
        "Basic Average Shares": NaN,
        "Diluted EPS": NaN,
        "Basic EPS": NaN,
        "Diluted NI Availto Com Stockholders": NaN,
        "Net Income Common Stockholders": NaN,
        "Net Income": NaN,
        "Minority Interests": NaN,
        "Net Income Including Noncontrolling Interests": NaN,
        "Net Income Continuous Operations": NaN,
        "Earnings From Equity Interest Net Of Tax": NaN,
        "Tax Provision": NaN,
        "Pretax Income": NaN,
        "Other Income Expense": NaN,
        "Other Non Operating Income Expenses": NaN,
        "Operating Income": NaN,
        "Operating Expense": NaN,
        "Research And Development": NaN,
        "Selling General And Administration": NaN,
        "Selling And Marketing Expense": NaN,
        "General And Administrative Expense": NaN,
        "Other Gand A": NaN,
        "Gross Profit": NaN,
        "Cost Of Revenue": NaN,
        "Total Revenue": NaN,
        "Operating Revenue": NaN,
        "Other Non Interest Expense": 354899000.0
    },
    "2022-12-31": {
        "Tax Effect Of Unusual Items": NaN,
        "Tax Rate For Calcs": NaN,
        "Normalized EBITDA": NaN,
        "Net Income From Continuing Operation Net Minority Interest": NaN,
        "Reconciled Depreciation": 42669000.0,
        "Reconciled Cost Of Revenue": NaN,
        "EBITDA": NaN,
        "EBIT": NaN,
        "Net Interest Income": 955865000.0,
        "Interest Expense": 181978000.0,
        "Interest Income": 1137843000.0,
        "Normalized Income": NaN,
        "Net Income From Continuing And Discontinued Operation": NaN,
        "Total Expenses": NaN,
        "Total Operating Income As Reported": NaN,
        "Diluted Average Shares": NaN,
        "Basic Average Shares": NaN,
        "Diluted EPS": NaN,
        "Basic EPS": NaN,
        "Diluted NI Availto Com Stockholders": NaN,
        "Net Income Common Stockholders": NaN,
        "Net Income": NaN,
        "Minority Interests": NaN,
        "Net Income Including Noncontrolling Interests": NaN,
        "Net Income Continuous Operations": NaN,
        "Earnings From Equity Interest Net Of Tax": NaN,
        "Tax Provision": NaN,
        "Pretax Income": NaN,
        "Other Income Expense": NaN,
        "Other Non Operating Income Expenses": NaN,
        "Operating Income": NaN,
        "Operating Expense": NaN,
        "Research And Development": NaN,
        "Selling General And Administration": NaN,
        "Selling And Marketing Expense": NaN,
        "General And Administrative Expense": NaN,
        "Other Gand A": NaN,
        "Gross Profit": NaN,
        "Cost Of Revenue": NaN,
        "Total Revenue": NaN,
        "Operating Revenue": NaN,
        "Other Non Interest Expense": 334464000.0
    },
    "2022-09-30": {
        "Tax Effect Of Unusual Items": NaN,
        "Tax Rate For Calcs": NaN,
        "Normalized EBITDA": NaN,
        "Net Income From Continuing Operation Net Minority Interest": NaN,
        "Reconciled Depreciation": 31493000.0,
        "Reconciled Cost Of Revenue": NaN,
        "EBITDA": NaN,
        "EBIT": NaN,
        "Net Interest Income": 836125000.0,
        "Interest Expense": 44698000.0,
        "Interest Income": 880823000.0,
        "Normalized Income": NaN,
        "Net Income From Continuing And Discontinued Operation": NaN,
        "Total Expenses": NaN,
        "Diluted Average Shares": NaN,
        "Basic Average Shares": NaN,
        "Diluted EPS": NaN,
        "Basic EPS": NaN,
        "Diluted NI Availto Com Stockholders": NaN,
        "Net Income Common Stockholders": NaN,
        "Net Income": NaN,
        "Minority Interests": NaN,
        "Net Income Including Noncontrolling Interests": NaN,
        "Net Income Continuous Operations": NaN,
        "Earnings From Equity Interest Net Of Tax": NaN,
        "Tax Provision": NaN,
        "Pretax Income": NaN,
        "Other Income Expense": NaN,
        "Other Non Operating Income Expenses": NaN,
        "Operating Income": NaN,
        "Operating Expense": NaN,
        "Research And Development": NaN,
        "Selling General And Administration": NaN,
        "Selling And Marketing Expense": NaN,
        "General And Administrative Expense": NaN,
        "Other Gand A": NaN,
        "Gross Profit": NaN,
        "Cost Of Revenue": NaN,
        "Total Revenue": NaN,
        "Operating Revenue": NaN
    },
    "2022-06-30": {
        "Tax Effect Of Unusual Items": 0.0,
        "Tax Rate For Calcs": 0.097889,
        "Net Income From Continuing Operation Net Minority Interest": 641685000.0,
        "Reconciled Depreciation": NaN,
        "Net Interest Income": 593837000.0,
        "Interest Expense": 26602000.0,
        "Interest Income": 620439000.0,
        "Normalized Income": 641685000.0,
        "Net Income From Continuing And Discontinued Operation": 641685000.0,
        "Diluted Average Shares": 143674868.0,
        "Basic Average Shares": 142427361.0,
        "Diluted EPS": 4.48,
        "Basic EPS": 4.48,
        "Diluted NI Availto Com Stockholders": 641685000.0,
        "Net Income Common Stockholders": 641685000.0,
        "Net Income": 641685000.0,
        "Minority Interests": NaN,
        "Net Income Including Noncontrolling Interests": 641685000.0,
        "Net Income Continuous Operations": 641685000.0,
        "Earnings From Equity Interest Net Of Tax": -9398000.0,
        "Tax Provision": 70650000.0,
        "Pretax Income": 721733000.0,
        "Other Non Operating Income Expenses": -95494000.0,
        "Selling General And Administration": 429880000.0,
        "Selling And Marketing Expense": 219090000.0,
        "General And Administrative Expense": 210790000.0,
        "Other Gand A": 210790000.0,
        "Total Revenue": 1538832000.0,
        "Operating Revenue": 1538832000.0
    },
    "2022-03-31": {
        "Diluted EPS": 0.49,
        "Total Revenue": 210,
        "Gross Profit": 180,
        "Operating Income": 85,
        "EBIT": 85,
        "Net Income": 73
    },
    "2021-12-31": {
        "Diluted EPS": 0.38,
        "Total Revenue": 203,
        "Gross Profit": 176,
        "Operating Income": 71,
        "EBIT": 71,
        "Net Income": 63
    },
    "2021-09-30": {
        "Diluted EPS": 0.5,
        "Total Revenue": 222,
        "Gross Profit": 188,
        "Operating Income": 90,
        "EBIT": 90,
        "Net Income": 79
    },
    "2021-06-30": {
        "Diluted EPS": 0.45,
        "Total Revenue": 203,
        "Gross Profit": 167,
        "Operating Income": 84,
        "EBIT": 84,
        "Net Income": 69
    },
    "2021-03-31": {
        "Diluted EPS": 1.03,
        "Total Revenue": 284,
        "Gross Profit": 227,
        "Operating Income": 164,
        "EBIT": 164,
        "Net Income": 149
    },
    "2020-12-31": {
        "Diluted EPS": 0.49,
        "Total Revenue": 153,
        "Gross Profit": 153,
        "Operating Income": 153,
        "EBIT": 153,
        "Net Income": 69
    },
    "2020-09-30": {
        "Diluted EPS": 0.39,
        "Total Revenue": 122,
        "Gross Profit": 122,
        "Operating Income": 122,
        "EBIT": 122,
        "Net Income": 52
    },
    "2020-06-30": {
        "Diluted EPS": 0.24,
        "Total Revenue": 89,
        "Gross Profit": 89,
        "Operating Income": 89,
        "EBIT": 89,
        "Net Income": 31
    },
    "2020-03-31": {
        "Diluted EPS": 0.16,
        "Total Revenue": 63,
        "Gross Profit": 63,
        "Operating Income": 63,
        "EBIT": 63,
        "Net Income": 20
    },
    "2019-12-31": {
        "Diluted EPS": 0.05,
        "Total Revenue": 40,
        "Gross Profit": 40,
        "Operating Income": 40,
        "EBIT": 40,
        "Net Income": 6
    },
    "2019-09-30": {
        "Diluted EPS": 0.02,
        "Total Revenue": 32,
        "Gross Profit": 32,
        "Operating Income": 32,
        "EBIT": 32,
        "Net Income": 3
    },
    "2019-06-30": {
        "Diluted EPS": 0.06,
        "Total Revenue": 33,
        "Gross Profit": 33,
        "Operating Income": 33,
        "EBIT": 33,
        "Net Income": 7
    },
    "2019-03-31": {
        "Diluted EPS": 0.07,
        "Total Revenue": 30,
        "Gross Profit": 30,
        "Operating Income": 30,
        "EBIT": 30,
        "Net Income": 6
    },
    "2023-06-30": {
        "Tax Effect Of Unusual Items": NaN,
        "Tax Rate For Calcs": NaN,
        "Normalized EBITDA": NaN,
        "Net Income From Continuing Operation Net Minority Interest": NaN,
        "Reconciled Cost Of Revenue": NaN,
        "EBITDA": NaN,
        "EBIT": NaN,
        "Net Interest Income": 1185330000.0,
        "Interest Expense": 220386000.0,
        "Interest Income": 1405716000.0,
        "Normalized Income": NaN,
        "Net Income From Continuing And Discontinued Operation": NaN,
        "Total Expenses": NaN,
        "Total Operating Income As Reported": 1258563000.0,
        "Diluted Average Shares": NaN,
        "Basic Average Shares": NaN,
        "Diluted EPS": NaN,
        "Basic EPS": NaN,
        "Diluted NI Availto Com Stockholders": NaN,
        "Net Income Common Stockholders": NaN,
        "Net Income": NaN,
        "Minority Interests": NaN,
        "Net Income Including Noncontrolling Interests": NaN,
        "Net Income Continuous Operations": NaN,
        "Earnings From Equity Interest Net Of Tax": NaN,
        "Tax Provision": NaN,
        "Pretax Income": NaN,
        "Other Income Expense": NaN,
        "Other Non Operating Income Expenses": NaN,
        "Operating Income": NaN,
        "Operating Expense": NaN,
        "Research And Development": NaN,
        "Selling General And Administration": NaN,
        "Selling And Marketing Expense": NaN,
        "General And Administrative Expense": NaN,
        "Other Gand A": NaN,
        "Gross Profit": NaN,
        "Cost Of Revenue": NaN,
        "Total Revenue": NaN,
        "Operating Revenue": NaN,
        "Other Non Interest Expense": 363348000.0
    },
    "2023-09-30": {
        "Tax Effect Of Unusual Items": NaN,
        "Tax Rate For Calcs": NaN,
        "Normalized EBITDA": NaN,
        "Net Income From Continuing Operation Net Minority Interest": NaN,
        "Reconciled Cost Of Revenue": NaN,
        "EBITDA": NaN,
        "EBIT": NaN,
        "Normalized Income": NaN,
        "Net Income From Continuing And Discontinued Operation": NaN,
        "Total Expenses": NaN,
        "Total Operating Income As Reported": 1320164000.0,
        "Diluted Average Shares": 138917128.0,
        "Basic Average Shares": 136984602.0,
        "Diluted EPS": 7.84,
        "Basic EPS": 8.0,
        "Diluted NI Availto Com Stockholders": NaN,
        "Net Income Common Stockholders": NaN,
        "Net Income": NaN,
        "Minority Interests": NaN,
        "Net Income Including Noncontrolling Interests": NaN,
        "Net Income Continuous Operations": NaN,
        "Earnings From Equity Interest Net Of Tax": NaN,
        "Tax Provision": NaN,
        "Pretax Income": NaN,
        "Other Income Expense": NaN,
        "Other Non Operating Income Expenses": NaN,
        "Operating Income": NaN,
        "Operating Expense": NaN,
        "Research And Development": NaN,
        "Selling General And Administration": NaN,
        "Selling And Marketing Expense": NaN,
        "General And Administrative Expense": NaN,
        "Other Gand A": NaN,
        "Gross Profit": NaN,
        "Cost Of Revenue": NaN,
        "Total Revenue": NaN,
        "Operating Revenue": NaN
    },
    "2023-12-31": {
        "Tax Effect Of Unusual Items": 0.0,
        "Tax Rate For Calcs": 0.124933,
        "Normalized EBITDA": 1023783000.0,
        "Net Income From Continuing Operation Net Minority Interest": 878225000.0,
        "Reconciled Cost Of Revenue": 433489000.0,
        "EBITDA": 1023783000.0,
        "EBIT": 1023783000.0,
        "Normalized Income": 878225000.0,
        "Net Income From Continuing And Discontinued Operation": 878225000.0,
        "Total Expenses": 1349479000.0,
        "Total Operating Income As Reported": NaN,
        "Diluted Average Shares": 139096850.0,
        "Basic Average Shares": 137144396.0,
        "Diluted EPS": 6.32,
        "Basic EPS": 6.4,
        "Diluted NI Availto Com Stockholders": NaN,
        "Net Income Common Stockholders": 878225000.0,
        "Net Income": 878225000.0,
        "Minority Interests": 1839000.0,
        "Net Income Including Noncontrolling Interests": 876386000.0,
        "Net Income Continuous Operations": 876386000.0,
        "Earnings From Equity Interest Net Of Tax": -4836000.0,
        "Tax Provision": 125812000.0,
        "Pretax Income": 1007034000.0,
        "Other Income Expense": -16749000.0,
        "Other Non Operating Income Expenses": -16749000.0,
        "Operating Income": 1023783000.0,
        "Operating Expense": 915990000.0,
        "Research And Development": 363132000.0,
        "Selling General And Administration": 552858000.0,
        "Selling And Marketing Expense": 182461000.0,
        "General And Administrative Expense": 370397000.0,
        "Other Gand A": 370397000.0,
        "Gross Profit": 1939773000.0,
        "Cost Of Revenue": 433489000.0,
        "Total Revenue": 2373262000.0,
        "Operating Revenue": 2718072000.0
    },
    "2024-03-31": {
        "Tax Effect Of Unusual Items": 0.0,
        "Tax Rate For Calcs": 0.15161,
        "Normalized EBITDA": 1192727000.0,
        "Net Income From Continuing Operation Net Minority Interest": 1038138000.0,
        "Reconciled Cost Of Revenue": 470246000.0,
        "EBITDA": 1192727000.0,
        "EBIT": 1192727000.0,
        "Normalized Income": 1038138000.0,
        "Net Income From Continuing And Discontinued Operation": 1038138000.0,
        "Total Expenses": 1399732000.0,
        "Total Operating Income As Reported": 1192727000.0,
        "Diluted Average Shares": 139303678.0,
        "Basic Average Shares": 137866222.0,
        "Diluted EPS": 7.44,
        "Basic EPS": 7.52,
        "Diluted NI Availto Com Stockholders": 1038138000.0,
        "Net Income Common Stockholders": 1038138000.0,
        "Net Income": 1038138000.0,
        "Minority Interests": 3005000.0,
        "Net Income Including Noncontrolling Interests": 1035133000.0,
        "Net Income Continuous Operations": 1035133000.0,
        "Earnings From Equity Interest Net Of Tax": -3694000.0,
        "Tax Provision": 185641000.0,
        "Pretax Income": 1224468000.0,
        "Other Income Expense": 31741000.0,
        "Other Non Operating Income Expenses": 31741000.0,
        "Operating Income": 1192727000.0,
        "Operating Expense": 929486000.0,
        "Research And Development": 335487000.0,
        "Selling General And Administration": 593999000.0,
        "Selling And Marketing Expense": 292664000.0,
        "General And Administrative Expense": 301335000.0,
        "Other Gand A": 301335000.0,
        "Gross Profit": 2122213000.0,
        "Cost Of Revenue": 470246000.0,
        "Total Revenue": 2592459000.0,
        "Operating Revenue": 2436273000.0
    },
    "2024-06-30": {
        "Tax Effect Of Unusual Items": 0.0,
        "Tax Rate For Calcs": 0.150746,
        "Normalized EBITDA": 1480307000.0,
        "Net Income From Continuing Operation Net Minority Interest": 1212190000.0,
        "Reconciled Cost Of Revenue": 574299000.0,
        "EBITDA": 1480307000.0,
        "EBIT": 1480307000.0,
        "Normalized Income": 1212190000.0,
        "Net Income From Continuing And Discontinued Operation": 1212190000.0,
        "Total Expenses": 1648679000.0,
        "Total Operating Income As Reported": 1480307000.0,
        "Diluted Average Shares": 139926133.0,
        "Basic Average Shares": 137936139.0,
        "Diluted EPS": 8.64,
        "Basic EPS": 8.8,
        "Diluted NI Availto Com Stockholders": 1212190000.0,
        "Net Income Common Stockholders": 1212190000.0,
        "Net Income": 1212190000.0,
        "Minority Interests": 2892000.0,
        "Net Income Including Noncontrolling Interests": 1209298000.0,
        "Net Income Continuous Operations": 1209298000.0,
        "Earnings From Equity Interest Net Of Tax": -11667000.0,
        "Tax Provision": 216726000.0,
        "Pretax Income": 1437691000.0,
        "Other Income Expense": -42616000.0,
        "Other Non Operating Income Expenses": -42616000.0,
        "Operating Income": 1480307000.0,
        "Operating Expense": 1074380000.0,
        "Research And Development": 373943000.0,
        "Selling General And Administration": 700437000.0,
        "Selling And Marketing Expense": 338332000.0,
        "General And Administrative Expense": 362105000.0,
        "Other Gand A": 362105000.0,
        "Gross Profit": 2554687000.0,
        "Cost Of Revenue": 574299000.0,
        "Total Revenue": 3128986000.0,
        "Operating Revenue": 2967954000.0
    },
    "2024-09-30": {
        "Tax Effect Of Unusual Items": 0.0,
        "Tax Rate For Calcs": 0.148473,
        "Normalized EBITDA": 1731307000.0,
        "Net Income From Continuing Operation Net Minority Interest": 1321062000.0,
        "Reconciled Cost Of Revenue": 624880000.0,
        "EBITDA": 1731307000.0,
        "EBIT": 1731307000.0,
        "Normalized Income": 1321062000.0,
        "Net Income From Continuing And Discontinued Operation": 1321062000.0,
        "Total Expenses": 1704825000.0,
        "Total Operating Income As Reported": 1731307000.0,
        "Diluted Average Shares": 140255960.0,
        "Basic Average Shares": 138041611.0,
        "Diluted EPS": 9.44,
        "Basic EPS": 9.6,
        "Diluted NI Availto Com Stockholders": 1321062000.0,
        "Net Income Common Stockholders": 1321062000.0,
        "Net Income": 1321062000.0,
        "Minority Interests": 1896000.0,
        "Net Income Including Noncontrolling Interests": 1319166000.0,
        "Net Income Continuous Operations": 1319166000.0,
        "Earnings From Equity Interest Net Of Tax": -43216000.0,
        "Tax Provision": 237546000.0,
        "Pretax Income": 1599928000.0,
        "Other Income Expense": -131379000.0,
        "Other Non Operating Income Expenses": -131379000.0,
        "Operating Income": 1731307000.0,
        "Operating Expense": 1079945000.0,
        "Research And Development": 384728000.0,
        "Selling General And Administration": 695217000.0,
        "Selling And Marketing Expense": 314316000.0,
        "General And Administrative Expense": 380901000.0,
        "Other Gand A": 380901000.0,
        "Gross Profit": 2811252000.0,
        "Cost Of Revenue": 624880000.0,
        "Total Revenue": 3436132000.0,
        "Operating Revenue": 3227671000.0
    },
    "2024-12-31": {
        "Tax Effect Of Unusual Items": 0.0,
        "Tax Rate For Calcs": 0.157673,
        "Normalized EBITDA": 2217363000.0,
        "Net Income From Continuing Operation Net Minority Interest": 1871704000.0,
        "Reconciled Cost Of Revenue": 776046000.0,
        "EBITDA": 2217363000.0,
        "EBIT": 2217363000.0,
        "Normalized Income": 1871704000.0,
        "Net Income From Continuing And Discontinued Operation": 1871704000.0,
        "Total Expenses": 2215185000.0,
        "Total Operating Income As Reported": 2217363000.0,
        "Diluted Average Shares": 140188347.0,
        "Basic Average Shares": 138253207.0,
        "Diluted EPS": 13.36,
        "Basic EPS": 13.52,
        "Diluted NI Availto Com Stockholders": 1871704000.0,
        "Net Income Common Stockholders": 1871704000.0,
        "Net Income": 1871704000.0,
        "Minority Interests": 2245000.0,
        "Net Income Including Noncontrolling Interests": 1869459000.0,
        "Net Income Continuous Operations": 1869459000.0,
        "Earnings From Equity Interest Net Of Tax": -45357000.0,
        "Tax Provision": 358429000.0,
        "Pretax Income": 2273245000.0,
        "Other Income Expense": 55882000.0,
        "Other Non Operating Income Expenses": 55882000.0,
        "Operating Income": 2217363000.0,
        "Operating Expense": 1439139000.0,
        "Research And Development": 399462000.0,
        "Selling General And Administration": 1039677000.0,
        "Selling And Marketing Expense": 464001000.0,
        "General And Administrative Expense": 575676000.0,
        "Other Gand A": 575676000.0,
        "Gross Profit": 3656502000.0,
        "Cost Of Revenue": 776046000.0,
        "Total Revenue": 4432548000.0,
        "Operating Revenue": 4908084000.0
    },
    "2025-03-31": {
        "Tax Effect Of Unusual Items": 0.0,
        "Tax Rate For Calcs": 0.184248,
        "Normalized EBITDA": 2685258000.0,
        "Net Income From Continuing Operation Net Minority Interest": 2145323000.0,
        "Reconciled Cost Of Revenue": 748953000.0,
        "EBITDA": 2685258000.0,
        "EBIT": 2685258000.0,
        "Normalized Income": 2145323000.0,
        "Net Income From Continuing And Discontinued Operation": 2145323000.0,
        "Total Expenses": 2009379000.0,
        "Total Operating Income As Reported": 2685258000.0,
        "Diluted Average Shares": 140794010.0,
        "Basic Average Shares": 139178345.0,
        "Diluted EPS": 15.28,
        "Basic EPS": 15.44,
        "Diluted NI Availto Com Stockholders": 2145323000.0,
        "Net Income Common Stockholders": 2145323000.0,
        "Net Income": 2145323000.0,
        "Minority Interests": 2619000.0,
        "Net Income Including Noncontrolling Interests": 2142704000.0,
        "Net Income Continuous Operations": 2142704000.0,
        "Earnings From Equity Interest Net Of Tax": -30997000.0,
        "Tax Provision": 490959000.0,
        "Pretax Income": 2664660000.0,
        "Other Income Expense": -20598000.0,
        "Other Non Operating Income Expenses": -20598000.0,
        "Operating Income": 2685258000.0,
        "Operating Expense": 1260426000.0,
        "Research And Development": 385979000.0,
        "Selling General And Administration": 874447000.0,
        "Selling And Marketing Expense": 459202000.0,
        "General And Administrative Expense": 415245000.0,
        "Other Gand A": 415245000.0,
        "Gross Profit": 3945684000.0,
        "Cost Of Revenue": 748953000.0,
        "Total Revenue": 4694637000.0,
        "Operating Revenue": 4380689000.0
    }
}