{
    "2023-03-31": {
        "Tax Effect Of Unusual Items": NaN,
        "Tax Rate For Calcs": NaN,
        "Normalized EBITDA": NaN,
        "Total Unusual Items": NaN,
        "Total Unusual Items Excluding Goodwill": NaN,
        "Net Income From Continuing Operation Net Minority Interest": NaN,
        "Reconciled Depreciation": NaN,
        "Reconciled Cost Of Revenue": NaN,
        "EBITDA": NaN,
        "EBIT": NaN,
        "Net Interest Income": NaN,
        "Interest Income": NaN,
        "Normalized Income": NaN,
        "Net Income From Continuing And Discontinued Operation": NaN,
        "Total Expenses": NaN,
        "Total Operating Income As Reported": NaN,
        "Diluted Average Shares": NaN,
        "Basic Average Shares": NaN,
        "Diluted EPS": NaN,
        "Basic EPS": NaN,
        "Diluted NI Availto Com Stockholders": NaN,
        "Net Income Common Stockholders": NaN,
        "Net Income": NaN,
        "Net Income Including Noncontrolling Interests": NaN,
        "Net Income Continuous Operations": NaN,
        "Tax Provision": NaN,
        "Pretax Income": NaN,
        "Special Income Charges": NaN,
        "Impairment Of Capital Assets": NaN,
        "Net Non Operating Interest Income Expense": NaN,
        "Total Other Finance Cost": -3084000.0,
        "Interest Income Non Operating": NaN,
        "Operating Income": NaN,
        "Operating Expense": NaN,
        "Research And Development": NaN,
        "Selling General And Administration": NaN,
        "Selling And Marketing Expense": NaN,
        "General And Administrative Expense": NaN,
        "Other Gand A": NaN,
        "Gross Profit": NaN,
        "Cost Of Revenue": NaN,
        "Total Revenue": NaN,
        "Operating Revenue": NaN
    },
    "2022-12-31": {
        "Tax Effect Of Unusual Items": NaN,
        "Tax Rate For Calcs": NaN,
        "Normalized EBITDA": NaN,
        "Total Unusual Items": 266000.0,
        "Total Unusual Items Excluding Goodwill": 266000.0,
        "Net Income From Continuing Operation Net Minority Interest": NaN,
        "Reconciled Depreciation": NaN,
        "Reconciled Cost Of Revenue": NaN,
        "EBITDA": NaN,
        "EBIT": NaN,
        "Net Interest Income": NaN,
        "Interest Income": NaN,
        "Normalized Income": NaN,
        "Net Income From Continuing And Discontinued Operation": NaN,
        "Total Expenses": NaN,
        "Total Operating Income As Reported": NaN,
        "Diluted Average Shares": NaN,
        "Basic Average Shares": NaN,
        "Diluted EPS": NaN,
        "Basic EPS": NaN,
        "Diluted NI Availto Com Stockholders": NaN,
        "Net Income Common Stockholders": NaN,
        "Net Income": NaN,
        "Net Income Including Noncontrolling Interests": NaN,
        "Net Income Continuous Operations": NaN,
        "Tax Provision": NaN,
        "Pretax Income": NaN,
        "Other Income Expense": 266000.0,
        "Special Income Charges": 0.0,
        "Impairment Of Capital Assets": 0.0,
        "Net Non Operating Interest Income Expense": NaN,
        "Total Other Finance Cost": 2829000.0,
        "Interest Income Non Operating": NaN,
        "Operating Income": NaN,
        "Operating Expense": NaN,
        "Research And Development": NaN,
        "Selling General And Administration": NaN,
        "Selling And Marketing Expense": NaN,
        "General And Administrative Expense": NaN,
        "Other Gand A": NaN,
        "Gross Profit": NaN,
        "Cost Of Revenue": NaN,
        "Total Revenue": NaN,
        "Operating Revenue": NaN
    },
    "2022-09-30": {
        "Tax Effect Of Unusual Items": NaN,
        "Tax Rate For Calcs": NaN,
        "Normalized EBITDA": NaN,
        "Total Unusual Items": 0.0,
        "Total Unusual Items Excluding Goodwill": 0.0,
        "Net Income From Continuing Operation Net Minority Interest": NaN,
        "Reconciled Depreciation": NaN,
        "Reconciled Cost Of Revenue": NaN,
        "EBITDA": NaN,
        "EBIT": NaN,
        "Net Interest Income": NaN,
        "Interest Income": NaN,
        "Normalized Income": NaN,
        "Net Income From Continuing And Discontinued Operation": NaN,
        "Total Expenses": NaN,
        "Total Operating Income As Reported": NaN,
        "Diluted Average Shares": NaN,
        "Basic Average Shares": NaN,
        "Diluted EPS": NaN,
        "Basic EPS": NaN,
        "Diluted NI Availto Com Stockholders": NaN,
        "Net Income Common Stockholders": NaN,
        "Net Income": NaN,
        "Net Income Including Noncontrolling Interests": NaN,
        "Net Income Continuous Operations": NaN,
        "Tax Provision": NaN,
        "Pretax Income": NaN,
        "Other Income Expense": NaN,
        "Special Income Charges": 0.0,
        "Impairment Of Capital Assets": 0.0,
        "Net Non Operating Interest Income Expense": NaN,
        "Total Other Finance Cost": NaN,
        "Interest Income Non Operating": NaN,
        "Operating Income": NaN,
        "Operating Expense": NaN,
        "Research And Development": NaN,
        "Selling General And Administration": NaN,
        "Selling And Marketing Expense": NaN,
        "General And Administrative Expense": NaN,
        "Other Gand A": NaN,
        "Gross Profit": NaN,
        "Cost Of Revenue": NaN,
        "Total Revenue": NaN,
        "Operating Revenue": NaN
    },
    "2022-06-30": {
        "Tax Effect Of Unusual Items": -11051600.0,
        "Tax Rate For Calcs": 0.4,
        "Normalized EBITDA": 15749000.0,
        "Total Unusual Items": -27629000.0,
        "Total Unusual Items Excluding Goodwill": -27629000.0,
        "Net Income From Continuing Operation Net Minority Interest": -41863000.0,
        "Reconciled Depreciation": 3142000.0,
        "Reconciled Cost Of Revenue": 17526000.0,
        "EBITDA": -11880000.0,
        "EBIT": -15022000.0,
        "Net Interest Income": 841000.0,
        "Interest Income": NaN,
        "Normalized Income": -25285600.0,
        "Net Income From Continuing And Discontinued Operation": -41863000.0,
        "Total Expenses": 100032000.0,
        "Total Operating Income As Reported": -42651000.0,
        "Diluted Average Shares": 37027317.0,
        "Basic Average Shares": 37027317.0,
        "Diluted EPS": -1.13,
        "Basic EPS": -1.13,
        "Diluted NI Availto Com Stockholders": -41863000.0,
        "Net Income Common Stockholders": -41863000.0,
        "Net Income": -41863000.0,
        "Net Income Including Noncontrolling Interests": -41863000.0,
        "Net Income Continuous Operations": -41863000.0,
        "Tax Provision": 53000.0,
        "Pretax Income": -41810000.0,
        "Other Income Expense": -27629000.0,
        "Special Income Charges": -27629000.0,
        "Impairment Of Capital Assets": 27629000.0,
        "Net Non Operating Interest Income Expense": 841000.0,
        "Total Other Finance Cost": -841000.0,
        "Interest Income Non Operating": NaN,
        "Operating Income": -15022000.0,
        "Operating Expense": 82506000.0,
        "Research And Development": 24523000.0,
        "Selling General And Administration": 57983000.0,
        "Selling And Marketing Expense": 44325000.0,
        "General And Administrative Expense": 13658000.0,
        "Other Gand A": 13658000.0,
        "Gross Profit": 67484000.0,
        "Cost Of Revenue": 17526000.0,
        "Total Revenue": 85010000.0,
        "Operating Revenue": 85010000.0
    },
    "2022-03-31": {
        "Diluted EPS": -0.46,
        "Total Revenue": 87,
        "Gross Profit": 70,
        "Operating Income": -17,
        "EBIT": -12,
        "Net Income": -17
    },
    "2021-12-31": {
        "Diluted EPS": -0.56,
        "Total Revenue": 80,
        "Gross Profit": 65,
        "Operating Income": -14,
        "EBIT": -4,
        "Net Income": -20
    },
    "2021-09-30": {
        "Diluted EPS": -0.39,
        "Total Revenue": 74,
        "Gross Profit": 62,
        "Operating Income": -9,
        "EBIT": -1,
        "Net Income": -14
    },
    "2021-06-30": {
        "Diluted EPS": -0.37,
        "Total Revenue": 75,
        "Gross Profit": 63,
        "Operating Income": -8,
        "EBIT": 0,
        "Net Income": -13
    },
    "2021-03-31": {
        "Diluted EPS": -0.49,
        "Total Revenue": 68,
        "Gross Profit": 57,
        "Operating Income": -14,
        "EBIT": -6,
        "Net Income": -18
    },
    "2020-12-31": {
        "Diluted EPS": -0.26,
        "Total Revenue": 56,
        "Gross Profit": 46,
        "Operating Income": -4,
        "EBIT": 2,
        "Net Income": -8
    },
    "2020-09-30": {
        "Diluted EPS": -0.01,
        "Total Revenue": 52,
        "Gross Profit": 44,
        "Operating Income": -1,
        "EBIT": 1,
        "Net Income": 0
    },
    "2020-06-30": {
        "Diluted EPS": 0.0,
        "Total Revenue": 47,
        "Gross Profit": 39,
        "Operating Income": -1,
        "EBIT": 0,
        "Net Income": 0
    },
    "2020-03-31": {
        "Diluted EPS": -0.19,
        "Total Revenue": 34,
        "Gross Profit": 27,
        "Operating Income": -6,
        "EBIT": -6,
        "Net Income": -6
    },
    "2019-12-31": {
        "Diluted EPS": 0.73,
        "Total Revenue": 30,
        "Gross Profit": 23,
        "Operating Income": -8,
        "EBIT": -8,
        "Net Income": -7
    },
    "2019-09-30": {
        "Diluted EPS": -0.26,
        "Total Revenue": 28,
        "Gross Profit": 22,
        "Operating Income": -9,
        "EBIT": -8,
        "Net Income": -8
    },
    "2019-06-30": {
        "Diluted EPS": -0.88,
        "Total Revenue": 26,
        "Gross Profit": 21,
        "Operating Income": -9,
        "EBIT": -8,
        "Net Income": -9
    },
    "2019-03-31": {
        "Diluted EPS": -1.26,
        "Total Revenue": 24,
        "Gross Profit": 19,
        "Operating Income": -9,
        "EBIT": -8,
        "Net Income": -9
    },
    "2018-12-31": {
        "Diluted EPS": -0.78,
        "Total Revenue": 21,
        "Gross Profit": 17,
        "Operating Income": -6,
        "EBIT": -5,
        "Net Income": -6
    },
    "2018-09-30": {
        "Diluted EPS": -1.1,
        "Total Revenue": 20,
        "Gross Profit": 16,
        "Operating Income": -7,
        "EBIT": -7,
        "Net Income": -7
    },
    "2018-06-30": {
        "Diluted EPS": -1.03,
        "Total Revenue": 18,
        "Gross Profit": 14,
        "Operating Income": -7,
        "EBIT": -6,
        "Net Income": -7
    },
    "2018-03-31": {
        "Diluted EPS": -2.51,
        "Total Revenue": 17,
        "Gross Profit": 13,
        "Operating Income": -16,
        "EBIT": -16,
        "Net Income": -16
    },
    "2017-12-31": {
        "Diluted EPS": 0.0,
        "Total Revenue": NaN,
        "Gross Profit": NaN,
        "Operating Income": NaN,
        "EBIT": NaN,
        "Net Income": NaN
    },
    "2023-06-30": {
        "Tax Effect Of Unusual Items": NaN,
        "Tax Rate For Calcs": NaN,
        "Normalized EBITDA": NaN,
        "Total Unusual Items": 0.0,
        "Total Unusual Items Excluding Goodwill": 0.0,
        "Net Income From Continuing Operation Net Minority Interest": NaN,
        "Reconciled Depreciation": NaN,
        "Reconciled Cost Of Revenue": NaN,
        "EBITDA": NaN,
        "EBIT": NaN,
        "Net Interest Income": NaN,
        "Interest Income": NaN,
        "Normalized Income": NaN,
        "Net Income From Continuing And Discontinued Operation": NaN,
        "Total Expenses": NaN,
        "Total Operating Income As Reported": NaN,
        "Diluted Average Shares": NaN,
        "Basic Average Shares": NaN,
        "Diluted EPS": NaN,
        "Basic EPS": NaN,
        "Diluted NI Availto Com Stockholders": NaN,
        "Net Income Common Stockholders": NaN,
        "Net Income": NaN,
        "Net Income Including Noncontrolling Interests": NaN,
        "Net Income Continuous Operations": NaN,
        "Tax Provision": NaN,
        "Pretax Income": NaN,
        "Special Income Charges": 0.0,
        "Impairment Of Capital Assets": 0.0,
        "Net Non Operating Interest Income Expense": NaN,
        "Total Other Finance Cost": -4487000.0,
        "Interest Income Non Operating": NaN,
        "Operating Income": NaN,
        "Operating Expense": NaN,
        "Research And Development": NaN,
        "Selling General And Administration": NaN,
        "Selling And Marketing Expense": NaN,
        "General And Administrative Expense": NaN,
        "Other Gand A": NaN,
        "Gross Profit": NaN,
        "Cost Of Revenue": NaN,
        "Total Revenue": NaN,
        "Operating Revenue": NaN
    },
    "2023-09-30": {
        "Tax Effect Of Unusual Items": NaN,
        "Tax Rate For Calcs": NaN,
        "Normalized EBITDA": NaN,
        "Total Unusual Items": 0.0,
        "Total Unusual Items Excluding Goodwill": 0.0,
        "Net Income From Continuing Operation Net Minority Interest": NaN,
        "Reconciled Depreciation": NaN,
        "Reconciled Cost Of Revenue": NaN,
        "EBITDA": NaN,
        "EBIT": NaN,
        "Net Interest Income": NaN,
        "Interest Income": NaN,
        "Normalized Income": NaN,
        "Net Income From Continuing And Discontinued Operation": NaN,
        "Total Expenses": NaN,
        "Total Operating Income As Reported": NaN,
        "Diluted Average Shares": NaN,
        "Basic Average Shares": NaN,
        "Diluted EPS": NaN,
        "Basic EPS": NaN,
        "Diluted NI Availto Com Stockholders": NaN,
        "Net Income Common Stockholders": NaN,
        "Net Income": NaN,
        "Net Income Including Noncontrolling Interests": NaN,
        "Net Income Continuous Operations": NaN,
        "Tax Provision": NaN,
        "Pretax Income": NaN,
        "Special Income Charges": 0.0,
        "Impairment Of Capital Assets": 0.0,
        "Net Non Operating Interest Income Expense": NaN,
        "Total Other Finance Cost": -5678000.0,
        "Interest Income Non Operating": NaN,
        "Operating Income": NaN,
        "Operating Expense": NaN,
        "Research And Development": NaN,
        "Selling General And Administration": NaN,
        "Selling And Marketing Expense": NaN,
        "General And Administrative Expense": NaN,
        "Other Gand A": NaN,
        "Gross Profit": NaN,
        "Cost Of Revenue": NaN,
        "Total Revenue": NaN,
        "Operating Revenue": NaN
    },
    "2023-12-31": {
        "Tax Effect Of Unusual Items": NaN,
        "Tax Rate For Calcs": NaN,
        "Normalized EBITDA": NaN,
        "Total Unusual Items": -264000.0,
        "Total Unusual Items Excluding Goodwill": -264000.0,
        "Net Income From Continuing Operation Net Minority Interest": NaN,
        "Reconciled Depreciation": NaN,
        "Reconciled Cost Of Revenue": NaN,
        "EBITDA": NaN,
        "EBIT": NaN,
        "Net Interest Income": NaN,
        "Interest Income": NaN,
        "Normalized Income": NaN,
        "Net Income From Continuing And Discontinued Operation": NaN,
        "Total Expenses": NaN,
        "Total Operating Income As Reported": NaN,
        "Diluted Average Shares": NaN,
        "Basic Average Shares": NaN,
        "Diluted EPS": NaN,
        "Basic EPS": NaN,
        "Diluted NI Availto Com Stockholders": NaN,
        "Net Income Common Stockholders": NaN,
        "Net Income": NaN,
        "Net Income Including Noncontrolling Interests": NaN,
        "Net Income Continuous Operations": NaN,
        "Tax Provision": NaN,
        "Pretax Income": NaN,
        "Special Income Charges": 0.0,
        "Impairment Of Capital Assets": 0.0,
        "Net Non Operating Interest Income Expense": NaN,
        "Total Other Finance Cost": 13434000.0,
        "Interest Income Non Operating": NaN,
        "Operating Income": NaN,
        "Operating Expense": NaN,
        "Research And Development": NaN,
        "Selling General And Administration": NaN,
        "Selling And Marketing Expense": NaN,
        "General And Administrative Expense": NaN,
        "Other Gand A": NaN,
        "Gross Profit": NaN,
        "Cost Of Revenue": NaN,
        "Total Revenue": NaN,
        "Operating Revenue": NaN
    },
    "2024-03-31": {
        "Tax Effect Of Unusual Items": 0.0,
        "Tax Rate For Calcs": 0.21,
        "Normalized EBITDA": -3010000.0,
        "Total Unusual Items": NaN,
        "Total Unusual Items Excluding Goodwill": NaN,
        "Net Income From Continuing Operation Net Minority Interest": 788000.0,
        "Reconciled Depreciation": 1150000.0,
        "Reconciled Cost Of Revenue": 15448000.0,
        "EBITDA": -3010000.0,
        "EBIT": -4160000.0,
        "Net Interest Income": 6661000.0,
        "Interest Income": 6661000.0,
        "Normalized Income": 788000.0,
        "Net Income From Continuing And Discontinued Operation": 788000.0,
        "Total Expenses": 97684000.0,
        "Total Operating Income As Reported": -4160000.0,
        "Diluted Average Shares": 39604979.0,
        "Basic Average Shares": 38756151.0,
        "Diluted EPS": 0.02,
        "Basic EPS": 0.02,
        "Diluted NI Availto Com Stockholders": 788000.0,
        "Net Income Common Stockholders": 788000.0,
        "Net Income": 788000.0,
        "Net Income Including Noncontrolling Interests": 788000.0,
        "Net Income Continuous Operations": 788000.0,
        "Tax Provision": 1713000.0,
        "Pretax Income": 2501000.0,
        "Special Income Charges": NaN,
        "Impairment Of Capital Assets": NaN,
        "Net Non Operating Interest Income Expense": 6661000.0,
        "Total Other Finance Cost": NaN,
        "Interest Income Non Operating": 6661000.0,
        "Operating Income": -4160000.0,
        "Operating Expense": 82236000.0,
        "Research And Development": 23633000.0,
        "Selling General And Administration": 58603000.0,
        "Selling And Marketing Expense": 42152000.0,
        "General And Administrative Expense": 16451000.0,
        "Other Gand A": 16451000.0,
        "Gross Profit": 78076000.0,
        "Cost Of Revenue": 15448000.0,
        "Total Revenue": 93524000.0,
        "Operating Revenue": 93524000.0
    },
    "2024-06-30": {
        "Tax Effect Of Unusual Items": 0.0,
        "Tax Rate For Calcs": 0.21,
        "Normalized EBITDA": -698000.0,
        "Net Income From Continuing Operation Net Minority Interest": 3267000.0,
        "Reconciled Depreciation": 1606000.0,
        "Reconciled Cost Of Revenue": 16024000.0,
        "EBITDA": -698000.0,
        "EBIT": -2304000.0,
        "Net Interest Income": 8502000.0,
        "Interest Income": 8502000.0,
        "Normalized Income": 3267000.0,
        "Net Income From Continuing And Discontinued Operation": 3267000.0,
        "Total Expenses": 96967000.0,
        "Total Operating Income As Reported": -2304000.0,
        "Diluted Average Shares": 38755863.0,
        "Basic Average Shares": 38089060.0,
        "Diluted EPS": 0.08,
        "Basic EPS": 0.09,
        "Diluted NI Availto Com Stockholders": 3267000.0,
        "Net Income Common Stockholders": 3267000.0,
        "Net Income": 3267000.0,
        "Net Income Including Noncontrolling Interests": 3267000.0,
        "Net Income Continuous Operations": 3267000.0,
        "Tax Provision": 2931000.0,
        "Pretax Income": 6198000.0,
        "Net Non Operating Interest Income Expense": 8502000.0,
        "Interest Income Non Operating": 8502000.0,
        "Operating Income": -2304000.0,
        "Operating Expense": 80943000.0,
        "Research And Development": 21855000.0,
        "Selling General And Administration": 59088000.0,
        "Selling And Marketing Expense": 41324000.0,
        "General And Administrative Expense": 17764000.0,
        "Other Gand A": 17764000.0,
        "Gross Profit": 78639000.0,
        "Cost Of Revenue": 16024000.0,
        "Total Revenue": 94663000.0,
        "Operating Revenue": 94663000.0
    },
    "2024-09-30": {
        "Tax Effect Of Unusual Items": 0.0,
        "Tax Rate For Calcs": 0.21,
        "Normalized EBITDA": -84000.0,
        "Net Income From Continuing Operation Net Minority Interest": 1353000.0,
        "Reconciled Depreciation": 3392000.0,
        "Reconciled Cost Of Revenue": 18893000.0,
        "EBITDA": -84000.0,
        "EBIT": -3476000.0,
        "Net Interest Income": 6881000.0,
        "Interest Income": 6881000.0,
        "Normalized Income": 1353000.0,
        "Net Income From Continuing And Discontinued Operation": 1353000.0,
        "Total Expenses": 103104000.0,
        "Total Operating Income As Reported": -3476000.0,
        "Diluted Average Shares": 36205992.0,
        "Basic Average Shares": 35435532.0,
        "Diluted EPS": 0.04,
        "Basic EPS": 0.04,
        "Diluted NI Availto Com Stockholders": 1353000.0,
        "Net Income Common Stockholders": 1353000.0,
        "Net Income": 1353000.0,
        "Net Income Including Noncontrolling Interests": 1353000.0,
        "Net Income Continuous Operations": 1353000.0,
        "Tax Provision": 2052000.0,
        "Pretax Income": 3405000.0,
        "Net Non Operating Interest Income Expense": 6881000.0,
        "Interest Income Non Operating": 6881000.0,
        "Operating Income": -3476000.0,
        "Operating Expense": 84211000.0,
        "Research And Development": 22424000.0,
        "Selling General And Administration": 61787000.0,
        "Selling And Marketing Expense": 42970000.0,
        "General And Administrative Expense": 18817000.0,
        "Other Gand A": 18817000.0,
        "Gross Profit": 80735000.0,
        "Cost Of Revenue": 18893000.0,
        "Total Revenue": 99628000.0,
        "Operating Revenue": 99628000.0
    },
    "2024-12-31": {
        "Tax Effect Of Unusual Items": 0.0,
        "Tax Rate For Calcs": 0.21,
        "Normalized EBITDA": 28711000.0,
        "Net Income From Continuing Operation Net Minority Interest": 12838000.0,
        "Reconciled Depreciation": 4328000.0,
        "Reconciled Cost Of Revenue": 20201000.0,
        "EBITDA": 28711000.0,
        "EBIT": 24383000.0,
        "Net Interest Income": 6521000.0,
        "Interest Income": 9214000.0,
        "Normalized Income": 12838000.0,
        "Net Income From Continuing And Discontinued Operation": 12838000.0,
        "Total Expenses": 109544000.0,
        "Total Operating Income As Reported": -5878000.0,
        "Diluted Average Shares": 38947644.0,
        "Basic Average Shares": 35658287.0,
        "Diluted EPS": 0.33,
        "Basic EPS": 0.36,
        "Diluted NI Availto Com Stockholders": 12838000.0,
        "Net Income Common Stockholders": 12838000.0,
        "Net Income": 12838000.0,
        "Net Income Including Noncontrolling Interests": 12838000.0,
        "Net Income Continuous Operations": 12838000.0,
        "Tax Provision": -13054000.0,
        "Pretax Income": -216000.0,
        "Net Non Operating Interest Income Expense": 6521000.0,
        "Interest Income Non Operating": 9214000.0,
        "Operating Income": -5878000.0,
        "Operating Expense": 89343000.0,
        "Research And Development": 22329000.0,
        "Selling General And Administration": 67014000.0,
        "Selling And Marketing Expense": 45232000.0,
        "General And Administrative Expense": 21782000.0,
        "Other Gand A": 21782000.0,
        "Gross Profit": 83465000.0,
        "Cost Of Revenue": 20201000.0,
        "Total Revenue": 103666000.0,
        "Operating Revenue": 103666000.0
    },
    "2025-03-31": {
        "Tax Effect Of Unusual Items": 0.0,
        "Tax Rate For Calcs": 0.21,
        "Normalized EBITDA": -911000.0,
        "Net Income From Continuing Operation Net Minority Interest": 798000.0,
        "Reconciled Depreciation": 4284000.0,
        "Reconciled Cost Of Revenue": 20396000.0,
        "EBITDA": -911000.0,
        "EBIT": -5195000.0,
        "Net Interest Income": 7325000.0,
        "Interest Income": 7325000.0,
        "Normalized Income": 798000.0,
        "Net Income From Continuing And Discontinued Operation": 798000.0,
        "Total Expenses": 112379000.0,
        "Total Operating Income As Reported": -5195000.0,
        "Diluted Average Shares": 37292846.0,
        "Basic Average Shares": 36019143.0,
        "Diluted EPS": 0.02,
        "Basic EPS": 0.02,
        "Diluted NI Availto Com Stockholders": 798000.0,
        "Net Income Common Stockholders": 798000.0,
        "Net Income": 798000.0,
        "Net Income Including Noncontrolling Interests": 798000.0,
        "Net Income Continuous Operations": 798000.0,
        "Tax Provision": 1332000.0,
        "Pretax Income": 2130000.0,
        "Net Non Operating Interest Income Expense": 7325000.0,
        "Interest Income Non Operating": 7325000.0,
        "Operating Income": -5195000.0,
        "Operating Expense": 91983000.0,
        "Research And Development": 23627000.0,
        "Selling General And Administration": 68356000.0,
        "Selling And Marketing Expense": 47390000.0,
        "General And Administrative Expense": 20966000.0,
        "Other Gand A": 20966000.0,
        "Gross Profit": 86788000.0,
        "Cost Of Revenue": 20396000.0,
        "Total Revenue": 107184000.0,
        "Operating Revenue": 107184000.0
    },
    "2025-06-30": {
        "Tax Effect Of Unusual Items": 0.0,
        "Tax Rate For Calcs": 0.301643,
        "Normalized EBITDA": 2100000.0,
        "Net Income From Continuing Operation Net Minority Interest": 3188000.0,
        "Reconciled Depreciation": 4089000.0,
        "Reconciled Cost Of Revenue": 20384000.0,
        "EBITDA": 2100000.0,
        "EBIT": -1989000.0,
        "Net Interest Income": 6554000.0,
        "Interest Income": 6554000.0,
        "Normalized Income": 3188000.0,
        "Net Income From Continuing And Discontinued Operation": 3188000.0,
        "Total Expenses": 110637000.0,
        "Total Operating Income As Reported": -1989000.0,
        "Diluted Average Shares": 37499304.0,
        "Basic Average Shares": 36585998.0,
        "Diluted EPS": 0.09,
        "Basic EPS": 0.09,
        "Diluted NI Availto Com Stockholders": 3188000.0,
        "Net Income Common Stockholders": 3188000.0,
        "Net Income": 3188000.0,
        "Net Income Including Noncontrolling Interests": 3188000.0,
        "Net Income Continuous Operations": 3188000.0,
        "Tax Provision": 1377000.0,
        "Pretax Income": 4565000.0,
        "Net Non Operating Interest Income Expense": 6554000.0,
        "Interest Income Non Operating": 6554000.0,
        "Operating Income": -1989000.0,
        "Operating Expense": 90253000.0,
        "Research And Development": 23994000.0,
        "Selling General And Administration": 66259000.0,
        "Selling And Marketing Expense": 44844000.0,
        "General And Administrative Expense": 21415000.0,
        "Other Gand A": 21415000.0,
        "Gross Profit": 88264000.0,
        "Cost Of Revenue": 20384000.0,
        "Total Revenue": 108648000.0,
        "Operating Revenue": 108648000.0
    }
}