{
    "2023-03-31": {
        "Tax Effect Of Unusual Items": NaN,
        "Tax Rate For Calcs": NaN,
        "Normalized EBITDA": NaN,
        "Total Unusual Items": NaN,
        "Total Unusual Items Excluding Goodwill": NaN,
        "Net Income From Continuing Operation Net Minority Interest": NaN,
        "Reconciled Depreciation": NaN,
        "Reconciled Cost Of Revenue": NaN,
        "EBITDA": NaN,
        "EBIT": NaN,
        "Net Interest Income": NaN,
        "Interest Expense": NaN,
        "Normalized Income": NaN,
        "Net Income From Continuing And Discontinued Operation": NaN,
        "Total Expenses": NaN,
        "Rent Expense Supplemental": NaN,
        "Total Operating Income As Reported": 47196000.0,
        "Diluted Average Shares": NaN,
        "Basic Average Shares": NaN,
        "Diluted EPS": NaN,
        "Basic EPS": NaN,
        "Diluted NI Availto Com Stockholders": NaN,
        "Net Income Common Stockholders": NaN,
        "Otherunder Preferred Stock Dividend": NaN,
        "Preferred Stock Dividends": NaN,
        "Net Income": NaN,
        "Minority Interests": 0.0,
        "Net Income Including Noncontrolling Interests": NaN,
        "Net Income Discontinuous Operations": 2464000.0,
        "Net Income Continuous Operations": NaN,
        "Tax Provision": NaN,
        "Pretax Income": NaN,
        "Other Income Expense": NaN,
        "Other Non Operating Income Expenses": NaN,
        "Special Income Charges": NaN,
        "Impairment Of Capital Assets": NaN,
        "Gain On Sale Of Security": NaN,
        "Net Non Operating Interest Income Expense": NaN,
        "Interest Expense Non Operating": NaN,
        "Operating Income": NaN,
        "Operating Expense": NaN,
        "Other Operating Expenses": NaN,
        "Selling General And Administration": NaN,
        "General And Administrative Expense": NaN,
        "Insurance And Claims": NaN,
        "Gross Profit": NaN,
        "Cost Of Revenue": NaN,
        "Total Revenue": NaN,
        "Operating Revenue": NaN
    },
    "2022-12-31": {
        "Tax Effect Of Unusual Items": NaN,
        "Tax Rate For Calcs": NaN,
        "Normalized EBITDA": NaN,
        "Total Unusual Items": NaN,
        "Total Unusual Items Excluding Goodwill": NaN,
        "Net Income From Continuing Operation Net Minority Interest": NaN,
        "Reconciled Depreciation": NaN,
        "Reconciled Cost Of Revenue": NaN,
        "EBITDA": NaN,
        "EBIT": NaN,
        "Net Interest Income": NaN,
        "Interest Expense": NaN,
        "Normalized Income": NaN,
        "Net Income From Continuing And Discontinued Operation": NaN,
        "Total Expenses": NaN,
        "Rent Expense Supplemental": NaN,
        "Total Operating Income As Reported": NaN,
        "Diluted Average Shares": NaN,
        "Basic Average Shares": NaN,
        "Diluted EPS": NaN,
        "Basic EPS": NaN,
        "Diluted NI Availto Com Stockholders": NaN,
        "Net Income Common Stockholders": NaN,
        "Otherunder Preferred Stock Dividend": NaN,
        "Preferred Stock Dividends": NaN,
        "Net Income": NaN,
        "Minority Interests": NaN,
        "Net Income Including Noncontrolling Interests": NaN,
        "Net Income Discontinuous Operations": 0.0,
        "Net Income Continuous Operations": NaN,
        "Tax Provision": NaN,
        "Pretax Income": NaN,
        "Other Income Expense": NaN,
        "Other Non Operating Income Expenses": NaN,
        "Special Income Charges": NaN,
        "Impairment Of Capital Assets": NaN,
        "Gain On Sale Of Security": NaN,
        "Net Non Operating Interest Income Expense": NaN,
        "Interest Expense Non Operating": NaN,
        "Operating Income": NaN,
        "Operating Expense": NaN,
        "Other Operating Expenses": NaN,
        "Selling General And Administration": NaN,
        "General And Administrative Expense": NaN,
        "Insurance And Claims": NaN,
        "Gross Profit": NaN,
        "Cost Of Revenue": NaN,
        "Total Revenue": NaN,
        "Operating Revenue": NaN
    },
    "2022-09-30": {
        "Tax Effect Of Unusual Items": NaN,
        "Tax Rate For Calcs": NaN,
        "Normalized EBITDA": NaN,
        "Total Unusual Items": NaN,
        "Total Unusual Items Excluding Goodwill": NaN,
        "Net Income From Continuing Operation Net Minority Interest": NaN,
        "Reconciled Depreciation": NaN,
        "Reconciled Cost Of Revenue": NaN,
        "EBITDA": NaN,
        "EBIT": NaN,
        "Net Interest Income": NaN,
        "Interest Expense": NaN,
        "Normalized Income": NaN,
        "Net Income From Continuing And Discontinued Operation": NaN,
        "Total Expenses": NaN,
        "Rent Expense Supplemental": NaN,
        "Total Operating Income As Reported": NaN,
        "Diluted Average Shares": NaN,
        "Basic Average Shares": NaN,
        "Diluted EPS": NaN,
        "Basic EPS": NaN,
        "Diluted NI Availto Com Stockholders": NaN,
        "Net Income Common Stockholders": NaN,
        "Otherunder Preferred Stock Dividend": NaN,
        "Preferred Stock Dividends": NaN,
        "Net Income": NaN,
        "Minority Interests": NaN,
        "Net Income Including Noncontrolling Interests": NaN,
        "Net Income Discontinuous Operations": 0.0,
        "Net Income Continuous Operations": NaN,
        "Tax Provision": NaN,
        "Pretax Income": NaN,
        "Other Income Expense": NaN,
        "Other Non Operating Income Expenses": NaN,
        "Gain On Sale Of Security": NaN,
        "Net Non Operating Interest Income Expense": NaN,
        "Interest Expense Non Operating": NaN,
        "Operating Income": NaN,
        "Operating Expense": NaN,
        "Other Operating Expenses": NaN,
        "Selling General And Administration": NaN,
        "General And Administrative Expense": NaN,
        "Insurance And Claims": NaN,
        "Gross Profit": NaN,
        "Cost Of Revenue": NaN,
        "Total Revenue": NaN,
        "Operating Revenue": NaN
    },
    "2022-06-30": {
        "Tax Effect Of Unusual Items": 0.0,
        "Tax Rate For Calcs": 0.254492,
        "Normalized EBITDA": 87140000.0,
        "Net Income From Continuing Operation Net Minority Interest": 55430000.0,
        "Reconciled Depreciation": 11595000.0,
        "Reconciled Cost Of Revenue": 369216000.0,
        "EBITDA": 87140000.0,
        "EBIT": 75545000.0,
        "Net Interest Income": -1193000.0,
        "Interest Expense": 1193000.0,
        "Normalized Income": 55430000.0,
        "Net Income From Continuing And Discontinued Operation": 55430000.0,
        "Total Expenses": 439674000.0,
        "Rent Expense Supplemental": 23459000.0,
        "Total Operating Income As Reported": 75545000.0,
        "Diluted Average Shares": 26989000.0,
        "Basic Average Shares": 26869000.0,
        "Diluted EPS": 2.04,
        "Basic EPS": 2.05,
        "Diluted NI Availto Com Stockholders": 55430000.0,
        "Average Dilution Earnings": NaN,
        "Net Income Common Stockholders": 55430000.0,
        "Otherunder Preferred Stock Dividend": 346000.0,
        "Net Income": 55430000.0,
        "Net Income Including Noncontrolling Interests": 55430000.0,
        "Net Income Discontinuous Operations": 0.0,
        "Net Income Continuous Operations": 55430000.0,
        "Tax Provision": 18922000.0,
        "Pretax Income": 74352000.0,
        "Net Non Operating Interest Income Expense": -1193000.0,
        "Interest Expense Non Operating": 1193000.0,
        "Operating Income": 75545000.0,
        "Operating Expense": 70458000.0,
        "Other Operating Expenses": 57262000.0,
        "Selling General And Administration": 13196000.0,
        "General And Administrative Expense": 13196000.0,
        "Insurance And Claims": 13196000.0,
        "Gross Profit": 146003000.0,
        "Cost Of Revenue": 369216000.0,
        "Total Revenue": 515219000.0,
        "Operating Revenue": 515268000.0
    },
    "2023-06-30": {
        "Tax Effect Of Unusual Items": NaN,
        "Tax Rate For Calcs": NaN,
        "Normalized EBITDA": NaN,
        "Total Unusual Items": NaN,
        "Total Unusual Items Excluding Goodwill": NaN,
        "Net Income From Continuing Operation Net Minority Interest": NaN,
        "Reconciled Depreciation": NaN,
        "Reconciled Cost Of Revenue": NaN,
        "EBITDA": NaN,
        "EBIT": NaN,
        "Net Interest Income": NaN,
        "Interest Expense": NaN,
        "Normalized Income": NaN,
        "Net Income From Continuing And Discontinued Operation": NaN,
        "Total Expenses": NaN,
        "Rent Expense Supplemental": NaN,
        "Total Operating Income As Reported": 26325000.0,
        "Diluted Average Shares": NaN,
        "Basic Average Shares": NaN,
        "Diluted EPS": NaN,
        "Basic EPS": NaN,
        "Diluted NI Availto Com Stockholders": NaN,
        "Net Income Common Stockholders": NaN,
        "Otherunder Preferred Stock Dividend": NaN,
        "Preferred Stock Dividends": NaN,
        "Net Income": NaN,
        "Minority Interests": NaN,
        "Net Income Including Noncontrolling Interests": NaN,
        "Net Income Discontinuous Operations": NaN,
        "Net Income Continuous Operations": NaN,
        "Tax Provision": NaN,
        "Pretax Income": NaN,
        "Other Income Expense": NaN,
        "Other Non Operating Income Expenses": NaN,
        "Special Income Charges": 0.0,
        "Impairment Of Capital Assets": 0.0,
        "Gain On Sale Of Security": NaN,
        "Net Non Operating Interest Income Expense": NaN,
        "Interest Expense Non Operating": NaN,
        "Operating Income": NaN,
        "Operating Expense": NaN,
        "Other Operating Expenses": NaN,
        "Selling General And Administration": NaN,
        "General And Administrative Expense": NaN,
        "Insurance And Claims": NaN,
        "Gross Profit": NaN,
        "Cost Of Revenue": NaN,
        "Total Revenue": NaN,
        "Operating Revenue": NaN
    },
    "2022-03-31": {
        "Diluted EPS": 1.57,
        "Total Revenue": 467,
        "Gross Profit": 236,
        "Operating Income": 57,
        "EBIT": 68,
        "Net Income": 42
    },
    "2021-12-31": {
        "Diluted EPS": 1.48,
        "Total Revenue": 460,
        "Gross Profit": 227,
        "Operating Income": 52,
        "EBIT": 63,
        "Net Income": 41
    },
    "2021-09-30": {
        "Diluted EPS": 0.86,
        "Total Revenue": 420,
        "Gross Profit": 210,
        "Operating Income": 42,
        "EBIT": 52,
        "Net Income": 24
    },
    "2021-06-30": {
        "Diluted EPS": 1.11,
        "Total Revenue": 421,
        "Gross Profit": 201,
        "Operating Income": 42,
        "EBIT": 52,
        "Net Income": 30
    },
    "2021-03-31": {
        "Diluted EPS": 0.4,
        "Total Revenue": 362,
        "Gross Profit": 174,
        "Operating Income": 23,
        "EBIT": 32,
        "Net Income": 11
    },
    "2020-12-31": {
        "Diluted EPS": -0.17,
        "Total Revenue": 350,
        "Gross Profit": 162,
        "Operating Income": 21,
        "EBIT": 30,
        "Net Income": -4
    },
    "2020-09-30": {
        "Diluted EPS": 0.6,
        "Total Revenue": 332,
        "Gross Profit": 156,
        "Operating Income": 24,
        "EBIT": 33,
        "Net Income": 17
    },
    "2020-06-30": {
        "Diluted EPS": 0.11,
        "Total Revenue": 282,
        "Gross Profit": 137,
        "Operating Income": 14,
        "EBIT": 23,
        "Net Income": 3
    },
    "2020-03-31": {
        "Diluted EPS": 0.3,
        "Total Revenue": 306,
        "Gross Profit": 151,
        "Operating Income": 16,
        "EBIT": 25,
        "Net Income": 8
    },
    "2019-12-31": {
        "Diluted EPS": 0.84,
        "Total Revenue": 277,
        "Gross Profit": 126,
        "Operating Income": 29,
        "EBIT": 38,
        "Net Income": 24
    },
    "2019-09-30": {
        "Diluted EPS": 0.78,
        "Total Revenue": 314,
        "Gross Profit": 159,
        "Operating Income": 29,
        "EBIT": 38,
        "Net Income": 22
    },
    "2019-06-30": {
        "Diluted EPS": 0.78,
        "Total Revenue": 303,
        "Gross Profit": 155,
        "Operating Income": 29,
        "EBIT": 37,
        "Net Income": 22
    },
    "2019-03-31": {
        "Diluted EPS": 0.64,
        "Total Revenue": 321,
        "Gross Profit": 172,
        "Operating Income": 25,
        "EBIT": 36,
        "Net Income": 18
    },
    "2018-12-31": {
        "Diluted EPS": 0.94,
        "Total Revenue": 173,
        "Gross Profit": 60,
        "Operating Income": 30,
        "EBIT": 35,
        "Net Income": 28
    },
    "2018-09-30": {
        "Diluted EPS": 0.76,
        "Total Revenue": 331,
        "Gross Profit": 170,
        "Operating Income": 30,
        "EBIT": 40,
        "Net Income": 22
    },
    "2018-06-30": {
        "Diluted EPS": 0.82,
        "Total Revenue": 330,
        "Gross Profit": 169,
        "Operating Income": 33,
        "EBIT": 43,
        "Net Income": 24
    },
    "2018-03-31": {
        "Diluted EPS": 0.6,
        "Total Revenue": 303,
        "Gross Profit": 157,
        "Operating Income": 24,
        "EBIT": 35,
        "Net Income": 18
    },
    "2017-12-31": {
        "Diluted EPS": 1.15,
        "Total Revenue": 325,
        "Gross Profit": 164,
        "Operating Income": 28,
        "EBIT": 38,
        "Net Income": 34
    },
    "2017-09-30": {
        "Diluted EPS": 0.61,
        "Total Revenue": 298,
        "Gross Profit": 154,
        "Operating Income": 27,
        "EBIT": 38,
        "Net Income": 18
    },
    "2017-06-30": {
        "Diluted EPS": 0.65,
        "Total Revenue": 284,
        "Gross Profit": 149,
        "Operating Income": 30,
        "EBIT": 40,
        "Net Income": 20
    },
    "2017-03-31": {
        "Diluted EPS": 0.48,
        "Total Revenue": 262,
        "Gross Profit": 141,
        "Operating Income": 24,
        "EBIT": 34,
        "Net Income": 15
    },
    "2016-12-31": {
        "Diluted EPS": 0.41,
        "Total Revenue": 312,
        "Gross Profit": 149,
        "Operating Income": 28,
        "EBIT": 38,
        "Net Income": 12
    },
    "2016-09-30": {
        "Diluted EPS": 0.39,
        "Total Revenue": 250,
        "Gross Profit": 141,
        "Operating Income": 25,
        "EBIT": 34,
        "Net Income": 12
    },
    "2016-06-30": {
        "Diluted EPS": -0.33,
        "Total Revenue": 239,
        "Gross Profit": 136,
        "Operating Income": -14,
        "EBIT": 37,
        "Net Income": -10
    },
    "2016-03-31": {
        "Diluted EPS": 0.43,
        "Total Revenue": 230,
        "Gross Profit": 130,
        "Operating Income": 21,
        "EBIT": 31,
        "Net Income": 13
    },
    "2015-12-31": {
        "Diluted EPS": 0.74,
        "Total Revenue": 256,
        "Gross Profit": 145,
        "Operating Income": 29,
        "EBIT": 39,
        "Net Income": 23
    },
    "2015-09-30": {
        "Diluted EPS": 0.5,
        "Total Revenue": 247,
        "Gross Profit": 139,
        "Operating Income": 25,
        "EBIT": 34,
        "Net Income": 16
    },
    "2015-06-30": {
        "Diluted EPS": 0.38,
        "Total Revenue": 250,
        "Gross Profit": 138,
        "Operating Income": 20,
        "EBIT": 29,
        "Net Income": 12
    },
    "2015-03-31": {
        "Diluted EPS": 0.16,
        "Total Revenue": 206,
        "Gross Profit": 113,
        "Operating Income": 8,
        "EBIT": 17,
        "Net Income": 5
    },
    "2014-12-31": {
        "Diluted EPS": 0.54,
        "Total Revenue": 214,
        "Gross Profit": 117,
        "Operating Income": 26,
        "EBIT": 34,
        "Net Income": 17
    },
    "2014-09-30": {
        "Diluted EPS": 0.54,
        "Total Revenue": 201,
        "Gross Profit": 111,
        "Operating Income": 27,
        "EBIT": 35,
        "Net Income": 17
    },
    "2014-06-30": {
        "Diluted EPS": 0.55,
        "Total Revenue": 194,
        "Gross Profit": 106,
        "Operating Income": 28,
        "EBIT": 35,
        "Net Income": 17
    },
    "2014-03-31": {
        "Diluted EPS": 0.33,
        "Total Revenue": 172,
        "Gross Profit": 93,
        "Operating Income": 16,
        "EBIT": 23,
        "Net Income": 10
    },
    "2013-12-31": {
        "Diluted EPS": 0.5,
        "Total Revenue": 181,
        "Gross Profit": 97,
        "Operating Income": 23,
        "EBIT": 29,
        "Net Income": 16
    },
    "2013-09-30": {
        "Diluted EPS": 0.46,
        "Total Revenue": 170,
        "Gross Profit": 91,
        "Operating Income": 23,
        "EBIT": 29,
        "Net Income": 14
    },
    "2013-06-30": {
        "Diluted EPS": 0.45,
        "Total Revenue": 160,
        "Gross Profit": 86,
        "Operating Income": 23,
        "EBIT": 28,
        "Net Income": 14
    },
    "2013-03-31": {
        "Diluted EPS": 0.36,
        "Total Revenue": 142,
        "Gross Profit": 78,
        "Operating Income": 16,
        "EBIT": 21,
        "Net Income": 11
    },
    "2012-12-31": {
        "Diluted EPS": 0.54,
        "Total Revenue": 156,
        "Gross Profit": 88,
        "Operating Income": 24,
        "EBIT": 29,
        "Net Income": 16
    },
    "2012-09-30": {
        "Diluted EPS": 0.41,
        "Total Revenue": 144,
        "Gross Profit": 78,
        "Operating Income": 20,
        "EBIT": 25,
        "Net Income": 12
    },
    "2012-06-30": {
        "Diluted EPS": 0.48,
        "Total Revenue": 148,
        "Gross Profit": 81,
        "Operating Income": 23,
        "EBIT": 28,
        "Net Income": 14
    },
    "2012-03-31": {
        "Diluted EPS": 0.35,
        "Total Revenue": 137,
        "Gross Profit": 75,
        "Operating Income": 17,
        "EBIT": 22,
        "Net Income": 10
    },
    "2011-12-31": {
        "Diluted EPS": 0.49,
        "Total Revenue": 148,
        "Gross Profit": 83,
        "Operating Income": 24,
        "EBIT": 29,
        "Net Income": 14
    },
    "2011-09-30": {
        "Diluted EPS": 0.44,
        "Total Revenue": 136,
        "Gross Profit": 77,
        "Operating Income": 20,
        "EBIT": 26,
        "Net Income": 13
    },
    "2011-06-30": {
        "Diluted EPS": 0.4,
        "Total Revenue": 132,
        "Gross Profit": 75,
        "Operating Income": 20,
        "EBIT": 25,
        "Net Income": 12
    },
    "2011-03-31": {
        "Diluted EPS": 0.27,
        "Total Revenue": 120,
        "Gross Profit": 67,
        "Operating Income": 13,
        "EBIT": 18,
        "Net Income": 8
    },
    "2010-12-31": {
        "Diluted EPS": 0.4,
        "Total Revenue": 133,
        "Gross Profit": 76,
        "Operating Income": 19,
        "EBIT": 24,
        "Net Income": 12
    },
    "2010-09-30": {
        "Diluted EPS": 0.31,
        "Total Revenue": 122,
        "Gross Profit": 68,
        "Operating Income": 16,
        "EBIT": 21,
        "Net Income": 9
    },
    "2010-06-30": {
        "Diluted EPS": 0.27,
        "Total Revenue": 122,
        "Gross Profit": 69,
        "Operating Income": 14,
        "EBIT": 19,
        "Net Income": 8
    },
    "2010-03-31": {
        "Diluted EPS": 0.12,
        "Total Revenue": 107,
        "Gross Profit": 60,
        "Operating Income": 6,
        "EBIT": 11,
        "Net Income": 3
    },
    "2009-12-31": {
        "Diluted EPS": 0.22,
        "Total Revenue": 118,
        "Gross Profit": 67,
        "Operating Income": 12,
        "EBIT": 17,
        "Net Income": 6
    },
    "2009-09-30": {
        "Diluted EPS": 0.13,
        "Total Revenue": 103,
        "Gross Profit": 58,
        "Operating Income": 7,
        "EBIT": 12,
        "Net Income": 4
    },
    "2009-06-30": {
        "Diluted EPS": 0.1,
        "Total Revenue": 100,
        "Gross Profit": 56,
        "Operating Income": 5,
        "EBIT": 10,
        "Net Income": 3
    },
    "2009-03-31": {
        "Diluted EPS": -0.11,
        "Total Revenue": 97,
        "Gross Profit": 55,
        "Operating Income": -5,
        "EBIT": 7,
        "Net Income": -3
    },
    "2023-09-30": {
        "Tax Effect Of Unusual Items": NaN,
        "Tax Rate For Calcs": NaN,
        "Normalized EBITDA": NaN,
        "Total Unusual Items": NaN,
        "Total Unusual Items Excluding Goodwill": NaN,
        "Net Income From Continuing Operation Net Minority Interest": NaN,
        "Reconciled Depreciation": NaN,
        "Reconciled Cost Of Revenue": NaN,
        "EBITDA": NaN,
        "EBIT": NaN,
        "Net Interest Income": NaN,
        "Interest Expense": NaN,
        "Normalized Income": NaN,
        "Net Income From Continuing And Discontinued Operation": NaN,
        "Total Expenses": NaN,
        "Rent Expense Supplemental": NaN,
        "Total Operating Income As Reported": 15493000.0,
        "Diluted Average Shares": NaN,
        "Basic Average Shares": NaN,
        "Diluted EPS": NaN,
        "Basic EPS": NaN,
        "Diluted NI Availto Com Stockholders": NaN,
        "Net Income Common Stockholders": NaN,
        "Otherunder Preferred Stock Dividend": NaN,
        "Preferred Stock Dividends": NaN,
        "Net Income": NaN,
        "Minority Interests": NaN,
        "Net Income Including Noncontrolling Interests": NaN,
        "Net Income Discontinuous Operations": 2795000.0,
        "Net Income Continuous Operations": NaN,
        "Tax Provision": NaN,
        "Pretax Income": NaN,
        "Other Income Expense": NaN,
        "Other Non Operating Income Expenses": NaN,
        "Special Income Charges": 0.0,
        "Impairment Of Capital Assets": 0.0,
        "Gain On Sale Of Security": NaN,
        "Net Non Operating Interest Income Expense": NaN,
        "Interest Expense Non Operating": NaN,
        "Operating Income": NaN,
        "Operating Expense": NaN,
        "Other Operating Expenses": NaN,
        "Selling General And Administration": NaN,
        "General And Administrative Expense": NaN,
        "Insurance And Claims": NaN,
        "Gross Profit": NaN,
        "Cost Of Revenue": NaN,
        "Total Revenue": NaN,
        "Operating Revenue": NaN
    },
    "2023-12-31": {
        "Tax Effect Of Unusual Items": NaN,
        "Tax Rate For Calcs": NaN,
        "Normalized EBITDA": NaN,
        "Total Unusual Items": NaN,
        "Total Unusual Items Excluding Goodwill": NaN,
        "Net Income From Continuing Operation Net Minority Interest": NaN,
        "Reconciled Depreciation": NaN,
        "Reconciled Cost Of Revenue": NaN,
        "EBITDA": NaN,
        "EBIT": NaN,
        "Net Interest Income": NaN,
        "Interest Expense": NaN,
        "Normalized Income": NaN,
        "Net Income From Continuing And Discontinued Operation": NaN,
        "Total Expenses": NaN,
        "Rent Expense Supplemental": NaN,
        "Total Operating Income As Reported": -8003000.0,
        "Diluted Average Shares": NaN,
        "Basic Average Shares": NaN,
        "Diluted EPS": NaN,
        "Basic EPS": NaN,
        "Diluted NI Availto Com Stockholders": NaN,
        "Net Income Common Stockholders": NaN,
        "Otherunder Preferred Stock Dividend": 502000.0,
        "Preferred Stock Dividends": NaN,
        "Net Income": NaN,
        "Minority Interests": NaN,
        "Net Income Including Noncontrolling Interests": NaN,
        "Net Income Discontinuous Operations": NaN,
        "Net Income Continuous Operations": NaN,
        "Tax Provision": NaN,
        "Pretax Income": NaN,
        "Other Income Expense": NaN,
        "Other Non Operating Income Expenses": NaN,
        "Special Income Charges": NaN,
        "Impairment Of Capital Assets": NaN,
        "Gain On Sale Of Security": NaN,
        "Net Non Operating Interest Income Expense": NaN,
        "Interest Expense Non Operating": NaN,
        "Operating Income": NaN,
        "Operating Expense": NaN,
        "Other Operating Expenses": NaN,
        "Selling General And Administration": NaN,
        "General And Administrative Expense": NaN,
        "Insurance And Claims": NaN,
        "Gross Profit": NaN,
        "Cost Of Revenue": NaN,
        "Total Revenue": NaN,
        "Operating Revenue": NaN
    },
    "2024-03-31": {
        "Tax Effect Of Unusual Items": NaN,
        "Tax Rate For Calcs": NaN,
        "Normalized EBITDA": NaN,
        "Total Unusual Items": NaN,
        "Total Unusual Items Excluding Goodwill": NaN,
        "Net Income From Continuing Operation Net Minority Interest": NaN,
        "Reconciled Depreciation": NaN,
        "Reconciled Cost Of Revenue": NaN,
        "EBITDA": NaN,
        "EBIT": NaN,
        "Net Interest Income": NaN,
        "Interest Expense": NaN,
        "Normalized Income": NaN,
        "Net Income From Continuing And Discontinued Operation": NaN,
        "Total Expenses": NaN,
        "Rent Expense Supplemental": NaN,
        "Total Operating Income As Reported": -65732000.0,
        "Diluted Average Shares": NaN,
        "Basic Average Shares": NaN,
        "Diluted EPS": NaN,
        "Basic EPS": NaN,
        "Diluted NI Availto Com Stockholders": NaN,
        "Net Income Common Stockholders": NaN,
        "Otherunder Preferred Stock Dividend": 0.0,
        "Preferred Stock Dividends": 11867000.0,
        "Net Income": NaN,
        "Minority Interests": NaN,
        "Net Income Including Noncontrolling Interests": NaN,
        "Net Income Discontinuous Operations": NaN,
        "Net Income Continuous Operations": NaN,
        "Tax Provision": NaN,
        "Pretax Income": NaN,
        "Other Income Expense": NaN,
        "Other Non Operating Income Expenses": NaN,
        "Special Income Charges": NaN,
        "Impairment Of Capital Assets": NaN,
        "Gain On Sale Of Security": NaN,
        "Net Non Operating Interest Income Expense": NaN,
        "Interest Expense Non Operating": NaN,
        "Operating Income": NaN,
        "Operating Expense": NaN,
        "Other Operating Expenses": NaN,
        "Selling General And Administration": NaN,
        "General And Administrative Expense": NaN,
        "Insurance And Claims": NaN,
        "Gross Profit": NaN,
        "Cost Of Revenue": NaN,
        "Total Revenue": NaN,
        "Operating Revenue": NaN
    },
    "2024-06-30": {
        "Tax Effect Of Unusual Items": NaN,
        "Tax Rate For Calcs": NaN,
        "Normalized EBITDA": NaN,
        "Total Unusual Items": NaN,
        "Total Unusual Items Excluding Goodwill": NaN,
        "Net Income From Continuing Operation Net Minority Interest": NaN,
        "Reconciled Depreciation": NaN,
        "Reconciled Cost Of Revenue": NaN,
        "EBITDA": NaN,
        "EBIT": NaN,
        "Net Interest Income": NaN,
        "Interest Expense": NaN,
        "Normalized Income": NaN,
        "Net Income From Continuing And Discontinued Operation": NaN,
        "Total Expenses": NaN,
        "Rent Expense Supplemental": NaN,
        "Total Operating Income As Reported": -1095755000.0,
        "Diluted Average Shares": NaN,
        "Basic Average Shares": NaN,
        "Diluted EPS": NaN,
        "Basic EPS": NaN,
        "Diluted NI Availto Com Stockholders": NaN,
        "Net Income Common Stockholders": NaN,
        "Otherunder Preferred Stock Dividend": 0.0,
        "Preferred Stock Dividends": NaN,
        "Net Income": NaN,
        "Minority Interests": NaN,
        "Net Income Including Noncontrolling Interests": NaN,
        "Net Income Discontinuous Operations": -4876000.0,
        "Net Income Continuous Operations": NaN,
        "Tax Provision": NaN,
        "Pretax Income": NaN,
        "Other Income Expense": NaN,
        "Other Non Operating Income Expenses": NaN,
        "Special Income Charges": -1092714000.0,
        "Impairment Of Capital Assets": 1092714000.0,
        "Gain On Sale Of Security": NaN,
        "Net Non Operating Interest Income Expense": NaN,
        "Interest Expense Non Operating": NaN,
        "Operating Income": NaN,
        "Operating Expense": NaN,
        "Other Operating Expenses": NaN,
        "Selling General And Administration": NaN,
        "General And Administrative Expense": NaN,
        "Insurance And Claims": NaN,
        "Gross Profit": NaN,
        "Cost Of Revenue": NaN,
        "Total Revenue": NaN,
        "Operating Revenue": NaN
    },
    "2024-09-30": {
        "Tax Effect Of Unusual Items": -3688230.0,
        "Tax Rate For Calcs": 0.21,
        "Normalized EBITDA": 63333000.0,
        "Total Unusual Items": -17563000.0,
        "Total Unusual Items Excluding Goodwill": -17563000.0,
        "Net Income From Continuing Operation Net Minority Interest": -72271000.0,
        "Reconciled Depreciation": 25896000.0,
        "Reconciled Cost Of Revenue": 545543000.0,
        "EBITDA": 45770000.0,
        "EBIT": 19874000.0,
        "Net Interest Income": -52770000.0,
        "Interest Expense": 52770000.0,
        "Normalized Income": -58396230.0,
        "Net Income From Continuing And Discontinued Operation": -73408000.0,
        "Total Expenses": 618489000.0,
        "Rent Expense Supplemental": 48810000.0,
        "Total Operating Income As Reported": NaN,
        "Diluted Average Shares": 27596992.0,
        "Basic Average Shares": 27596992.0,
        "Diluted EPS": -2.66,
        "Basic EPS": -2.66,
        "Diluted NI Availto Com Stockholders": -73408000.0,
        "Net Income Common Stockholders": -73408000.0,
        "Otherunder Preferred Stock Dividend": 0.0,
        "Preferred Stock Dividends": NaN,
        "Net Income": -73408000.0,
        "Minority Interests": -38073000.0,
        "Net Income Including Noncontrolling Interests": -35335000.0,
        "Net Income Discontinuous Operations": -1137000.0,
        "Net Income Continuous Operations": -34198000.0,
        "Tax Provision": 1302000.0,
        "Pretax Income": -32896000.0,
        "Other Income Expense": -17574000.0,
        "Other Non Operating Income Expenses": -11000.0,
        "Special Income Charges": -14751000.0,
        "Impairment Of Capital Assets": 14751000.0,
        "Gain On Sale Of Security": -2812000.0,
        "Net Non Operating Interest Income Expense": -52770000.0,
        "Interest Expense Non Operating": 52770000.0,
        "Operating Income": 37448000.0,
        "Operating Expense": 72946000.0,
        "Other Operating Expenses": 55564000.0,
        "Selling General And Administration": 17382000.0,
        "General And Administrative Expense": 17382000.0,
        "Insurance And Claims": 17382000.0,
        "Gross Profit": 110394000.0,
        "Cost Of Revenue": 545543000.0,
        "Total Revenue": 655937000.0,
        "Operating Revenue": 676657000.0
    },
    "2024-12-31": {
        "Tax Effect Of Unusual Items": 17235330.0,
        "Tax Rate For Calcs": 0.21,
        "Normalized EBITDA": 35632000.0,
        "Total Unusual Items": 82073000.0,
        "Total Unusual Items Excluding Goodwill": 82073000.0,
        "Net Income From Continuing Operation Net Minority Interest": -36042000.0,
        "Reconciled Depreciation": 37657000.0,
        "Reconciled Cost Of Revenue": 541005000.0,
        "EBITDA": 117705000.0,
        "EBIT": 80048000.0,
        "Net Interest Income": -48427000.0,
        "Interest Expense": 48427000.0,
        "Normalized Income": -100879670.0,
        "Net Income From Continuing And Discontinued Operation": -36416000.0,
        "Total Expenses": 636059000.0,
        "Rent Expense Supplemental": 48326000.0,
        "Total Operating Income As Reported": NaN,
        "Diluted Average Shares": 29367742.0,
        "Basic Average Shares": 29367742.0,
        "Diluted EPS": -1.24,
        "Basic EPS": -1.24,
        "Diluted NI Availto Com Stockholders": -36416000.0,
        "Net Income Common Stockholders": -36416000.0,
        "Otherunder Preferred Stock Dividend": 0.0,
        "Preferred Stock Dividends": NaN,
        "Net Income": -36416000.0,
        "Minority Interests": -664000.0,
        "Net Income Including Noncontrolling Interests": -35752000.0,
        "Net Income Discontinuous Operations": -374000.0,
        "Net Income Continuous Operations": -35378000.0,
        "Tax Provision": 66999000.0,
        "Pretax Income": 31621000.0,
        "Other Income Expense": 83261000.0,
        "Other Non Operating Income Expenses": 1188000.0,
        "Special Income Charges": 79068000.0,
        "Impairment Of Capital Assets": -79068000.0,
        "Gain On Sale Of Security": 3005000.0,
        "Net Non Operating Interest Income Expense": -48427000.0,
        "Interest Expense Non Operating": 48427000.0,
        "Operating Income": -3213000.0,
        "Operating Expense": 95054000.0,
        "Other Operating Expenses": 75333000.0,
        "Selling General And Administration": 19721000.0,
        "General And Administrative Expense": 19721000.0,
        "Insurance And Claims": 19721000.0,
        "Gross Profit": 91841000.0,
        "Cost Of Revenue": 541005000.0,
        "Total Revenue": 632846000.0,
        "Operating Revenue": 580743000.0
    },
    "2025-03-31": {
        "Tax Effect Of Unusual Items": -193620.0,
        "Tax Rate For Calcs": 0.21,
        "Normalized EBITDA": 42227000.0,
        "Total Unusual Items": -922000.0,
        "Total Unusual Items Excluding Goodwill": -922000.0,
        "Net Income From Continuing Operation Net Minority Interest": -50637000.0,
        "Reconciled Depreciation": 37360000.0,
        "Reconciled Cost Of Revenue": 537978000.0,
        "EBITDA": 41305000.0,
        "EBIT": 3945000.0,
        "Net Interest Income": -45547000.0,
        "Interest Expense": 45547000.0,
        "Normalized Income": -49908620.0,
        "Net Income From Continuing And Discontinued Operation": -50637000.0,
        "Total Expenses": 608518000.0,
        "Rent Expense Supplemental": 48792000.0,
        "Total Operating Income As Reported": 4763000.0,
        "Diluted Average Shares": 30141071.0,
        "Basic Average Shares": 30141071.0,
        "Diluted EPS": -1.68,
        "Basic EPS": -1.68,
        "Diluted NI Availto Com Stockholders": -50637000.0,
        "Net Income Common Stockholders": -50637000.0,
        "Otherunder Preferred Stock Dividend": NaN,
        "Preferred Stock Dividends": NaN,
        "Net Income": -50637000.0,
        "Minority Interests": 10554000.0,
        "Net Income Including Noncontrolling Interests": -61191000.0,
        "Net Income Discontinuous Operations": NaN,
        "Net Income Continuous Operations": -61191000.0,
        "Tax Provision": 19589000.0,
        "Pretax Income": -41602000.0,
        "Other Income Expense": -818000.0,
        "Other Non Operating Income Expenses": 104000.0,
        "Special Income Charges": NaN,
        "Impairment Of Capital Assets": NaN,
        "Gain On Sale Of Security": -922000.0,
        "Net Non Operating Interest Income Expense": -45547000.0,
        "Interest Expense Non Operating": 45547000.0,
        "Operating Income": 4763000.0,
        "Operating Expense": 70540000.0,
        "Other Operating Expenses": 55533000.0,
        "Selling General And Administration": 15007000.0,
        "General And Administrative Expense": 15007000.0,
        "Insurance And Claims": 15007000.0,
        "Gross Profit": 75303000.0,
        "Cost Of Revenue": 537978000.0,
        "Total Revenue": 613281000.0,
        "Operating Revenue": 613281000.0
    },
    "2025-06-30": {
        "Tax Effect Of Unusual Items": -977130.0,
        "Tax Rate For Calcs": 0.21,
        "Normalized EBITDA": 49672000.0,
        "Total Unusual Items": -4653000.0,
        "Total Unusual Items Excluding Goodwill": -4653000.0,
        "Net Income From Continuing Operation Net Minority Interest": -12583000.0,
        "Reconciled Depreciation": 36806000.0,
        "Reconciled Cost Of Revenue": 540379000.0,
        "EBITDA": 45019000.0,
        "EBIT": 8213000.0,
        "Net Interest Income": -45326000.0,
        "Interest Expense": 45326000.0,
        "Normalized Income": -8907130.0,
        "Net Income From Continuing And Discontinued Operation": -12583000.0,
        "Total Expenses": 599322000.0,
        "Rent Expense Supplemental": 49505000.0,
        "Total Operating Income As Reported": 19522000.0,
        "Diluted Average Shares": 30690244.0,
        "Basic Average Shares": 30690244.0,
        "Diluted EPS": -0.41,
        "Basic EPS": -0.41,
        "Diluted NI Availto Com Stockholders": -12583000.0,
        "Net Income Common Stockholders": -12583000.0,
        "Otherunder Preferred Stock Dividend": NaN,
        "Preferred Stock Dividends": NaN,
        "Net Income": -12583000.0,
        "Minority Interests": 7781000.0,
        "Net Income Including Noncontrolling Interests": -20364000.0,
        "Net Income Discontinuous Operations": 0.0,
        "Net Income Continuous Operations": -20364000.0,
        "Tax Provision": -16749000.0,
        "Pretax Income": -37113000.0,
        "Other Income Expense": -11309000.0,
        "Other Non Operating Income Expenses": -6656000.0,
        "Special Income Charges": 0.0,
        "Impairment Of Capital Assets": 0.0,
        "Gain On Sale Of Security": -4653000.0,
        "Net Non Operating Interest Income Expense": -45326000.0,
        "Interest Expense Non Operating": 45326000.0,
        "Operating Income": 19522000.0,
        "Operating Expense": 58943000.0,
        "Other Operating Expenses": 43407000.0,
        "Selling General And Administration": 15536000.0,
        "General And Administrative Expense": 15536000.0,
        "Insurance And Claims": 15536000.0,
        "Gross Profit": 78465000.0,
        "Cost Of Revenue": 540379000.0,
        "Total Revenue": 618844000.0,
        "Operating Revenue": 645158000.0
    },
    "2025-09-30": {
        "Tax Effect Of Unusual Items": -113190.0,
        "Tax Rate For Calcs": 0.21,
        "Normalized EBITDA": 59690000.0,
        "Total Unusual Items": -539000.0,
        "Total Unusual Items Excluding Goodwill": -539000.0,
        "Net Income From Continuing Operation Net Minority Interest": -16250000.0,
        "Reconciled Depreciation": 37748000.0,
        "Reconciled Cost Of Revenue": 543226000.0,
        "EBITDA": 59151000.0,
        "EBIT": 21403000.0,
        "Net Interest Income": -44775000.0,
        "Interest Expense": 44775000.0,
        "Normalized Income": -15824190.0,
        "Net Income From Continuing And Discontinued Operation": -16250000.0,
        "Total Expenses": 616756000.0,
        "Rent Expense Supplemental": 52150000.0,
        "Total Operating Income As Reported": 15007000.0,
        "Diluted Average Shares": 30972000.0,
        "Basic Average Shares": 30972000.0,
        "Diluted EPS": -0.52,
        "Basic EPS": -0.52,
        "Diluted NI Availto Com Stockholders": -16250000.0,
        "Net Income Common Stockholders": -16250000.0,
        "Otherunder Preferred Stock Dividend": NaN,
        "Preferred Stock Dividends": NaN,
        "Net Income": -16250000.0,
        "Minority Interests": 7507000.0,
        "Net Income Including Noncontrolling Interests": -23757000.0,
        "Net Income Discontinuous Operations": 0.0,
        "Net Income Continuous Operations": -23757000.0,
        "Tax Provision": 385000.0,
        "Pretax Income": -23372000.0,
        "Other Income Expense": 6396000.0,
        "Other Non Operating Income Expenses": 6935000.0,
        "Special Income Charges": 0.0,
        "Impairment Of Capital Assets": 0.0,
        "Gain On Sale Of Security": -539000.0,
        "Net Non Operating Interest Income Expense": -44775000.0,
        "Interest Expense Non Operating": 44775000.0,
        "Operating Income": 15007000.0,
        "Operating Expense": 73530000.0,
        "Other Operating Expenses": 60811000.0,
        "Selling General And Administration": 12719000.0,
        "General And Administrative Expense": 12719000.0,
        "Insurance And Claims": 12719000.0,
        "Gross Profit": 88537000.0,
        "Cost Of Revenue": 543226000.0,
        "Total Revenue": 631763000.0,
        "Operating Revenue": 656470000.0
    }
}