{
    "2023-03-31": {
        "Tax Effect Of Unusual Items": NaN,
        "Tax Rate For Calcs": NaN,
        "Normalized EBITDA": NaN,
        "Total Unusual Items": NaN,
        "Total Unusual Items Excluding Goodwill": NaN,
        "Net Income From Continuing Operation Net Minority Interest": NaN,
        "Reconciled Depreciation": NaN,
        "Reconciled Cost Of Revenue": NaN,
        "EBITDA": NaN,
        "EBIT": NaN,
        "Net Interest Income": NaN,
        "Interest Expense": NaN,
        "Normalized Income": NaN,
        "Net Income From Continuing And Discontinued Operation": NaN,
        "Total Expenses": NaN,
        "Rent Expense Supplemental": NaN,
        "Total Operating Income As Reported": NaN,
        "Diluted Average Shares": 60597729.0,
        "Basic Average Shares": 59243430.0,
        "Diluted EPS": 0.15,
        "Basic EPS": 0.16,
        "Diluted NI Availto Com Stockholders": NaN,
        "Net Income Common Stockholders": NaN,
        "Net Income": NaN,
        "Net Income Including Noncontrolling Interests": NaN,
        "Net Income Continuous Operations": NaN,
        "Tax Provision": NaN,
        "Pretax Income": NaN,
        "Other Income Expense": NaN,
        "Other Non Operating Income Expenses": NaN,
        "Special Income Charges": NaN,
        "Impairment Of Capital Assets": NaN,
        "Restructuring And Mergern Acquisition": NaN,
        "Net Non Operating Interest Income Expense": NaN,
        "Interest Expense Non Operating": NaN,
        "Operating Income": NaN,
        "Operating Expense": NaN,
        "Other Operating Expenses": NaN,
        "Depreciation Amortization Depletion Income Statement": NaN,
        "Depreciation And Amortization In Income Statement": NaN,
        "Selling General And Administration": NaN,
        "General And Administrative Expense": NaN,
        "Other Gand A": NaN,
        "Gross Profit": NaN,
        "Cost Of Revenue": NaN,
        "Total Revenue": NaN,
        "Operating Revenue": NaN
    },
    "2022-12-31": {
        "Tax Effect Of Unusual Items": NaN,
        "Tax Rate For Calcs": NaN,
        "Normalized EBITDA": NaN,
        "Total Unusual Items": NaN,
        "Total Unusual Items Excluding Goodwill": NaN,
        "Net Income From Continuing Operation Net Minority Interest": NaN,
        "Reconciled Depreciation": NaN,
        "Reconciled Cost Of Revenue": NaN,
        "EBITDA": NaN,
        "EBIT": NaN,
        "Net Interest Income": NaN,
        "Interest Expense": NaN,
        "Normalized Income": NaN,
        "Net Income From Continuing And Discontinued Operation": NaN,
        "Total Expenses": NaN,
        "Rent Expense Supplemental": NaN,
        "Total Operating Income As Reported": NaN,
        "Diluted Average Shares": 59193779.0,
        "Basic Average Shares": 59193779.0,
        "Diluted EPS": -0.01,
        "Basic EPS": -0.01,
        "Diluted NI Availto Com Stockholders": NaN,
        "Net Income Common Stockholders": NaN,
        "Net Income": NaN,
        "Net Income Including Noncontrolling Interests": NaN,
        "Net Income Continuous Operations": NaN,
        "Tax Provision": NaN,
        "Pretax Income": NaN,
        "Other Income Expense": NaN,
        "Other Non Operating Income Expenses": NaN,
        "Special Income Charges": NaN,
        "Impairment Of Capital Assets": NaN,
        "Restructuring And Mergern Acquisition": -1420000.0,
        "Net Non Operating Interest Income Expense": NaN,
        "Interest Expense Non Operating": NaN,
        "Operating Income": NaN,
        "Operating Expense": NaN,
        "Other Operating Expenses": NaN,
        "Depreciation Amortization Depletion Income Statement": NaN,
        "Depreciation And Amortization In Income Statement": NaN,
        "Selling General And Administration": NaN,
        "General And Administrative Expense": NaN,
        "Other Gand A": NaN,
        "Gross Profit": NaN,
        "Cost Of Revenue": NaN,
        "Total Revenue": NaN,
        "Operating Revenue": NaN
    },
    "2022-09-30": {
        "Tax Effect Of Unusual Items": -368970.0,
        "Tax Rate For Calcs": 0.21,
        "Normalized EBITDA": 13173000.0,
        "Total Unusual Items": -1757000.0,
        "Total Unusual Items Excluding Goodwill": -1757000.0,
        "Net Income From Continuing Operation Net Minority Interest": 46000.0,
        "Reconciled Depreciation": 8679000.0,
        "Reconciled Cost Of Revenue": 152106000.0,
        "EBITDA": 11416000.0,
        "EBIT": 2737000.0,
        "Net Interest Income": -1362000.0,
        "Interest Expense": 1362000.0,
        "Normalized Income": 1434030.0,
        "Net Income From Continuing And Discontinued Operation": 46000.0,
        "Total Expenses": 182474000.0,
        "Rent Expense Supplemental": 15091000.0,
        "Total Operating Income As Reported": 2621000.0,
        "Diluted Average Shares": 60464062.0,
        "Basic Average Shares": 59089831.0,
        "Diluted EPS": 0.000761,
        "Basic EPS": 0.000778,
        "Diluted NI Availto Com Stockholders": 46000.0,
        "Net Income Common Stockholders": 46000.0,
        "Net Income": 46000.0,
        "Net Income Including Noncontrolling Interests": 46000.0,
        "Net Income Continuous Operations": 46000.0,
        "Tax Provision": 1329000.0,
        "Pretax Income": 1375000.0,
        "Other Income Expense": -1641000.0,
        "Other Non Operating Income Expenses": 116000.0,
        "Special Income Charges": -1757000.0,
        "Impairment Of Capital Assets": 338000.0,
        "Restructuring And Mergern Acquisition": 1419000.0,
        "Net Non Operating Interest Income Expense": -1362000.0,
        "Interest Expense Non Operating": 1362000.0,
        "Operating Income": 4378000.0,
        "Operating Expense": 30368000.0,
        "Other Operating Expenses": NaN,
        "Depreciation Amortization Depletion Income Statement": 8679000.0,
        "Depreciation And Amortization In Income Statement": 8679000.0,
        "Selling General And Administration": 21689000.0,
        "General And Administrative Expense": 21689000.0,
        "Other Gand A": 21689000.0,
        "Gross Profit": 34746000.0,
        "Cost Of Revenue": 152106000.0,
        "Total Revenue": 186852000.0,
        "Operating Revenue": 186852000.0
    },
    "2022-06-30": {
        "Tax Effect Of Unusual Items": -51150.0,
        "Tax Rate For Calcs": 0.33,
        "Normalized EBITDA": 13724000.0,
        "Total Unusual Items": -155000.0,
        "Total Unusual Items Excluding Goodwill": -155000.0,
        "Net Income From Continuing Operation Net Minority Interest": 2707000.0,
        "Reconciled Depreciation": 8400000.0,
        "Reconciled Cost Of Revenue": 148603000.0,
        "EBITDA": 13569000.0,
        "EBIT": 5169000.0,
        "Net Interest Income": -1126000.0,
        "Interest Expense": 1126000.0,
        "Normalized Income": 2810850.0,
        "Net Income From Continuing And Discontinued Operation": 2707000.0,
        "Total Expenses": 179245000.0,
        "Rent Expense Supplemental": 14844000.0,
        "Total Operating Income As Reported": 5053000.0,
        "Diluted Average Shares": 59888029.0,
        "Basic Average Shares": 59057991.0,
        "Diluted EPS": 0.05,
        "Basic EPS": 0.05,
        "Diluted NI Availto Com Stockholders": 2707000.0,
        "Net Income Common Stockholders": 2707000.0,
        "Net Income": 2707000.0,
        "Net Income Including Noncontrolling Interests": 2707000.0,
        "Net Income Continuous Operations": 2707000.0,
        "Tax Provision": 1336000.0,
        "Pretax Income": 4043000.0,
        "Other Income Expense": -39000.0,
        "Other Non Operating Income Expenses": 116000.0,
        "Special Income Charges": -155000.0,
        "Impairment Of Capital Assets": 155000.0,
        "Restructuring And Mergern Acquisition": NaN,
        "Net Non Operating Interest Income Expense": -1126000.0,
        "Interest Expense Non Operating": 1126000.0,
        "Operating Income": 5208000.0,
        "Operating Expense": 30642000.0,
        "Other Operating Expenses": 300000.0,
        "Depreciation Amortization Depletion Income Statement": 8400000.0,
        "Depreciation And Amortization In Income Statement": 8400000.0,
        "Selling General And Administration": 21942000.0,
        "General And Administrative Expense": 21942000.0,
        "Other Gand A": 21942000.0,
        "Gross Profit": 35850000.0,
        "Cost Of Revenue": 148603000.0,
        "Total Revenue": 184453000.0,
        "Operating Revenue": 184453000.0
    },
    "2023-06-30": {
        "Tax Effect Of Unusual Items": NaN,
        "Tax Rate For Calcs": NaN,
        "Normalized EBITDA": NaN,
        "Total Unusual Items": NaN,
        "Total Unusual Items Excluding Goodwill": NaN,
        "Net Income From Continuing Operation Net Minority Interest": NaN,
        "Reconciled Depreciation": NaN,
        "Reconciled Cost Of Revenue": NaN,
        "EBITDA": NaN,
        "EBIT": NaN,
        "Net Interest Income": NaN,
        "Interest Expense": NaN,
        "Normalized Income": NaN,
        "Net Income From Continuing And Discontinued Operation": NaN,
        "Total Expenses": NaN,
        "Rent Expense Supplemental": NaN,
        "Total Operating Income As Reported": NaN,
        "Diluted Average Shares": 60944836.0,
        "Basic Average Shares": 59385510.0,
        "Diluted EPS": 0.13,
        "Basic EPS": 0.13,
        "Diluted NI Availto Com Stockholders": NaN,
        "Net Income Common Stockholders": NaN,
        "Net Income": NaN,
        "Net Income Including Noncontrolling Interests": NaN,
        "Net Income Continuous Operations": NaN,
        "Tax Provision": NaN,
        "Pretax Income": NaN,
        "Other Income Expense": NaN,
        "Other Non Operating Income Expenses": NaN,
        "Special Income Charges": NaN,
        "Impairment Of Capital Assets": NaN,
        "Restructuring And Mergern Acquisition": NaN,
        "Net Non Operating Interest Income Expense": NaN,
        "Interest Expense Non Operating": NaN,
        "Operating Income": NaN,
        "Operating Expense": NaN,
        "Other Operating Expenses": 1744000.0,
        "Depreciation Amortization Depletion Income Statement": NaN,
        "Depreciation And Amortization In Income Statement": NaN,
        "Selling General And Administration": NaN,
        "General And Administrative Expense": NaN,
        "Other Gand A": NaN,
        "Gross Profit": NaN,
        "Cost Of Revenue": NaN,
        "Total Revenue": NaN,
        "Operating Revenue": NaN
    },
    "2022-03-31": {
        "Diluted EPS": 0.08,
        "Total Revenue": 173,
        "Gross Profit": 37,
        "Operating Income": 8,
        "EBIT": 16,
        "Net Income": 5
    },
    "2021-12-31": {
        "Diluted EPS": -0.09,
        "Total Revenue": 163,
        "Gross Profit": 32,
        "Operating Income": -1,
        "EBIT": 7,
        "Net Income": -5
    },
    "2021-09-30": {
        "Diluted EPS": 0.02,
        "Total Revenue": 157,
        "Gross Profit": 33,
        "Operating Income": 7,
        "EBIT": 16,
        "Net Income": 1
    },
    "2021-06-30": {
        "Diluted EPS": 0.08,
        "Total Revenue": 154,
        "Gross Profit": 37,
        "Operating Income": 12,
        "EBIT": 21,
        "Net Income": 4
    },
    "2021-03-31": {
        "Diluted EPS": -0.05,
        "Total Revenue": 127,
        "Gross Profit": 25,
        "Operating Income": 4,
        "EBIT": 12,
        "Net Income": -2
    },
    "2020-12-31": {
        "Diluted EPS": 0.0,
        "Total Revenue": NaN,
        "Gross Profit": NaN,
        "Operating Income": NaN,
        "EBIT": NaN,
        "Net Income": NaN
    },
    "2020-09-30": {
        "Diluted EPS": -0.25,
        "Total Revenue": 100,
        "Gross Profit": 11,
        "Operating Income": -9,
        "EBIT": -9,
        "Net Income": -11
    },
    "2019-12-31": {
        "Diluted EPS": 0.0,
        "Total Revenue": NaN,
        "Gross Profit": NaN,
        "Operating Income": NaN,
        "EBIT": NaN,
        "Net Income": NaN
    },
    "2023-09-30": {
        "Tax Effect Of Unusual Items": NaN,
        "Tax Rate For Calcs": NaN,
        "Normalized EBITDA": NaN,
        "Total Unusual Items": NaN,
        "Total Unusual Items Excluding Goodwill": NaN,
        "Net Income From Continuing Operation Net Minority Interest": NaN,
        "Reconciled Depreciation": NaN,
        "Reconciled Cost Of Revenue": NaN,
        "EBITDA": NaN,
        "EBIT": NaN,
        "Net Interest Income": NaN,
        "Interest Expense": NaN,
        "Normalized Income": NaN,
        "Net Income From Continuing And Discontinued Operation": NaN,
        "Total Expenses": NaN,
        "Rent Expense Supplemental": NaN,
        "Total Operating Income As Reported": NaN,
        "Diluted Average Shares": 61562524.0,
        "Basic Average Shares": 59646027.0,
        "Diluted EPS": 0.09,
        "Basic EPS": 0.09,
        "Diluted NI Availto Com Stockholders": NaN,
        "Net Income Common Stockholders": NaN,
        "Net Income": NaN,
        "Net Income Including Noncontrolling Interests": NaN,
        "Net Income Continuous Operations": NaN,
        "Tax Provision": NaN,
        "Pretax Income": NaN,
        "Other Income Expense": NaN,
        "Other Non Operating Income Expenses": NaN,
        "Special Income Charges": NaN,
        "Impairment Of Capital Assets": NaN,
        "Restructuring And Mergern Acquisition": NaN,
        "Net Non Operating Interest Income Expense": NaN,
        "Interest Expense Non Operating": NaN,
        "Operating Income": NaN,
        "Operating Expense": NaN,
        "Other Operating Expenses": NaN,
        "Depreciation Amortization Depletion Income Statement": NaN,
        "Depreciation And Amortization In Income Statement": NaN,
        "Selling General And Administration": NaN,
        "General And Administrative Expense": NaN,
        "Other Gand A": NaN,
        "Gross Profit": NaN,
        "Cost Of Revenue": NaN,
        "Total Revenue": NaN,
        "Operating Revenue": NaN
    },
    "2023-12-31": {
        "Tax Effect Of Unusual Items": -282450.0,
        "Tax Rate For Calcs": 0.21,
        "Normalized EBITDA": 21352000.0,
        "Total Unusual Items": -1345000.0,
        "Total Unusual Items Excluding Goodwill": -1345000.0,
        "Net Income From Continuing Operation Net Minority Interest": 2648000.0,
        "Reconciled Depreciation": 12231000.0,
        "Reconciled Cost Of Revenue": 194249000.0,
        "EBITDA": 20007000.0,
        "EBIT": 7776000.0,
        "Net Interest Income": -2271000.0,
        "Interest Expense": 2271000.0,
        "Normalized Income": 3710550.0,
        "Net Income From Continuing And Discontinued Operation": 2648000.0,
        "Total Expenses": 236433000.0,
        "Rent Expense Supplemental": 18450000.0,
        "Total Operating Income As Reported": 6855000.0,
        "Diluted Average Shares": NaN,
        "Basic Average Shares": NaN,
        "Diluted EPS": NaN,
        "Basic EPS": NaN,
        "Diluted NI Availto Com Stockholders": 2648000.0,
        "Net Income Common Stockholders": 2648000.0,
        "Net Income": 2648000.0,
        "Net Income Including Noncontrolling Interests": 2648000.0,
        "Net Income Continuous Operations": 2648000.0,
        "Tax Provision": 2857000.0,
        "Pretax Income": 5505000.0,
        "Other Income Expense": -424000.0,
        "Other Non Operating Income Expenses": 921000.0,
        "Special Income Charges": -1345000.0,
        "Impairment Of Capital Assets": 741000.0,
        "Restructuring And Mergern Acquisition": -554000.0,
        "Net Non Operating Interest Income Expense": -2271000.0,
        "Interest Expense Non Operating": 2271000.0,
        "Operating Income": 8200000.0,
        "Operating Expense": 42184000.0,
        "Other Operating Expenses": NaN,
        "Depreciation Amortization Depletion Income Statement": 12231000.0,
        "Depreciation And Amortization In Income Statement": 12231000.0,
        "Selling General And Administration": 29953000.0,
        "General And Administrative Expense": 29953000.0,
        "Other Gand A": 29953000.0,
        "Gross Profit": 50384000.0,
        "Cost Of Revenue": 194249000.0,
        "Total Revenue": 244633000.0,
        "Operating Revenue": 244633000.0
    },
    "2024-03-31": {
        "Tax Effect Of Unusual Items": -220640.0,
        "Tax Rate For Calcs": 0.28,
        "Normalized EBITDA": 25671000.0,
        "Total Unusual Items": -788000.0,
        "Total Unusual Items Excluding Goodwill": -788000.0,
        "Net Income From Continuing Operation Net Minority Interest": 7214000.0,
        "Reconciled Depreciation": 12271000.0,
        "Reconciled Cost Of Revenue": 189446000.0,
        "EBITDA": 24883000.0,
        "EBIT": 12612000.0,
        "Net Interest Income": -2599000.0,
        "Interest Expense": 2599000.0,
        "Normalized Income": 7781360.0,
        "Net Income From Continuing And Discontinued Operation": 7214000.0,
        "Total Expenses": 229375000.0,
        "Rent Expense Supplemental": 19168000.0,
        "Total Operating Income As Reported": 12286000.0,
        "Diluted Average Shares": 62476379.0,
        "Basic Average Shares": 60012790.0,
        "Diluted EPS": 0.12,
        "Basic EPS": 0.12,
        "Diluted NI Availto Com Stockholders": 7214000.0,
        "Net Income Common Stockholders": 7214000.0,
        "Net Income": 7214000.0,
        "Net Income Including Noncontrolling Interests": 7214000.0,
        "Net Income Continuous Operations": 7214000.0,
        "Tax Provision": 2799000.0,
        "Pretax Income": 10013000.0,
        "Other Income Expense": -462000.0,
        "Other Non Operating Income Expenses": 326000.0,
        "Special Income Charges": -788000.0,
        "Impairment Of Capital Assets": 119000.0,
        "Restructuring And Mergern Acquisition": 669000.0,
        "Net Non Operating Interest Income Expense": -2599000.0,
        "Interest Expense Non Operating": 2599000.0,
        "Operating Income": 13074000.0,
        "Operating Expense": 39929000.0,
        "Other Operating Expenses": NaN,
        "Depreciation Amortization Depletion Income Statement": 12271000.0,
        "Depreciation And Amortization In Income Statement": 12271000.0,
        "Selling General And Administration": 27658000.0,
        "General And Administrative Expense": 27658000.0,
        "Other Gand A": 27658000.0,
        "Gross Profit": 53003000.0,
        "Cost Of Revenue": 189446000.0,
        "Total Revenue": 242449000.0,
        "Operating Revenue": 242449000.0
    },
    "2024-06-30": {
        "Tax Effect Of Unusual Items": -310812.0,
        "Tax Rate For Calcs": 0.354,
        "Normalized EBITDA": 32574000.0,
        "Total Unusual Items": -878000.0,
        "Total Unusual Items Excluding Goodwill": -878000.0,
        "Net Income From Continuing Operation Net Minority Interest": 8900000.0,
        "Reconciled Depreciation": 14536000.0,
        "Reconciled Cost Of Revenue": 199511000.0,
        "EBITDA": 31696000.0,
        "EBIT": 17160000.0,
        "Net Interest Income": -3381000.0,
        "Interest Expense": 3381000.0,
        "Normalized Income": 9467188.0,
        "Net Income From Continuing And Discontinued Operation": 8900000.0,
        "Total Expenses": 241236000.0,
        "Rent Expense Supplemental": 20490000.0,
        "Total Operating Income As Reported": 16447000.0,
        "Diluted Average Shares": 62464424.0,
        "Basic Average Shares": 60384696.0,
        "Diluted EPS": 0.14,
        "Basic EPS": 0.15,
        "Diluted NI Availto Com Stockholders": 8900000.0,
        "Net Income Common Stockholders": 8900000.0,
        "Net Income": 8900000.0,
        "Net Income Including Noncontrolling Interests": 8900000.0,
        "Net Income Continuous Operations": 8900000.0,
        "Tax Provision": 4879000.0,
        "Pretax Income": 13779000.0,
        "Other Income Expense": -165000.0,
        "Other Non Operating Income Expenses": 713000.0,
        "Special Income Charges": -878000.0,
        "Impairment Of Capital Assets": 153000.0,
        "Restructuring And Mergern Acquisition": 725000.0,
        "Net Non Operating Interest Income Expense": -3381000.0,
        "Interest Expense Non Operating": 3381000.0,
        "Operating Income": 17325000.0,
        "Operating Expense": 41725000.0,
        "Other Operating Expenses": NaN,
        "Depreciation Amortization Depletion Income Statement": 14536000.0,
        "Depreciation And Amortization In Income Statement": 14536000.0,
        "Selling General And Administration": 27189000.0,
        "General And Administrative Expense": 27189000.0,
        "Other Gand A": 27189000.0,
        "Gross Profit": 59050000.0,
        "Cost Of Revenue": 199511000.0,
        "Total Revenue": 258561000.0,
        "Operating Revenue": 258561000.0
    },
    "2024-09-30": {
        "Tax Effect Of Unusual Items": -193644.0,
        "Tax Rate For Calcs": 0.396,
        "Normalized EBITDA": 22579000.0,
        "Total Unusual Items": -489000.0,
        "Total Unusual Items Excluding Goodwill": -489000.0,
        "Net Income From Continuing Operation Net Minority Interest": 2112000.0,
        "Reconciled Depreciation": 15153000.0,
        "Reconciled Cost Of Revenue": 201974000.0,
        "EBITDA": 22090000.0,
        "EBIT": 6937000.0,
        "Net Interest Income": -3441000.0,
        "Interest Expense": 3441000.0,
        "Normalized Income": 2407356.0,
        "Net Income From Continuing And Discontinued Operation": 2112000.0,
        "Total Expenses": 244807000.0,
        "Rent Expense Supplemental": 21075000.0,
        "Total Operating Income As Reported": 6313000.0,
        "Diluted Average Shares": 61851127.0,
        "Basic Average Shares": 60428016.0,
        "Diluted EPS": 0.03,
        "Basic EPS": 0.03,
        "Diluted NI Availto Com Stockholders": 2112000.0,
        "Net Income Common Stockholders": 2112000.0,
        "Net Income": 2112000.0,
        "Net Income Including Noncontrolling Interests": 2112000.0,
        "Net Income Continuous Operations": 2112000.0,
        "Tax Provision": 1384000.0,
        "Pretax Income": 3496000.0,
        "Other Income Expense": 135000.0,
        "Other Non Operating Income Expenses": 624000.0,
        "Special Income Charges": -489000.0,
        "Impairment Of Capital Assets": 114000.0,
        "Restructuring And Mergern Acquisition": 375000.0,
        "Net Non Operating Interest Income Expense": -3441000.0,
        "Interest Expense Non Operating": 3441000.0,
        "Operating Income": 6802000.0,
        "Operating Expense": 42833000.0,
        "Other Operating Expenses": NaN,
        "Depreciation Amortization Depletion Income Statement": 15153000.0,
        "Depreciation And Amortization In Income Statement": 15153000.0,
        "Selling General And Administration": 27680000.0,
        "General And Administrative Expense": 27680000.0,
        "Other Gand A": 27680000.0,
        "Gross Profit": 49635000.0,
        "Cost Of Revenue": 201974000.0,
        "Total Revenue": 251609000.0,
        "Operating Revenue": 251609000.0
    },
    "2024-12-31": {
        "Tax Effect Of Unusual Items": -50573.170732,
        "Tax Rate For Calcs": 0.052846,
        "Normalized EBITDA": 20669000.0,
        "Total Unusual Items": -957000.0,
        "Total Unusual Items Excluding Goodwill": -957000.0,
        "Net Income From Continuing Operation Net Minority Interest": 699000.0,
        "Reconciled Depreciation": 15755000.0,
        "Reconciled Cost Of Revenue": 211975000.0,
        "EBITDA": 19712000.0,
        "EBIT": 3957000.0,
        "Net Interest Income": -3219000.0,
        "Interest Expense": 3219000.0,
        "Normalized Income": 1605426.829268,
        "Net Income From Continuing And Discontinued Operation": 699000.0,
        "Total Expenses": 258473000.0,
        "Rent Expense Supplemental": 21961000.0,
        "Total Operating Income As Reported": 3861000.0,
        "Diluted Average Shares": NaN,
        "Basic Average Shares": NaN,
        "Diluted EPS": NaN,
        "Basic EPS": NaN,
        "Diluted NI Availto Com Stockholders": 699000.0,
        "Net Income Common Stockholders": 699000.0,
        "Net Income": 699000.0,
        "Net Income Including Noncontrolling Interests": 699000.0,
        "Net Income Continuous Operations": 699000.0,
        "Tax Provision": 39000.0,
        "Pretax Income": 738000.0,
        "Other Income Expense": -861000.0,
        "Other Non Operating Income Expenses": 96000.0,
        "Special Income Charges": -957000.0,
        "Impairment Of Capital Assets": 139000.0,
        "Restructuring And Mergern Acquisition": -709000.0,
        "Net Non Operating Interest Income Expense": -3219000.0,
        "Interest Expense Non Operating": 3219000.0,
        "Operating Income": 4818000.0,
        "Operating Expense": 46498000.0,
        "Other Operating Expenses": NaN,
        "Depreciation Amortization Depletion Income Statement": 15755000.0,
        "Depreciation And Amortization In Income Statement": 15755000.0,
        "Selling General And Administration": 30743000.0,
        "General And Administrative Expense": 30743000.0,
        "Other Gand A": 30743000.0,
        "Gross Profit": 51316000.0,
        "Cost Of Revenue": 211975000.0,
        "Total Revenue": 263291000.0,
        "Operating Revenue": 263291000.0
    }
}