{
    "2022-09-30": {
        "Tax Effect Of Unusual Items": 1276800.0,
        "Tax Rate For Calcs": 0.4,
        "Normalized EBITDA": -35201000.0,
        "Total Unusual Items": 3192000.0,
        "Total Unusual Items Excluding Goodwill": 3192000.0,
        "Net Income From Continuing Operation Net Minority Interest": -60010000.0,
        "Reconciled Depreciation": 1371000.0,
        "Reconciled Cost Of Revenue": 9419000.0,
        "EBIT": -33380000.0,
        "Net Interest Income": -12620000.0,
        "Interest Expense": 12620000.0,
        "Normalized Income": -61925200.0,
        "Net Income From Continuing And Discontinued Operation": -60010000.0,
        "Total Expenses": 63332000.0,
        "Total Operating Income As Reported": -34005000.0,
        "Diluted Average Shares": 97100453.0,
        "Basic Average Shares": 97100453.0,
        "Diluted EPS": -0.62,
        "Basic EPS": -0.62,
        "Diluted NI Availto Com Stockholders": -60010000.0,
        "Net Income Common Stockholders": -60010000.0,
        "Net Income": -60010000.0,
        "Net Income Including Noncontrolling Interests": -60010000.0,
        "Net Income Continuous Operations": -60010000.0,
        "Tax Provision": 14010000.0,
        "Pretax Income": -46000000.0,
        "Other Income Expense": 625000.0,
        "Other Non Operating Income Expenses": -2567000.0,
        "Gain On Sale Of Security": 3192000.0,
        "Net Non Operating Interest Income Expense": -12620000.0,
        "Interest Expense Non Operating": 12620000.0,
        "Operating Income": -34005000.0,
        "Operating Expense": 53913000.0,
        "Selling General And Administration": 53913000.0,
        "Gross Profit": 19908000.0,
        "Cost Of Revenue": 9419000.0,
        "Total Revenue": 29327000.0,
        "Operating Revenue": 29327000.0
    },
    "2022-06-30": {
        "Tax Effect Of Unusual Items": 506000.0,
        "Tax Rate For Calcs": 0.4,
        "Normalized EBITDA": -30718000.0,
        "Total Unusual Items": 1265000.0,
        "Total Unusual Items Excluding Goodwill": 1265000.0,
        "Net Income From Continuing Operation Net Minority Interest": -34926000.0,
        "Reconciled Depreciation": 1262000.0,
        "Reconciled Cost Of Revenue": 10369000.0,
        "EBIT": -30715000.0,
        "Net Interest Income": -696000.0,
        "Interest Expense": 696000.0,
        "Normalized Income": -35685000.0,
        "Net Income From Continuing And Discontinued Operation": -34926000.0,
        "Total Expenses": 63197000.0,
        "Total Operating Income As Reported": -33164000.0,
        "Diluted Average Shares": 95917556.0,
        "Basic Average Shares": 95917556.0,
        "Diluted EPS": -0.36,
        "Basic EPS": -0.36,
        "Diluted NI Availto Com Stockholders": -34926000.0,
        "Net Income Common Stockholders": -34926000.0,
        "Net Income": -34926000.0,
        "Net Income Including Noncontrolling Interests": -34926000.0,
        "Net Income Continuous Operations": -34926000.0,
        "Tax Provision": 3515000.0,
        "Pretax Income": -31411000.0,
        "Other Income Expense": 2449000.0,
        "Other Non Operating Income Expenses": 1184000.0,
        "Gain On Sale Of Security": 1265000.0,
        "Net Non Operating Interest Income Expense": -696000.0,
        "Interest Expense Non Operating": 696000.0,
        "Operating Income": -33164000.0,
        "Operating Expense": 52828000.0,
        "Selling General And Administration": 52828000.0,
        "Gross Profit": 19664000.0,
        "Cost Of Revenue": 10369000.0,
        "Total Revenue": 30033000.0,
        "Operating Revenue": 30033000.0
    },
    "2022-03-31": {
        "Diluted EPS": 0.03,
        "Total Revenue": 50,
        "Gross Profit": 38,
        "Operating Income": 6,
        "EBIT": 8,
        "Net Income": 3
    },
    "2021-12-31": {
        "Diluted EPS": 0.78,
        "Total Revenue": 62,
        "Gross Profit": 45,
        "Operating Income": 8,
        "EBIT": 10,
        "Net Income": 15
    },
    "2021-09-30": {
        "Diluted EPS": -1.52,
        "Total Revenue": 27,
        "Gross Profit": 20,
        "Operating Income": -91,
        "EBIT": -61,
        "Net Income": -130
    },
    "2021-06-30": {
        "Diluted EPS": -1.04,
        "Total Revenue": 27,
        "Gross Profit": 22,
        "Operating Income": 3,
        "EBIT": 6,
        "Net Income": -31
    },
    "2021-03-31": {
        "Diluted EPS": -1.26,
        "Total Revenue": 18,
        "Gross Profit": 14,
        "Operating Income": -3,
        "EBIT": -1,
        "Net Income": -37
    },
    "2020-12-31": {
        "Diluted EPS": 0.0,
        "Total Revenue": NaN,
        "Gross Profit": NaN,
        "Operating Income": NaN,
        "EBIT": NaN,
        "Net Income": NaN
    },
    "2020-09-30": {
        "Diluted EPS": 0.03,
        "Total Revenue": 22,
        "Gross Profit": 15,
        "Operating Income": 5,
        "EBIT": 5,
        "Net Income": 2
    },
    "2020-06-30": {
        "Diluted EPS": 0.07,
        "Total Revenue": 17,
        "Gross Profit": 13,
        "Operating Income": 6,
        "EBIT": 6,
        "Net Income": 6
    }
}