{
    "2023-06-30": {
        "Tax Effect Of Unusual Items": NaN,
        "Tax Rate For Calcs": NaN,
        "Total Unusual Items": 0.0,
        "Total Unusual Items Excluding Goodwill": 0.0,
        "Net Income From Continuing Operation Net Minority Interest": NaN,
        "Reconciled Depreciation": NaN,
        "Net Interest Income": NaN,
        "Interest Expense": NaN,
        "Interest Income": NaN,
        "Normalized Income": NaN,
        "Net Income From Continuing And Discontinued Operation": NaN,
        "Diluted Average Shares": NaN,
        "Basic Average Shares": NaN,
        "Diluted EPS": NaN,
        "Basic EPS": NaN,
        "Diluted NI Availto Com Stockholders": NaN,
        "Net Income Common Stockholders": NaN,
        "Net Income": NaN,
        "Net Income Including Noncontrolling Interests": NaN,
        "Net Income Continuous Operations": NaN,
        "Tax Provision": NaN,
        "Pretax Income": NaN,
        "Special Income Charges": 0.0,
        "Other Special Charges": NaN,
        "Gain On Sale Of Security": NaN,
        "Depreciation Amortization Depletion Income Statement": NaN,
        "Depreciation And Amortization In Income Statement": NaN,
        "Amortization": NaN,
        "Amortization Of Intangibles Income Statement": NaN,
        "Selling General And Administration": NaN,
        "Selling And Marketing Expense": NaN,
        "General And Administrative Expense": NaN,
        "Insurance And Claims": NaN,
        "Salaries And Wages": NaN,
        "Total Revenue": NaN,
        "Operating Revenue": NaN,
        "Occupancy And Equipment": NaN,
        "Professional Expense And Contract Services Expense": NaN,
        "Other Non Interest Expense": NaN
    },
    "2023-03-31": {
        "Tax Effect Of Unusual Items": NaN,
        "Tax Rate For Calcs": NaN,
        "Total Unusual Items": 0.0,
        "Total Unusual Items Excluding Goodwill": 0.0,
        "Net Income From Continuing Operation Net Minority Interest": NaN,
        "Reconciled Depreciation": NaN,
        "Net Interest Income": NaN,
        "Interest Expense": NaN,
        "Interest Income": NaN,
        "Normalized Income": NaN,
        "Net Income From Continuing And Discontinued Operation": NaN,
        "Diluted Average Shares": NaN,
        "Basic Average Shares": NaN,
        "Diluted EPS": NaN,
        "Basic EPS": NaN,
        "Diluted NI Availto Com Stockholders": NaN,
        "Net Income Common Stockholders": NaN,
        "Net Income": NaN,
        "Net Income Including Noncontrolling Interests": NaN,
        "Net Income Continuous Operations": NaN,
        "Tax Provision": NaN,
        "Pretax Income": NaN,
        "Special Income Charges": 0.0,
        "Other Special Charges": NaN,
        "Gain On Sale Of Security": NaN,
        "Depreciation Amortization Depletion Income Statement": NaN,
        "Depreciation And Amortization In Income Statement": NaN,
        "Amortization": NaN,
        "Amortization Of Intangibles Income Statement": NaN,
        "Selling General And Administration": NaN,
        "Selling And Marketing Expense": NaN,
        "General And Administrative Expense": NaN,
        "Insurance And Claims": NaN,
        "Salaries And Wages": NaN,
        "Total Revenue": NaN,
        "Operating Revenue": NaN,
        "Occupancy And Equipment": NaN,
        "Professional Expense And Contract Services Expense": NaN,
        "Other Non Interest Expense": NaN
    },
    "2022-12-31": {
        "Tax Effect Of Unusual Items": 0.0,
        "Tax Rate For Calcs": 0.191507,
        "Net Income From Continuing Operation Net Minority Interest": 4779000.0,
        "Reconciled Depreciation": 381000.0,
        "Net Interest Income": 11983000.0,
        "Interest Expense": 1730000.0,
        "Interest Income": 13713000.0,
        "Normalized Income": 4779000.0,
        "Net Income From Continuing And Discontinued Operation": 4779000.0,
        "Diluted Average Shares": 6272409.0,
        "Basic Average Shares": 6262821.0,
        "Diluted EPS": 0.76,
        "Basic EPS": 0.76,
        "Diluted NI Availto Com Stockholders": 4779000.0,
        "Net Income Common Stockholders": 4779000.0,
        "Net Income": 4779000.0,
        "Net Income Including Noncontrolling Interests": 4779000.0,
        "Net Income Continuous Operations": 4779000.0,
        "Tax Provision": 1132000.0,
        "Pretax Income": 5911000.0,
        "Gain On Sale Of Security": 881000.0,
        "Depreciation Amortization Depletion Income Statement": 4000.0,
        "Depreciation And Amortization In Income Statement": 4000.0,
        "Amortization": 4000.0,
        "Amortization Of Intangibles Income Statement": 4000.0,
        "Selling General And Administration": 5623000.0,
        "Selling And Marketing Expense": 228000.0,
        "General And Administrative Expense": 5395000.0,
        "Insurance And Claims": 70000.0,
        "Salaries And Wages": 5325000.0,
        "Total Revenue": 15754000.0,
        "Operating Revenue": 15754000.0
    },
    "2022-09-30": {
        "Tax Effect Of Unusual Items": NaN,
        "Tax Rate For Calcs": NaN,
        "Total Unusual Items": NaN,
        "Total Unusual Items Excluding Goodwill": NaN,
        "Net Income From Continuing Operation Net Minority Interest": NaN,
        "Reconciled Depreciation": NaN,
        "Net Interest Income": NaN,
        "Interest Expense": NaN,
        "Interest Income": NaN,
        "Normalized Income": NaN,
        "Net Income From Continuing And Discontinued Operation": NaN,
        "Diluted Average Shares": NaN,
        "Basic Average Shares": NaN,
        "Diluted EPS": NaN,
        "Basic EPS": NaN,
        "Diluted NI Availto Com Stockholders": NaN,
        "Net Income Common Stockholders": NaN,
        "Net Income": NaN,
        "Net Income Including Noncontrolling Interests": NaN,
        "Net Income Continuous Operations": NaN,
        "Tax Provision": NaN,
        "Pretax Income": NaN,
        "Special Income Charges": NaN,
        "Other Special Charges": NaN,
        "Gain On Sale Of Security": NaN,
        "Depreciation Amortization Depletion Income Statement": NaN,
        "Depreciation And Amortization In Income Statement": NaN,
        "Amortization": NaN,
        "Amortization Of Intangibles Income Statement": NaN,
        "Selling General And Administration": NaN,
        "Selling And Marketing Expense": NaN,
        "General And Administrative Expense": NaN,
        "Other Gand A": 360000.0,
        "Insurance And Claims": NaN,
        "Salaries And Wages": NaN,
        "Total Revenue": NaN,
        "Operating Revenue": NaN
    },
    "2022-06-30": {
        "Tax Effect Of Unusual Items": 0.0,
        "Tax Rate For Calcs": 0.192971,
        "Net Income From Continuing Operation Net Minority Interest": 3835000.0,
        "Reconciled Depreciation": 5000.0,
        "Net Interest Income": 11269000.0,
        "Interest Expense": 549000.0,
        "Interest Income": 11818000.0,
        "Normalized Income": 3835000.0,
        "Net Income From Continuing And Discontinued Operation": 3835000.0,
        "Diluted Average Shares": 6257478.0,
        "Basic Average Shares": 6250329.0,
        "Diluted EPS": 0.61,
        "Basic EPS": 0.61,
        "Diluted NI Availto Com Stockholders": 3835000.0,
        "Net Income Common Stockholders": 3835000.0,
        "Net Income": 3835000.0,
        "Net Income Including Noncontrolling Interests": 3835000.0,
        "Net Income Continuous Operations": 3835000.0,
        "Tax Provision": 917000.0,
        "Pretax Income": 4752000.0,
        "Gain On Sale Of Security": 0.0,
        "Depreciation Amortization Depletion Income Statement": 5000.0,
        "Depreciation And Amortization In Income Statement": 5000.0,
        "Amortization": 5000.0,
        "Amortization Of Intangibles Income Statement": 5000.0,
        "Selling General And Administration": 5441000.0,
        "Selling And Marketing Expense": 223000.0,
        "General And Administrative Expense": 5218000.0,
        "Other Gand A": 352000.0,
        "Insurance And Claims": 132000.0,
        "Salaries And Wages": 5086000.0,
        "Total Revenue": 13723000.0,
        "Operating Revenue": 13723000.0
    },
    "2022-03-31": {
        "Diluted EPS": 0.6,
        "Total Revenue": 14,
        "Gross Profit": 13,
        "Operating Income": 5,
        "EBIT": NaN,
        "Net Income": 4
    },
    "2021-12-31": {
        "Diluted EPS": 0.29,
        "Total Revenue": 14,
        "Gross Profit": 13,
        "Operating Income": 3,
        "EBIT": NaN,
        "Net Income": 2
    },
    "2021-09-30": {
        "Diluted EPS": 0.38,
        "Total Revenue": 13,
        "Gross Profit": 12,
        "Operating Income": 3,
        "EBIT": NaN,
        "Net Income": 2
    },
    "2021-06-30": {
        "Diluted EPS": 0.69,
        "Total Revenue": 10,
        "Gross Profit": 10,
        "Operating Income": 4,
        "EBIT": NaN,
        "Net Income": 3
    },
    "2021-03-31": {
        "Diluted EPS": 0.5,
        "Total Revenue": 10,
        "Gross Profit": 10,
        "Operating Income": 3,
        "EBIT": NaN,
        "Net Income": 2
    },
    "2020-12-31": {
        "Diluted EPS": 0.66,
        "Total Revenue": 10,
        "Gross Profit": 10,
        "Operating Income": 4,
        "EBIT": NaN,
        "Net Income": 3
    },
    "2020-09-30": {
        "Diluted EPS": 0.36,
        "Total Revenue": 11,
        "Gross Profit": 10,
        "Operating Income": 2,
        "EBIT": NaN,
        "Net Income": 2
    },
    "2020-06-30": {
        "Diluted EPS": 0.46,
        "Total Revenue": 10,
        "Gross Profit": 9,
        "Operating Income": 3,
        "EBIT": NaN,
        "Net Income": 2
    },
    "2020-03-31": {
        "Diluted EPS": 0.34,
        "Total Revenue": 10,
        "Gross Profit": 9,
        "Operating Income": 2,
        "EBIT": NaN,
        "Net Income": 2
    },
    "2019-12-31": {
        "Diluted EPS": 0.54,
        "Total Revenue": 11,
        "Gross Profit": 9,
        "Operating Income": 3,
        "EBIT": NaN,
        "Net Income": 3
    },
    "2019-09-30": {
        "Diluted EPS": 0.5,
        "Total Revenue": 11,
        "Gross Profit": 9,
        "Operating Income": 3,
        "EBIT": NaN,
        "Net Income": 2
    },
    "2019-06-30": {
        "Diluted EPS": 0.42,
        "Total Revenue": 10,
        "Gross Profit": 9,
        "Operating Income": 3,
        "EBIT": NaN,
        "Net Income": 2
    },
    "2019-03-31": {
        "Diluted EPS": 0.46,
        "Total Revenue": 10,
        "Gross Profit": 9,
        "Operating Income": 3,
        "EBIT": NaN,
        "Net Income": 2
    },
    "2018-12-31": {
        "Diluted EPS": 0.47,
        "Total Revenue": 10,
        "Gross Profit": 9,
        "Operating Income": 3,
        "EBIT": NaN,
        "Net Income": 2
    },
    "2018-09-30": {
        "Diluted EPS": 0.54,
        "Total Revenue": 10,
        "Gross Profit": 9,
        "Operating Income": 3,
        "EBIT": NaN,
        "Net Income": 3
    },
    "2018-06-30": {
        "Diluted EPS": 0.49,
        "Total Revenue": 10,
        "Gross Profit": 9,
        "Operating Income": 3,
        "EBIT": NaN,
        "Net Income": 2
    },
    "2018-03-31": {
        "Diluted EPS": 0.54,
        "Total Revenue": 10,
        "Gross Profit": 9,
        "Operating Income": 3,
        "EBIT": NaN,
        "Net Income": 3
    },
    "2017-12-31": {
        "Diluted EPS": 0.26,
        "Total Revenue": 10,
        "Gross Profit": 9,
        "Operating Income": 3,
        "EBIT": NaN,
        "Net Income": 1
    },
    "2017-09-30": {
        "Diluted EPS": 0.37,
        "Total Revenue": 9,
        "Gross Profit": 8,
        "Operating Income": 3,
        "EBIT": NaN,
        "Net Income": 2
    },
    "2017-06-30": {
        "Diluted EPS": 0.36,
        "Total Revenue": 9,
        "Gross Profit": 8,
        "Operating Income": 3,
        "EBIT": NaN,
        "Net Income": 2
    },
    "2017-03-31": {
        "Diluted EPS": 0.31,
        "Total Revenue": 8,
        "Gross Profit": 8,
        "Operating Income": 2,
        "EBIT": NaN,
        "Net Income": 2
    },
    "2016-12-31": {
        "Diluted EPS": 0.35,
        "Total Revenue": 9,
        "Gross Profit": 8,
        "Operating Income": 2,
        "EBIT": NaN,
        "Net Income": 2
    },
    "2016-09-30": {
        "Diluted EPS": 0.34,
        "Total Revenue": 9,
        "Gross Profit": 8,
        "Operating Income": 2,
        "EBIT": NaN,
        "Net Income": 2
    },
    "2016-06-30": {
        "Diluted EPS": 0.29,
        "Total Revenue": 8,
        "Gross Profit": 8,
        "Operating Income": 2,
        "EBIT": NaN,
        "Net Income": 1
    },
    "2016-03-31": {
        "Diluted EPS": 0.22,
        "Total Revenue": 8,
        "Gross Profit": 8,
        "Operating Income": 2,
        "EBIT": NaN,
        "Net Income": 1
    },
    "2015-12-31": {
        "Diluted EPS": 0.17,
        "Total Revenue": 8,
        "Gross Profit": 8,
        "Operating Income": 1,
        "EBIT": NaN,
        "Net Income": 1
    },
    "2015-09-30": {
        "Diluted EPS": 0.08,
        "Total Revenue": 8,
        "Gross Profit": 8,
        "Operating Income": 1,
        "EBIT": NaN,
        "Net Income": 0
    },
    "2015-06-30": {
        "Diluted EPS": 0.02,
        "Total Revenue": 8,
        "Gross Profit": 7,
        "Operating Income": 1,
        "EBIT": NaN,
        "Net Income": 0
    },
    "2015-03-31": {
        "Diluted EPS": 0.04,
        "Total Revenue": 7,
        "Gross Profit": 6,
        "Operating Income": 1,
        "EBIT": NaN,
        "Net Income": 0
    },
    "2014-12-31": {
        "Diluted EPS": 0.68,
        "Total Revenue": 8,
        "Gross Profit": 7,
        "Operating Income": 6,
        "EBIT": NaN,
        "Net Income": 3
    },
    "2014-09-30": {
        "Diluted EPS": 0.19,
        "Total Revenue": 7,
        "Gross Profit": 6,
        "Operating Income": 2,
        "EBIT": NaN,
        "Net Income": 1
    },
    "2014-06-30": {
        "Diluted EPS": 0.26,
        "Total Revenue": 7,
        "Gross Profit": 6,
        "Operating Income": 2,
        "EBIT": NaN,
        "Net Income": 1
    },
    "2014-03-31": {
        "Diluted EPS": 0.19,
        "Total Revenue": 7,
        "Gross Profit": 6,
        "Operating Income": 2,
        "EBIT": NaN,
        "Net Income": 1
    },
    "2013-12-31": {
        "Diluted EPS": 1.46,
        "Total Revenue": 7,
        "Gross Profit": 6,
        "Operating Income": 3,
        "EBIT": NaN,
        "Net Income": 7
    },
    "2013-09-30": {
        "Diluted EPS": 0.21,
        "Total Revenue": 7,
        "Gross Profit": 6,
        "Operating Income": 1,
        "EBIT": NaN,
        "Net Income": 1
    },
    "2013-06-30": {
        "Diluted EPS": 0.01,
        "Total Revenue": 7,
        "Gross Profit": 7,
        "Operating Income": -1,
        "EBIT": NaN,
        "Net Income": 0
    },
    "2013-03-31": {
        "Diluted EPS": 0.15,
        "Total Revenue": 7,
        "Gross Profit": 6,
        "Operating Income": 1,
        "EBIT": NaN,
        "Net Income": 1
    },
    "2012-12-31": {
        "Diluted EPS": 0.15,
        "Total Revenue": 7,
        "Gross Profit": 6,
        "Operating Income": 1,
        "EBIT": NaN,
        "Net Income": 1
    },
    "2012-09-30": {
        "Diluted EPS": 0.09,
        "Total Revenue": 7,
        "Gross Profit": 6,
        "Operating Income": 1,
        "EBIT": NaN,
        "Net Income": 0
    },
    "2012-06-30": {
        "Diluted EPS": 0.16,
        "Total Revenue": 7,
        "Gross Profit": 6,
        "Operating Income": 1,
        "EBIT": NaN,
        "Net Income": 0
    },
    "2012-03-31": {
        "Diluted EPS": 0.08,
        "Total Revenue": 9,
        "Gross Profit": 8,
        "Operating Income": 1,
        "EBIT": NaN,
        "Net Income": 0
    },
    "2011-12-31": {
        "Diluted EPS": -2.82,
        "Total Revenue": 8,
        "Gross Profit": 7,
        "Operating Income": -3,
        "EBIT": NaN,
        "Net Income": -8
    },
    "2011-09-30": {
        "Diluted EPS": -1.05,
        "Total Revenue": 8,
        "Gross Profit": 7,
        "Operating Income": -4,
        "EBIT": NaN,
        "Net Income": -3
    },
    "2011-06-30": {
        "Diluted EPS": -0.4,
        "Total Revenue": 8,
        "Gross Profit": 7,
        "Operating Income": -1,
        "EBIT": NaN,
        "Net Income": -1
    },
    "2011-03-31": {
        "Diluted EPS": 0.26,
        "Total Revenue": 8,
        "Gross Profit": 6,
        "Operating Income": 1,
        "EBIT": NaN,
        "Net Income": 1
    },
    "2010-12-31": {
        "Diluted EPS": -2.12,
        "Total Revenue": 9,
        "Gross Profit": 7,
        "Operating Income": -9,
        "EBIT": NaN,
        "Net Income": -6
    },
    "2010-09-30": {
        "Diluted EPS": 0.16,
        "Total Revenue": 8,
        "Gross Profit": 7,
        "Operating Income": 1,
        "EBIT": NaN,
        "Net Income": 0
    },
    "2010-06-30": {
        "Diluted EPS": 0.18,
        "Total Revenue": 8,
        "Gross Profit": 7,
        "Operating Income": 1,
        "EBIT": NaN,
        "Net Income": 1
    },
    "2010-03-31": {
        "Diluted EPS": 0.27,
        "Total Revenue": 8,
        "Gross Profit": 6,
        "Operating Income": 1,
        "EBIT": NaN,
        "Net Income": 1
    },
    "2009-12-31": {
        "Diluted EPS": 0.28,
        "Total Revenue": 9,
        "Gross Profit": 6,
        "Operating Income": 1,
        "EBIT": NaN,
        "Net Income": 1
    },
    "2009-09-30": {
        "Diluted EPS": 0.2,
        "Total Revenue": 8,
        "Gross Profit": 6,
        "Operating Income": 1,
        "EBIT": NaN,
        "Net Income": 1
    },
    "2009-06-30": {
        "Diluted EPS": 0.01,
        "Total Revenue": 8,
        "Gross Profit": 6,
        "Operating Income": 0,
        "EBIT": NaN,
        "Net Income": 0
    },
    "2009-03-31": {
        "Diluted EPS": 0.0,
        "Total Revenue": 8,
        "Gross Profit": 5,
        "Operating Income": 0,
        "EBIT": NaN,
        "Net Income": 0
    },
    "2023-09-30": {
        "Tax Effect Of Unusual Items": NaN,
        "Tax Rate For Calcs": NaN,
        "Total Unusual Items": 0.0,
        "Total Unusual Items Excluding Goodwill": 0.0,
        "Net Income From Continuing Operation Net Minority Interest": NaN,
        "Reconciled Depreciation": NaN,
        "Net Interest Income": NaN,
        "Interest Expense": NaN,
        "Interest Income": NaN,
        "Normalized Income": NaN,
        "Net Income From Continuing And Discontinued Operation": NaN,
        "Diluted Average Shares": 6271351.0,
        "Basic Average Shares": 6256663.0,
        "Diluted EPS": 0.5,
        "Basic EPS": 0.5,
        "Diluted NI Availto Com Stockholders": NaN,
        "Net Income Common Stockholders": NaN,
        "Net Income": NaN,
        "Net Income Including Noncontrolling Interests": NaN,
        "Net Income Continuous Operations": NaN,
        "Tax Provision": NaN,
        "Pretax Income": NaN,
        "Special Income Charges": 0.0,
        "Other Special Charges": NaN,
        "Gain On Sale Of Security": NaN,
        "Depreciation Amortization Depletion Income Statement": NaN,
        "Depreciation And Amortization In Income Statement": NaN,
        "Amortization": NaN,
        "Amortization Of Intangibles Income Statement": NaN,
        "Selling General And Administration": NaN,
        "Selling And Marketing Expense": NaN,
        "General And Administrative Expense": NaN,
        "Insurance And Claims": NaN,
        "Salaries And Wages": NaN,
        "Total Revenue": NaN,
        "Operating Revenue": NaN,
        "Occupancy And Equipment": NaN,
        "Professional Expense And Contract Services Expense": NaN,
        "Other Non Interest Expense": NaN
    },
    "2023-12-31": {
        "Tax Effect Of Unusual Items": 0.0,
        "Tax Rate For Calcs": 0.273891,
        "Total Unusual Items": NaN,
        "Total Unusual Items Excluding Goodwill": NaN,
        "Net Income From Continuing Operation Net Minority Interest": -851000.0,
        "Reconciled Depreciation": 407000.0,
        "Net Interest Income": 10779000.0,
        "Interest Expense": 4465000.0,
        "Interest Income": 15244000.0,
        "Normalized Income": -851000.0,
        "Net Income From Continuing And Discontinued Operation": -851000.0,
        "Diluted Average Shares": 6282815.0,
        "Basic Average Shares": 6261500.0,
        "Diluted EPS": -0.14,
        "Basic EPS": -0.14,
        "Diluted NI Availto Com Stockholders": -851000.0,
        "Net Income Common Stockholders": -851000.0,
        "Net Income": -851000.0,
        "Net Income Including Noncontrolling Interests": -851000.0,
        "Net Income Continuous Operations": -851000.0,
        "Tax Provision": -321000.0,
        "Pretax Income": -1172000.0,
        "Special Income Charges": NaN,
        "Other Special Charges": NaN,
        "Gain On Sale Of Security": 186000.0,
        "Depreciation Amortization Depletion Income Statement": 4000.0,
        "Depreciation And Amortization In Income Statement": 4000.0,
        "Amortization": 4000.0,
        "Amortization Of Intangibles Income Statement": 4000.0,
        "Selling General And Administration": 5343000.0,
        "Selling And Marketing Expense": 190000.0,
        "General And Administrative Expense": 5153000.0,
        "Insurance And Claims": 154000.0,
        "Salaries And Wages": 4999000.0,
        "Total Revenue": 13518000.0,
        "Operating Revenue": 13518000.0,
        "Occupancy And Equipment": 1189000.0,
        "Professional Expense And Contract Services Expense": 443000.0,
        "Other Non Interest Expense": 1808000.0
    },
    "2024-03-31": {
        "Tax Effect Of Unusual Items": NaN,
        "Tax Rate For Calcs": NaN,
        "Total Unusual Items": NaN,
        "Total Unusual Items Excluding Goodwill": NaN,
        "Net Income From Continuing Operation Net Minority Interest": NaN,
        "Reconciled Depreciation": NaN,
        "Net Interest Income": NaN,
        "Interest Expense": NaN,
        "Interest Income": NaN,
        "Normalized Income": NaN,
        "Net Income From Continuing And Discontinued Operation": NaN,
        "Diluted Average Shares": NaN,
        "Basic Average Shares": NaN,
        "Diluted EPS": NaN,
        "Basic EPS": NaN,
        "Diluted NI Availto Com Stockholders": NaN,
        "Net Income Common Stockholders": NaN,
        "Net Income": NaN,
        "Net Income Including Noncontrolling Interests": NaN,
        "Net Income Continuous Operations": NaN,
        "Tax Provision": NaN,
        "Pretax Income": NaN,
        "Special Income Charges": NaN,
        "Other Special Charges": 50000.0,
        "Restructuring And Mergern Acquisition": 0.0,
        "Gain On Sale Of Security": NaN,
        "Depreciation Amortization Depletion Income Statement": NaN,
        "Depreciation And Amortization In Income Statement": NaN,
        "Amortization": NaN,
        "Amortization Of Intangibles Income Statement": NaN,
        "Selling General And Administration": NaN,
        "Selling And Marketing Expense": NaN,
        "General And Administrative Expense": NaN,
        "Insurance And Claims": NaN,
        "Salaries And Wages": NaN,
        "Total Revenue": NaN,
        "Operating Revenue": NaN,
        "Occupancy And Equipment": NaN,
        "Professional Expense And Contract Services Expense": NaN,
        "Other Non Interest Expense": NaN
    },
    "2024-06-30": {
        "Tax Effect Of Unusual Items": -103775.392502,
        "Tax Rate For Calcs": 0.217558,
        "Total Unusual Items": -477000.0,
        "Total Unusual Items Excluding Goodwill": -477000.0,
        "Net Income From Continuing Operation Net Minority Interest": 2442000.0,
        "Reconciled Depreciation": 447000.0,
        "Net Interest Income": 11462000.0,
        "Interest Expense": 5561000.0,
        "Interest Income": 17023000.0,
        "Normalized Income": 2815224.607498,
        "Net Income From Continuing And Discontinued Operation": 2442000.0,
        "Diluted Average Shares": NaN,
        "Basic Average Shares": NaN,
        "Diluted EPS": NaN,
        "Basic EPS": NaN,
        "Diluted NI Availto Com Stockholders": 2442000.0,
        "Net Income Common Stockholders": 2442000.0,
        "Net Income": 2442000.0,
        "Net Income Including Noncontrolling Interests": 2442000.0,
        "Net Income Continuous Operations": 2442000.0,
        "Tax Provision": 679000.0,
        "Pretax Income": 3121000.0,
        "Special Income Charges": -477000.0,
        "Other Special Charges": NaN,
        "Restructuring And Mergern Acquisition": 477000.0,
        "Gain On Sale Of Security": 0.0,
        "Depreciation Amortization Depletion Income Statement": 5000.0,
        "Depreciation And Amortization In Income Statement": 5000.0,
        "Amortization": 5000.0,
        "Amortization Of Intangibles Income Statement": 5000.0,
        "Selling General And Administration": 6315000.0,
        "Selling And Marketing Expense": 273000.0,
        "General And Administrative Expense": 6042000.0,
        "Insurance And Claims": 203000.0,
        "Salaries And Wages": 5839000.0,
        "Total Revenue": 13812000.0,
        "Operating Revenue": 13812000.0,
        "Occupancy And Equipment": 1239000.0,
        "Professional Expense And Contract Services Expense": 1124000.0,
        "Other Non Interest Expense": 1131000.0
    },
    "2024-09-30": {
        "Tax Effect Of Unusual Items": -390.0,
        "Tax Rate For Calcs": 0.195,
        "Total Unusual Items": -2000.0,
        "Total Unusual Items Excluding Goodwill": -2000.0,
        "Net Income From Continuing Operation Net Minority Interest": 2248000.0,
        "Reconciled Depreciation": 452000.0,
        "Net Interest Income": 11716000.0,
        "Interest Expense": 5695000.0,
        "Interest Income": 17411000.0,
        "Normalized Income": 2249610.0,
        "Net Income From Continuing And Discontinued Operation": 2248000.0,
        "Diluted Average Shares": 6303282.0,
        "Basic Average Shares": 6287997.0,
        "Diluted EPS": 0.36,
        "Basic EPS": 0.36,
        "Diluted NI Availto Com Stockholders": 2248000.0,
        "Net Income Common Stockholders": 2248000.0,
        "Net Income": 2248000.0,
        "Net Income Including Noncontrolling Interests": 2248000.0,
        "Net Income Continuous Operations": 2248000.0,
        "Tax Provision": 545000.0,
        "Pretax Income": 2793000.0,
        "Special Income Charges": -2000.0,
        "Other Special Charges": 2000.0,
        "Restructuring And Mergern Acquisition": NaN,
        "Gain On Sale Of Security": 39000.0,
        "Depreciation Amortization Depletion Income Statement": 4000.0,
        "Depreciation And Amortization In Income Statement": 4000.0,
        "Amortization": 4000.0,
        "Amortization Of Intangibles Income Statement": 4000.0,
        "Selling General And Administration": 6384000.0,
        "Selling And Marketing Expense": 262000.0,
        "General And Administrative Expense": 6122000.0,
        "Insurance And Claims": 195000.0,
        "Salaries And Wages": 5927000.0,
        "Total Revenue": 14558000.0,
        "Operating Revenue": 14558000.0,
        "Occupancy And Equipment": 1311000.0,
        "Professional Expense And Contract Services Expense": 596000.0,
        "Other Non Interest Expense": 1768000.0
    },
    "2024-12-31": {
        "Tax Effect Of Unusual Items": -1088640.0,
        "Tax Rate For Calcs": 0.21,
        "Total Unusual Items": -5184000.0,
        "Total Unusual Items Excluding Goodwill": -5184000.0,
        "Net Income From Continuing Operation Net Minority Interest": -933000.0,
        "Reconciled Depreciation": 1093000.0,
        "Net Interest Income": 18255000.0,
        "Interest Expense": 7127000.0,
        "Interest Income": 25382000.0,
        "Normalized Income": 3162360.0,
        "Net Income From Continuing And Discontinued Operation": -933000.0,
        "Diluted Average Shares": 8994315.0,
        "Basic Average Shares": 8971649.0,
        "Diluted EPS": -0.1,
        "Basic EPS": -0.1,
        "Diluted NI Availto Com Stockholders": -933000.0,
        "Net Income Common Stockholders": -933000.0,
        "Net Income": -933000.0,
        "Net Income Including Noncontrolling Interests": -933000.0,
        "Net Income Continuous Operations": -933000.0,
        "Tax Provision": -943000.0,
        "Pretax Income": -1876000.0,
        "Special Income Charges": -5184000.0,
        "Other Special Charges": -3000.0,
        "Restructuring And Mergern Acquisition": NaN,
        "Gain On Sale Of Security": -154000.0,
        "Depreciation Amortization Depletion Income Statement": 448000.0,
        "Depreciation And Amortization In Income Statement": 448000.0,
        "Amortization": 448000.0,
        "Amortization Of Intangibles Income Statement": 448000.0,
        "Selling General And Administration": 8089000.0,
        "Selling And Marketing Expense": 307000.0,
        "General And Administrative Expense": 7782000.0,
        "Insurance And Claims": 285000.0,
        "Salaries And Wages": 7497000.0,
        "Total Revenue": 21498000.0,
        "Operating Revenue": 21498000.0,
        "Occupancy And Equipment": 2028000.0,
        "Professional Expense And Contract Services Expense": -179000.0,
        "Other Non Interest Expense": 3054000.0
    },
    "2025-03-31": {
        "Tax Effect Of Unusual Items": -304423.0,
        "Tax Rate For Calcs": 0.157,
        "Total Unusual Items": -1939000.0,
        "Total Unusual Items Excluding Goodwill": -1939000.0,
        "Net Income From Continuing Operation Net Minority Interest": 1598000.0,
        "Reconciled Depreciation": 1107000.0,
        "Net Interest Income": 17392000.0,
        "Interest Expense": 6571000.0,
        "Interest Income": 23963000.0,
        "Normalized Income": 3232577.0,
        "Net Income From Continuing And Discontinued Operation": 1598000.0,
        "Diluted Average Shares": 9005923.0,
        "Basic Average Shares": 8979527.0,
        "Diluted EPS": 0.18,
        "Basic EPS": 0.18,
        "Diluted NI Availto Com Stockholders": 1598000.0,
        "Net Income Common Stockholders": 1598000.0,
        "Net Income": 1598000.0,
        "Net Income Including Noncontrolling Interests": 1598000.0,
        "Net Income Continuous Operations": 1598000.0,
        "Tax Provision": 297000.0,
        "Pretax Income": 1895000.0,
        "Special Income Charges": -1939000.0,
        "Other Special Charges": -1000.0,
        "Restructuring And Mergern Acquisition": 1940000.0,
        "Gain On Sale Of Security": 0.0,
        "Depreciation Amortization Depletion Income Statement": 442000.0,
        "Depreciation And Amortization In Income Statement": 442000.0,
        "Amortization": 442000.0,
        "Amortization Of Intangibles Income Statement": 442000.0,
        "Selling General And Administration": 9323000.0,
        "Selling And Marketing Expense": 220000.0,
        "General And Administrative Expense": 9103000.0,
        "Insurance And Claims": 414000.0,
        "Salaries And Wages": 8689000.0,
        "Total Revenue": 20624000.0,
        "Operating Revenue": 20624000.0,
        "Occupancy And Equipment": 2093000.0,
        "Professional Expense And Contract Services Expense": 522000.0,
        "Other Non Interest Expense": 3578000.0
    },
    "2025-06-30": {
        "Tax Effect Of Unusual Items": -20065.66693,
        "Tax Rate For Calcs": 0.202684,
        "Total Unusual Items": -99000.0,
        "Total Unusual Items Excluding Goodwill": -99000.0,
        "Net Income From Continuing Operation Net Minority Interest": 5051000.0,
        "Reconciled Depreciation": 1116000.0,
        "Net Interest Income": 18479000.0,
        "Interest Expense": 6617000.0,
        "Interest Income": 25096000.0,
        "Normalized Income": 5129934.33307,
        "Net Income From Continuing And Discontinued Operation": 5051000.0,
        "Diluted Average Shares": 9001972.0,
        "Basic Average Shares": 8987179.0,
        "Diluted EPS": 0.56,
        "Basic EPS": 0.56,
        "Diluted NI Availto Com Stockholders": 5051000.0,
        "Net Income Common Stockholders": 5051000.0,
        "Net Income": 5051000.0,
        "Net Income Including Noncontrolling Interests": 5051000.0,
        "Net Income Continuous Operations": 5051000.0,
        "Tax Provision": 1284000.0,
        "Pretax Income": 6335000.0,
        "Special Income Charges": -99000.0,
        "Other Special Charges": 7000.0,
        "Restructuring And Mergern Acquisition": 92000.0,
        "Gain On Sale Of Security": 80000.0,
        "Depreciation Amortization Depletion Income Statement": 441000.0,
        "Depreciation And Amortization In Income Statement": 441000.0,
        "Amortization": 441000.0,
        "Amortization Of Intangibles Income Statement": 441000.0,
        "Selling General And Administration": 8634000.0,
        "Selling And Marketing Expense": 286000.0,
        "General And Administrative Expense": 8348000.0,
        "Insurance And Claims": 315000.0,
        "Salaries And Wages": 8033000.0,
        "Total Revenue": 21900000.0,
        "Operating Revenue": 21900000.0,
        "Occupancy And Equipment": 2001000.0,
        "Professional Expense And Contract Services Expense": 594000.0,
        "Other Non Interest Expense": 2885000.0
    },
    "2025-09-30": {
        "Tax Effect Of Unusual Items": NaN,
        "Tax Rate For Calcs": NaN,
        "Total Unusual Items": NaN,
        "Total Unusual Items Excluding Goodwill": NaN,
        "Net Income From Continuing Operation Net Minority Interest": NaN,
        "Reconciled Depreciation": NaN,
        "Net Interest Income": NaN,
        "Interest Expense": NaN,
        "Interest Income": NaN,
        "Normalized Income": NaN,
        "Net Income From Continuing And Discontinued Operation": NaN,
        "Diluted Average Shares": 9023185.0,
        "Basic Average Shares": 8999153.0,
        "Diluted EPS": 0.62,
        "Basic EPS": 0.62,
        "Diluted NI Availto Com Stockholders": NaN,
        "Net Income Common Stockholders": NaN,
        "Net Income": NaN,
        "Net Income Including Noncontrolling Interests": NaN,
        "Net Income Continuous Operations": NaN,
        "Tax Provision": NaN,
        "Pretax Income": NaN,
        "Special Income Charges": NaN,
        "Other Special Charges": NaN,
        "Restructuring And Mergern Acquisition": NaN,
        "Gain On Sale Of Security": NaN,
        "Depreciation Amortization Depletion Income Statement": NaN,
        "Depreciation And Amortization In Income Statement": NaN,
        "Amortization": NaN,
        "Amortization Of Intangibles Income Statement": NaN,
        "Selling General And Administration": NaN,
        "Selling And Marketing Expense": NaN,
        "General And Administrative Expense": NaN,
        "Insurance And Claims": NaN,
        "Salaries And Wages": NaN,
        "Total Revenue": NaN,
        "Operating Revenue": NaN,
        "Occupancy And Equipment": NaN,
        "Professional Expense And Contract Services Expense": NaN,
        "Other Non Interest Expense": NaN
    }
}