{
    "2023-06-30": {
        "Tax Effect Of Unusual Items": NaN,
        "Tax Rate For Calcs": NaN,
        "Normalized EBITDA": NaN,
        "Total Unusual Items": 0.0,
        "Total Unusual Items Excluding Goodwill": 0.0,
        "Net Income From Continuing Operation Net Minority Interest": NaN,
        "Reconciled Depreciation": NaN,
        "Reconciled Cost Of Revenue": NaN,
        "EBITDA": NaN,
        "EBIT": NaN,
        "Net Interest Income": NaN,
        "Interest Expense": NaN,
        "Normalized Income": NaN,
        "Net Income From Continuing And Discontinued Operation": NaN,
        "Total Expenses": NaN,
        "Total Operating Income As Reported": NaN,
        "Diluted Average Shares": NaN,
        "Basic Average Shares": NaN,
        "Diluted EPS": NaN,
        "Basic EPS": NaN,
        "Diluted NI Availto Com Stockholders": NaN,
        "Net Income Common Stockholders": NaN,
        "Net Income": NaN,
        "Minority Interests": NaN,
        "Net Income Including Noncontrolling Interests": NaN,
        "Net Income Discontinuous Operations": 0.0,
        "Net Income Continuous Operations": NaN,
        "Tax Provision": NaN,
        "Pretax Income": NaN,
        "Other Income Expense": -125000.0,
        "Special Income Charges": 0.0,
        "Restructuring And Mergern Acquisition": 0.0,
        "Earnings From Equity Interest": NaN,
        "Net Non Operating Interest Income Expense": NaN,
        "Interest Expense Non Operating": NaN,
        "Operating Income": NaN,
        "Operating Expense": NaN,
        "Selling General And Administration": NaN,
        "Selling And Marketing Expense": NaN,
        "General And Administrative Expense": NaN,
        "Other Gand A": NaN,
        "Gross Profit": NaN,
        "Cost Of Revenue": NaN,
        "Total Revenue": NaN,
        "Operating Revenue": NaN
    },
    "2023-03-31": {
        "Tax Effect Of Unusual Items": NaN,
        "Tax Rate For Calcs": NaN,
        "Normalized EBITDA": NaN,
        "Total Unusual Items": 0.0,
        "Total Unusual Items Excluding Goodwill": 0.0,
        "Net Income From Continuing Operation Net Minority Interest": NaN,
        "Reconciled Depreciation": NaN,
        "Reconciled Cost Of Revenue": NaN,
        "EBITDA": NaN,
        "EBIT": NaN,
        "Net Interest Income": NaN,
        "Interest Expense": NaN,
        "Normalized Income": NaN,
        "Net Income From Continuing And Discontinued Operation": NaN,
        "Total Expenses": NaN,
        "Total Operating Income As Reported": NaN,
        "Diluted Average Shares": NaN,
        "Basic Average Shares": NaN,
        "Diluted EPS": NaN,
        "Basic EPS": NaN,
        "Diluted NI Availto Com Stockholders": NaN,
        "Net Income Common Stockholders": NaN,
        "Net Income": NaN,
        "Minority Interests": NaN,
        "Net Income Including Noncontrolling Interests": NaN,
        "Net Income Discontinuous Operations": 0.0,
        "Net Income Continuous Operations": NaN,
        "Tax Provision": NaN,
        "Pretax Income": NaN,
        "Other Income Expense": -125000.0,
        "Special Income Charges": 0.0,
        "Restructuring And Mergern Acquisition": 0.0,
        "Earnings From Equity Interest": NaN,
        "Net Non Operating Interest Income Expense": NaN,
        "Interest Expense Non Operating": NaN,
        "Operating Income": NaN,
        "Operating Expense": NaN,
        "Selling General And Administration": NaN,
        "Selling And Marketing Expense": NaN,
        "General And Administrative Expense": NaN,
        "Other Gand A": NaN,
        "Gross Profit": NaN,
        "Cost Of Revenue": NaN,
        "Total Revenue": NaN,
        "Operating Revenue": NaN
    },
    "2022-12-31": {
        "Tax Effect Of Unusual Items": NaN,
        "Tax Rate For Calcs": NaN,
        "Normalized EBITDA": NaN,
        "Total Unusual Items": 0.0,
        "Total Unusual Items Excluding Goodwill": 0.0,
        "Net Income From Continuing Operation Net Minority Interest": NaN,
        "Reconciled Depreciation": NaN,
        "Reconciled Cost Of Revenue": NaN,
        "EBITDA": NaN,
        "EBIT": NaN,
        "Net Interest Income": NaN,
        "Interest Expense": NaN,
        "Normalized Income": NaN,
        "Net Income From Continuing And Discontinued Operation": NaN,
        "Total Expenses": NaN,
        "Total Operating Income As Reported": NaN,
        "Diluted Average Shares": NaN,
        "Basic Average Shares": NaN,
        "Diluted EPS": NaN,
        "Basic EPS": NaN,
        "Diluted NI Availto Com Stockholders": NaN,
        "Net Income Common Stockholders": NaN,
        "Net Income": NaN,
        "Minority Interests": NaN,
        "Net Income Including Noncontrolling Interests": NaN,
        "Net Income Discontinuous Operations": -60000.0,
        "Net Income Continuous Operations": NaN,
        "Tax Provision": NaN,
        "Pretax Income": NaN,
        "Other Income Expense": 0.0,
        "Special Income Charges": 0.0,
        "Other Special Charges": 0.0,
        "Restructuring And Mergern Acquisition": 0.0,
        "Earnings From Equity Interest": NaN,
        "Net Non Operating Interest Income Expense": NaN,
        "Interest Expense Non Operating": NaN,
        "Operating Income": NaN,
        "Operating Expense": NaN,
        "Selling General And Administration": NaN,
        "Selling And Marketing Expense": NaN,
        "General And Administrative Expense": NaN,
        "Other Gand A": NaN,
        "Gross Profit": NaN,
        "Cost Of Revenue": NaN,
        "Total Revenue": NaN,
        "Operating Revenue": NaN
    },
    "2022-09-30": {
        "Tax Effect Of Unusual Items": NaN,
        "Tax Rate For Calcs": NaN,
        "Normalized EBITDA": NaN,
        "Total Unusual Items": NaN,
        "Total Unusual Items Excluding Goodwill": NaN,
        "Net Income From Continuing Operation Net Minority Interest": NaN,
        "Reconciled Depreciation": NaN,
        "Reconciled Cost Of Revenue": NaN,
        "EBITDA": NaN,
        "EBIT": NaN,
        "Net Interest Income": NaN,
        "Interest Expense": NaN,
        "Normalized Income": NaN,
        "Net Income From Continuing And Discontinued Operation": NaN,
        "Total Expenses": NaN,
        "Total Operating Income As Reported": NaN,
        "Diluted Average Shares": NaN,
        "Basic Average Shares": NaN,
        "Diluted EPS": NaN,
        "Basic EPS": NaN,
        "Diluted NI Availto Com Stockholders": NaN,
        "Net Income Common Stockholders": NaN,
        "Net Income": NaN,
        "Minority Interests": NaN,
        "Net Income Including Noncontrolling Interests": NaN,
        "Net Income Discontinuous Operations": NaN,
        "Net Income Continuous Operations": NaN,
        "Tax Provision": NaN,
        "Pretax Income": NaN,
        "Other Income Expense": -2000000.0,
        "Special Income Charges": NaN,
        "Other Special Charges": 2000000.0,
        "Restructuring And Mergern Acquisition": NaN,
        "Earnings From Equity Interest": NaN,
        "Net Non Operating Interest Income Expense": NaN,
        "Interest Expense Non Operating": NaN,
        "Operating Income": NaN,
        "Operating Expense": NaN,
        "Selling General And Administration": NaN,
        "Selling And Marketing Expense": NaN,
        "General And Administrative Expense": NaN,
        "Other Gand A": NaN,
        "Gross Profit": NaN,
        "Cost Of Revenue": NaN,
        "Total Revenue": NaN,
        "Operating Revenue": NaN
    },
    "2022-06-30": {
        "Tax Effect Of Unusual Items": 0.0,
        "Tax Rate For Calcs": 0.0,
        "Normalized EBITDA": 4295000.0,
        "Total Unusual Items": 0.0,
        "Total Unusual Items Excluding Goodwill": 0.0,
        "Net Income From Continuing Operation Net Minority Interest": 248000.0,
        "Reconciled Depreciation": 3997000.0,
        "Reconciled Cost Of Revenue": 2759000.0,
        "EBITDA": 4295000.0,
        "EBIT": 298000.0,
        "Net Interest Income": -50000.0,
        "Interest Expense": 50000.0,
        "Normalized Income": 248000.0,
        "Net Income From Continuing And Discontinued Operation": 116000.0,
        "Total Expenses": 20422000.0,
        "Total Operating Income As Reported": 298000.0,
        "Diluted Average Shares": 20795000.0,
        "Basic Average Shares": 20788000.0,
        "Diluted EPS": 0.0,
        "Basic EPS": 0.0,
        "Diluted NI Availto Com Stockholders": 116000.0,
        "Net Income Common Stockholders": 116000.0,
        "Net Income": 116000.0,
        "Net Income Including Noncontrolling Interests": 116000.0,
        "Net Income Discontinuous Operations": -132000.0,
        "Net Income Continuous Operations": 248000.0,
        "Tax Provision": 0.0,
        "Pretax Income": 248000.0,
        "Other Income Expense": NaN,
        "Special Income Charges": 0.0,
        "Other Special Charges": NaN,
        "Restructuring And Mergern Acquisition": 0.0,
        "Net Non Operating Interest Income Expense": -50000.0,
        "Interest Expense Non Operating": 50000.0,
        "Operating Income": 298000.0,
        "Operating Expense": 17663000.0,
        "Selling General And Administration": 17663000.0,
        "Selling And Marketing Expense": 15869000.0,
        "General And Administrative Expense": 1794000.0,
        "Other Gand A": 1794000.0,
        "Gross Profit": 17961000.0,
        "Cost Of Revenue": 2759000.0,
        "Total Revenue": 20720000.0,
        "Operating Revenue": 20720000.0
    },
    "2022-03-31": {
        "Diluted EPS": 0.0,
        "Total Revenue": 22,
        "Gross Profit": 19,
        "Operating Income": 0,
        "EBIT": 4,
        "Net Income": 0
    },
    "2021-12-31": {
        "Diluted EPS": 0.11,
        "Total Revenue": 21,
        "Gross Profit": 18,
        "Operating Income": 0,
        "EBIT": 4,
        "Net Income": 2
    },
    "2021-09-30": {
        "Diluted EPS": 0.03,
        "Total Revenue": 20,
        "Gross Profit": 18,
        "Operating Income": 1,
        "EBIT": 4,
        "Net Income": 1
    },
    "2021-06-30": {
        "Diluted EPS": 0.03,
        "Total Revenue": 19,
        "Gross Profit": 17,
        "Operating Income": 1,
        "EBIT": 4,
        "Net Income": 1
    },
    "2021-03-31": {
        "Diluted EPS": 0.02,
        "Total Revenue": 19,
        "Gross Profit": 16,
        "Operating Income": 0,
        "EBIT": 4,
        "Net Income": 0
    },
    "2020-12-31": {
        "Diluted EPS": 0.03,
        "Total Revenue": 19,
        "Gross Profit": 16,
        "Operating Income": 0,
        "EBIT": 4,
        "Net Income": 0
    },
    "2020-09-30": {
        "Diluted EPS": 0.32,
        "Total Revenue": 18,
        "Gross Profit": 15,
        "Operating Income": 0,
        "EBIT": 3,
        "Net Income": 6
    },
    "2020-06-30": {
        "Diluted EPS": -0.13,
        "Total Revenue": 16,
        "Gross Profit": 14,
        "Operating Income": -2,
        "EBIT": 1,
        "Net Income": -3
    },
    "2020-03-31": {
        "Diluted EPS": -0.19,
        "Total Revenue": 15,
        "Gross Profit": 13,
        "Operating Income": -3,
        "EBIT": 0,
        "Net Income": -4
    },
    "2019-12-31": {
        "Diluted EPS": -0.14,
        "Total Revenue": 15,
        "Gross Profit": 13,
        "Operating Income": -3,
        "EBIT": 0,
        "Net Income": -3
    },
    "2019-09-30": {
        "Diluted EPS": -0.23,
        "Total Revenue": 14,
        "Gross Profit": 12,
        "Operating Income": -4,
        "EBIT": -1,
        "Net Income": -4
    },
    "2019-06-30": {
        "Diluted EPS": -0.25,
        "Total Revenue": 13,
        "Gross Profit": 11,
        "Operating Income": -4,
        "EBIT": -2,
        "Net Income": -4
    },
    "2019-03-31": {
        "Diluted EPS": -0.38,
        "Total Revenue": 12,
        "Gross Profit": 11,
        "Operating Income": -6,
        "EBIT": -4,
        "Net Income": -7
    },
    "2018-12-31": {
        "Diluted EPS": -0.63,
        "Total Revenue": 12,
        "Gross Profit": 10,
        "Operating Income": -11,
        "EBIT": -9,
        "Net Income": -11
    },
    "2018-09-30": {
        "Diluted EPS": -0.58,
        "Total Revenue": 11,
        "Gross Profit": 10,
        "Operating Income": -11,
        "EBIT": -9,
        "Net Income": -10
    },
    "2018-06-30": {
        "Diluted EPS": -0.36,
        "Total Revenue": 10,
        "Gross Profit": 9,
        "Operating Income": -7,
        "EBIT": -5,
        "Net Income": -6
    },
    "2018-03-31": {
        "Diluted EPS": -0.39,
        "Total Revenue": 9,
        "Gross Profit": 8,
        "Operating Income": -8,
        "EBIT": -6,
        "Net Income": -6
    },
    "2017-12-31": {
        "Diluted EPS": -0.37,
        "Total Revenue": 8,
        "Gross Profit": 7,
        "Operating Income": -6,
        "EBIT": -5,
        "Net Income": -6
    },
    "2017-09-30": {
        "Diluted EPS": -0.34,
        "Total Revenue": 8,
        "Gross Profit": 6,
        "Operating Income": -6,
        "EBIT": -5,
        "Net Income": -5
    },
    "2017-06-30": {
        "Diluted EPS": -0.42,
        "Total Revenue": 7,
        "Gross Profit": 6,
        "Operating Income": -6,
        "EBIT": -5,
        "Net Income": -6
    },
    "2017-03-31": {
        "Diluted EPS": -0.41,
        "Total Revenue": 6,
        "Gross Profit": 5,
        "Operating Income": -7,
        "EBIT": -6,
        "Net Income": -6
    },
    "2016-12-31": {
        "Diluted EPS": -1.84,
        "Total Revenue": 5,
        "Gross Profit": 4,
        "Operating Income": -5,
        "EBIT": -4,
        "Net Income": -3
    },
    "2016-09-30": {
        "Diluted EPS": 6.64,
        "Total Revenue": 4,
        "Gross Profit": 4,
        "Operating Income": -4,
        "EBIT": -3,
        "Net Income": 100
    },
    "2016-06-30": {
        "Diluted EPS": -0.1,
        "Total Revenue": 4,
        "Gross Profit": 3,
        "Operating Income": -3,
        "EBIT": -2,
        "Net Income": -2
    },
    "2016-03-31": {
        "Diluted EPS": -0.31,
        "Total Revenue": 4,
        "Gross Profit": 3,
        "Operating Income": -4,
        "EBIT": -3,
        "Net Income": -8
    },
    "2015-12-31": {
        "Diluted EPS": 0.09,
        "Total Revenue": 58,
        "Gross Profit": 27,
        "Operating Income": 4,
        "EBIT": 5,
        "Net Income": 2
    },
    "2015-09-30": {
        "Diluted EPS": -0.36,
        "Total Revenue": 4,
        "Gross Profit": 3,
        "Operating Income": -1,
        "EBIT": 0,
        "Net Income": -9
    },
    "2015-06-30": {
        "Diluted EPS": -0.05,
        "Total Revenue": 3,
        "Gross Profit": 3,
        "Operating Income": -2,
        "EBIT": -1,
        "Net Income": -1
    },
    "2015-03-31": {
        "Diluted EPS": -0.16,
        "Total Revenue": 38,
        "Gross Profit": 17,
        "Operating Income": -3,
        "EBIT": -2,
        "Net Income": -4
    },
    "2014-12-31": {
        "Diluted EPS": -0.1,
        "Total Revenue": -101,
        "Gross Profit": -42,
        "Operating Income": -3,
        "EBIT": -3,
        "Net Income": -2
    },
    "2014-09-30": {
        "Diluted EPS": -0.12,
        "Total Revenue": 41,
        "Gross Profit": 18,
        "Operating Income": -2,
        "EBIT": -1,
        "Net Income": -3
    },
    "2014-06-30": {
        "Diluted EPS": -0.1,
        "Total Revenue": 32,
        "Gross Profit": 15,
        "Operating Income": -3,
        "EBIT": -2,
        "Net Income": -2
    },
    "2014-03-31": {
        "Diluted EPS": -0.09,
        "Total Revenue": 38,
        "Gross Profit": 17,
        "Operating Income": -2,
        "EBIT": -1,
        "Net Income": -2
    },
    "2013-12-31": {
        "Diluted EPS": -0.31,
        "Total Revenue": 51,
        "Gross Profit": 22,
        "Operating Income": -12,
        "EBIT": -11,
        "Net Income": -7
    },
    "2013-09-30": {
        "Diluted EPS": 0.01,
        "Total Revenue": 36,
        "Gross Profit": 15,
        "Operating Income": -3,
        "EBIT": -2,
        "Net Income": 0
    },
    "2013-06-30": {
        "Diluted EPS": 0.35,
        "Total Revenue": 32,
        "Gross Profit": 13,
        "Operating Income": -4,
        "EBIT": -3,
        "Net Income": 8
    },
    "2013-03-31": {
        "Diluted EPS": -0.01,
        "Total Revenue": 37,
        "Gross Profit": 16,
        "Operating Income": -3,
        "EBIT": -2,
        "Net Income": 0
    },
    "2012-12-31": {
        "Diluted EPS": 0.07,
        "Total Revenue": 46,
        "Gross Profit": 19,
        "Operating Income": 0,
        "EBIT": -2,
        "Net Income": 2
    },
    "2012-09-30": {
        "Diluted EPS": -0.49,
        "Total Revenue": 43,
        "Gross Profit": 24,
        "Operating Income": 0,
        "EBIT": 2,
        "Net Income": -11
    },
    "2012-06-30": {
        "Diluted EPS": -0.09,
        "Total Revenue": 45,
        "Gross Profit": 28,
        "Operating Income": -2,
        "EBIT": 0,
        "Net Income": -2
    },
    "2012-03-31": {
        "Diluted EPS": -0.05,
        "Total Revenue": 47,
        "Gross Profit": 27,
        "Operating Income": -1,
        "EBIT": 1,
        "Net Income": -1
    },
    "2011-12-31": {
        "Diluted EPS": -0.81,
        "Total Revenue": 45,
        "Gross Profit": -2,
        "Operating Income": -21,
        "EBIT": -20,
        "Net Income": -19
    },
    "2011-09-30": {
        "Diluted EPS": -0.05,
        "Total Revenue": 73,
        "Gross Profit": 32,
        "Operating Income": -2,
        "EBIT": 0,
        "Net Income": -1
    },
    "2011-06-30": {
        "Diluted EPS": -0.18,
        "Total Revenue": 51,
        "Gross Profit": 23,
        "Operating Income": -7,
        "EBIT": -6,
        "Net Income": -4
    },
    "2011-03-31": {
        "Diluted EPS": -0.04,
        "Total Revenue": 55,
        "Gross Profit": 26,
        "Operating Income": -2,
        "EBIT": 0,
        "Net Income": -1
    },
    "2010-12-31": {
        "Diluted EPS": 0.17,
        "Total Revenue": 83,
        "Gross Profit": 42,
        "Operating Income": 7,
        "EBIT": 9,
        "Net Income": 4
    },
    "2010-09-30": {
        "Diluted EPS": 0.04,
        "Total Revenue": 72,
        "Gross Profit": 33,
        "Operating Income": 1,
        "EBIT": 3,
        "Net Income": 1
    },
    "2010-06-30": {
        "Diluted EPS": -0.02,
        "Total Revenue": 56,
        "Gross Profit": 29,
        "Operating Income": -1,
        "EBIT": 1,
        "Net Income": -1
    },
    "2010-03-31": {
        "Diluted EPS": -0.01,
        "Total Revenue": 62,
        "Gross Profit": 32,
        "Operating Income": -1,
        "EBIT": 1,
        "Net Income": 0
    },
    "2009-12-31": {
        "Diluted EPS": 0.16,
        "Total Revenue": 88,
        "Gross Profit": 46,
        "Operating Income": 7,
        "EBIT": 9,
        "Net Income": 4
    },
    "2009-09-30": {
        "Diluted EPS": 0.02,
        "Total Revenue": 74,
        "Gross Profit": 36,
        "Operating Income": 1,
        "EBIT": 3,
        "Net Income": 0
    },
    "2009-06-30": {
        "Diluted EPS": -0.04,
        "Total Revenue": 60,
        "Gross Profit": 31,
        "Operating Income": -2,
        "EBIT": 0,
        "Net Income": -1
    },
    "2009-03-31": {
        "Diluted EPS": -0.13,
        "Total Revenue": 56,
        "Gross Profit": 31,
        "Operating Income": -6,
        "EBIT": -5,
        "Net Income": -3
    },
    "2023-09-30": {
        "Tax Effect Of Unusual Items": NaN,
        "Tax Rate For Calcs": NaN,
        "Normalized EBITDA": NaN,
        "Total Unusual Items": 0.0,
        "Total Unusual Items Excluding Goodwill": 0.0,
        "Net Income From Continuing Operation Net Minority Interest": NaN,
        "Reconciled Depreciation": NaN,
        "Reconciled Cost Of Revenue": NaN,
        "EBITDA": NaN,
        "EBIT": NaN,
        "Net Interest Income": NaN,
        "Interest Expense": NaN,
        "Normalized Income": NaN,
        "Net Income From Continuing And Discontinued Operation": NaN,
        "Total Expenses": NaN,
        "Total Operating Income As Reported": NaN,
        "Diluted Average Shares": NaN,
        "Basic Average Shares": NaN,
        "Diluted EPS": NaN,
        "Basic EPS": NaN,
        "Diluted NI Availto Com Stockholders": NaN,
        "Net Income Common Stockholders": NaN,
        "Net Income": NaN,
        "Minority Interests": NaN,
        "Net Income Including Noncontrolling Interests": NaN,
        "Net Income Discontinuous Operations": 0.0,
        "Net Income Continuous Operations": NaN,
        "Tax Provision": NaN,
        "Pretax Income": NaN,
        "Other Income Expense": -125000.0,
        "Special Income Charges": 0.0,
        "Restructuring And Mergern Acquisition": 0.0,
        "Earnings From Equity Interest": -125000.0,
        "Net Non Operating Interest Income Expense": NaN,
        "Interest Expense Non Operating": NaN,
        "Operating Income": NaN,
        "Operating Expense": NaN,
        "Selling General And Administration": NaN,
        "Selling And Marketing Expense": NaN,
        "General And Administrative Expense": NaN,
        "Other Gand A": NaN,
        "Gross Profit": NaN,
        "Cost Of Revenue": NaN,
        "Total Revenue": NaN,
        "Operating Revenue": NaN
    },
    "2023-12-31": {
        "Tax Effect Of Unusual Items": NaN,
        "Tax Rate For Calcs": NaN,
        "Normalized EBITDA": NaN,
        "Total Unusual Items": 0.0,
        "Total Unusual Items Excluding Goodwill": 0.0,
        "Net Income From Continuing Operation Net Minority Interest": NaN,
        "Reconciled Depreciation": NaN,
        "Reconciled Cost Of Revenue": NaN,
        "EBITDA": NaN,
        "EBIT": NaN,
        "Net Interest Income": NaN,
        "Interest Expense": 92000.0,
        "Normalized Income": NaN,
        "Net Income From Continuing And Discontinued Operation": NaN,
        "Total Expenses": NaN,
        "Total Operating Income As Reported": NaN,
        "Diluted Average Shares": NaN,
        "Basic Average Shares": NaN,
        "Diluted EPS": NaN,
        "Basic EPS": NaN,
        "Diluted NI Availto Com Stockholders": NaN,
        "Net Income Common Stockholders": NaN,
        "Net Income": NaN,
        "Minority Interests": NaN,
        "Net Income Including Noncontrolling Interests": NaN,
        "Net Income Discontinuous Operations": 0.0,
        "Net Income Continuous Operations": NaN,
        "Tax Provision": NaN,
        "Pretax Income": NaN,
        "Other Income Expense": NaN,
        "Special Income Charges": 0.0,
        "Restructuring And Mergern Acquisition": 0.0,
        "Earnings From Equity Interest": NaN,
        "Net Non Operating Interest Income Expense": NaN,
        "Interest Expense Non Operating": 92000.0,
        "Operating Income": NaN,
        "Operating Expense": NaN,
        "Selling General And Administration": NaN,
        "Selling And Marketing Expense": NaN,
        "General And Administrative Expense": NaN,
        "Other Gand A": NaN,
        "Gross Profit": NaN,
        "Cost Of Revenue": NaN,
        "Total Revenue": NaN,
        "Operating Revenue": NaN
    },
    "2024-03-31": {
        "Tax Effect Of Unusual Items": 0.0,
        "Tax Rate For Calcs": 0.0,
        "Normalized EBITDA": 3612000.0,
        "Total Unusual Items": NaN,
        "Total Unusual Items Excluding Goodwill": NaN,
        "Net Income From Continuing Operation Net Minority Interest": -1036000.0,
        "Reconciled Depreciation": 4466000.0,
        "Reconciled Cost Of Revenue": 3132000.0,
        "EBITDA": 3612000.0,
        "EBIT": -854000.0,
        "Net Interest Income": -108000.0,
        "Interest Expense": 108000.0,
        "Normalized Income": -1036000.0,
        "Net Income From Continuing And Discontinued Operation": -1045000.0,
        "Total Expenses": 22168000.0,
        "Total Operating Income As Reported": -854000.0,
        "Diluted Average Shares": 23161000.0,
        "Basic Average Shares": 23161000.0,
        "Diluted EPS": -0.05,
        "Basic EPS": -0.05,
        "Diluted NI Availto Com Stockholders": -1045000.0,
        "Net Income Common Stockholders": -1045000.0,
        "Net Income": -1045000.0,
        "Minority Interests": -74000.0,
        "Net Income Including Noncontrolling Interests": -971000.0,
        "Net Income Discontinuous Operations": -9000.0,
        "Net Income Continuous Operations": -962000.0,
        "Tax Provision": 0.0,
        "Pretax Income": -962000.0,
        "Other Income Expense": NaN,
        "Special Income Charges": NaN,
        "Restructuring And Mergern Acquisition": NaN,
        "Earnings From Equity Interest": 0.0,
        "Net Non Operating Interest Income Expense": -108000.0,
        "Interest Expense Non Operating": 108000.0,
        "Operating Income": -854000.0,
        "Operating Expense": 19036000.0,
        "Selling General And Administration": 19036000.0,
        "Selling And Marketing Expense": 17407000.0,
        "General And Administrative Expense": 1629000.0,
        "Other Gand A": 1629000.0,
        "Gross Profit": 18182000.0,
        "Cost Of Revenue": 3132000.0,
        "Total Revenue": 21314000.0,
        "Operating Revenue": 21314000.0
    },
    "2024-06-30": {
        "Tax Effect Of Unusual Items": 0.0,
        "Tax Rate For Calcs": 0.0,
        "Normalized EBITDA": 2632000.0,
        "Total Unusual Items": NaN,
        "Total Unusual Items Excluding Goodwill": NaN,
        "Net Income From Continuing Operation Net Minority Interest": -2193000.0,
        "Reconciled Depreciation": 4651000.0,
        "Reconciled Cost Of Revenue": 3415000.0,
        "EBITDA": 2632000.0,
        "EBIT": -2019000.0,
        "Net Interest Income": -144000.0,
        "Interest Expense": 144000.0,
        "Normalized Income": -2193000.0,
        "Net Income From Continuing And Discontinued Operation": -2193000.0,
        "Total Expenses": 24100000.0,
        "Total Operating Income As Reported": -2019000.0,
        "Diluted Average Shares": 23372000.0,
        "Basic Average Shares": 23372000.0,
        "Diluted EPS": -0.09,
        "Basic EPS": -0.09,
        "Diluted NI Availto Com Stockholders": -2193000.0,
        "Net Income Common Stockholders": -2193000.0,
        "Net Income": -2193000.0,
        "Minority Interests": -30000.0,
        "Net Income Including Noncontrolling Interests": -2163000.0,
        "Net Income Discontinuous Operations": NaN,
        "Net Income Continuous Operations": -2163000.0,
        "Tax Provision": 0.0,
        "Pretax Income": -2163000.0,
        "Other Income Expense": NaN,
        "Special Income Charges": NaN,
        "Restructuring And Mergern Acquisition": NaN,
        "Earnings From Equity Interest": 0.0,
        "Net Non Operating Interest Income Expense": -144000.0,
        "Interest Expense Non Operating": 144000.0,
        "Operating Income": -2019000.0,
        "Operating Expense": 20685000.0,
        "Selling General And Administration": 20685000.0,
        "Selling And Marketing Expense": 18697000.0,
        "General And Administrative Expense": 1988000.0,
        "Other Gand A": 1988000.0,
        "Gross Profit": 18666000.0,
        "Cost Of Revenue": 3415000.0,
        "Total Revenue": 22081000.0,
        "Operating Revenue": 22081000.0
    },
    "2024-09-30": {
        "Tax Effect Of Unusual Items": 0.0,
        "Tax Rate For Calcs": 0.0,
        "Normalized EBITDA": 3319000.0,
        "Total Unusual Items": NaN,
        "Total Unusual Items Excluding Goodwill": NaN,
        "Net Income From Continuing Operation Net Minority Interest": -1192000.0,
        "Reconciled Depreciation": 4675000.0,
        "Reconciled Cost Of Revenue": 3101000.0,
        "EBITDA": 3319000.0,
        "EBIT": -1356000.0,
        "Net Interest Income": -144000.0,
        "Interest Expense": 144000.0,
        "Normalized Income": -1192000.0,
        "Net Income From Continuing And Discontinued Operation": -1192000.0,
        "Total Expenses": 23512000.0,
        "Total Operating Income As Reported": -1356000.0,
        "Diluted Average Shares": 23840000.0,
        "Basic Average Shares": 23840000.0,
        "Diluted EPS": -0.05,
        "Basic EPS": -0.05,
        "Diluted NI Availto Com Stockholders": -1192000.0,
        "Net Income Common Stockholders": -1192000.0,
        "Net Income": -1192000.0,
        "Minority Interests": 308000.0,
        "Net Income Including Noncontrolling Interests": -1500000.0,
        "Net Income Discontinuous Operations": NaN,
        "Net Income Continuous Operations": -1500000.0,
        "Tax Provision": 0.0,
        "Pretax Income": -1500000.0,
        "Other Income Expense": NaN,
        "Special Income Charges": NaN,
        "Restructuring And Mergern Acquisition": NaN,
        "Earnings From Equity Interest": 0.0,
        "Net Non Operating Interest Income Expense": -144000.0,
        "Interest Expense Non Operating": 144000.0,
        "Operating Income": -1356000.0,
        "Operating Expense": 20411000.0,
        "Selling General And Administration": 20411000.0,
        "Selling And Marketing Expense": 18398000.0,
        "General And Administrative Expense": 2013000.0,
        "Other Gand A": 2013000.0,
        "Gross Profit": 19055000.0,
        "Cost Of Revenue": 3101000.0,
        "Total Revenue": 22156000.0,
        "Operating Revenue": 22156000.0
    },
    "2024-12-31": {
        "Tax Effect Of Unusual Items": 0.0,
        "Tax Rate For Calcs": 0.042607,
        "Normalized EBITDA": 3134000.0,
        "Total Unusual Items": NaN,
        "Total Unusual Items Excluding Goodwill": NaN,
        "Net Income From Continuing Operation Net Minority Interest": -803000.0,
        "Reconciled Depreciation": 4829000.0,
        "Reconciled Cost Of Revenue": 2869000.0,
        "EBITDA": 3134000.0,
        "EBIT": -1695000.0,
        "Net Interest Income": 897000.0,
        "Interest Expense": NaN,
        "Normalized Income": -803000.0,
        "Net Income From Continuing And Discontinued Operation": -803000.0,
        "Total Expenses": 26128000.0,
        "Total Operating Income As Reported": -1695000.0,
        "Diluted Average Shares": 26766667.0,
        "Basic Average Shares": 26766667.0,
        "Diluted EPS": -0.03,
        "Basic EPS": -0.03,
        "Diluted NI Availto Com Stockholders": -803000.0,
        "Net Income Common Stockholders": -803000.0,
        "Net Income": -803000.0,
        "Minority Interests": -39000.0,
        "Net Income Including Noncontrolling Interests": -764000.0,
        "Net Income Discontinuous Operations": NaN,
        "Net Income Continuous Operations": -764000.0,
        "Tax Provision": -34000.0,
        "Pretax Income": -798000.0,
        "Other Income Expense": NaN,
        "Special Income Charges": NaN,
        "Restructuring And Mergern Acquisition": NaN,
        "Earnings From Equity Interest": 0.0,
        "Net Non Operating Interest Income Expense": 897000.0,
        "Interest Expense Non Operating": NaN,
        "Operating Income": -1695000.0,
        "Operating Expense": 23259000.0,
        "Selling General And Administration": 23259000.0,
        "Selling And Marketing Expense": 21128000.0,
        "General And Administrative Expense": 2131000.0,
        "Other Gand A": 2131000.0,
        "Gross Profit": 21564000.0,
        "Cost Of Revenue": 2869000.0,
        "Total Revenue": 24433000.0,
        "Operating Revenue": 24433000.0
    },
    "2025-03-31": {
        "Tax Effect Of Unusual Items": 0.0,
        "Tax Rate For Calcs": 0.21,
        "Normalized EBITDA": 3723000.0,
        "Total Unusual Items": NaN,
        "Total Unusual Items Excluding Goodwill": NaN,
        "Net Income From Continuing Operation Net Minority Interest": -993000.0,
        "Reconciled Depreciation": 4737000.0,
        "Reconciled Cost Of Revenue": 2935000.0,
        "EBITDA": 3723000.0,
        "EBIT": -1014000.0,
        "Net Interest Income": -136000.0,
        "Interest Expense": 136000.0,
        "Normalized Income": -993000.0,
        "Net Income From Continuing And Discontinued Operation": -1014000.0,
        "Total Expenses": 24854000.0,
        "Total Operating Income As Reported": -1014000.0,
        "Diluted Average Shares": 24349000.0,
        "Basic Average Shares": 24349000.0,
        "Diluted EPS": -0.04,
        "Basic EPS": -0.04,
        "Diluted NI Availto Com Stockholders": -1014000.0,
        "Net Income Common Stockholders": -1014000.0,
        "Net Income": -1014000.0,
        "Minority Interests": 205000.0,
        "Net Income Including Noncontrolling Interests": -1219000.0,
        "Net Income Discontinuous Operations": -21000.0,
        "Net Income Continuous Operations": -1198000.0,
        "Tax Provision": 48000.0,
        "Pretax Income": -1150000.0,
        "Other Income Expense": NaN,
        "Special Income Charges": NaN,
        "Restructuring And Mergern Acquisition": NaN,
        "Earnings From Equity Interest": NaN,
        "Net Non Operating Interest Income Expense": -136000.0,
        "Interest Expense Non Operating": 136000.0,
        "Operating Income": -1014000.0,
        "Operating Expense": 21919000.0,
        "Selling General And Administration": 21919000.0,
        "Selling And Marketing Expense": 20022000.0,
        "General And Administrative Expense": 1897000.0,
        "Other Gand A": 1897000.0,
        "Gross Profit": 20905000.0,
        "Cost Of Revenue": 2935000.0,
        "Total Revenue": 23840000.0,
        "Operating Revenue": 23840000.0
    }
}