{
    "2024-04-30": {
        "Tax Effect Of Unusual Items": 0.0,
        "Tax Rate For Calcs": 0.24,
        "Normalized EBITDA": 353000000.0,
        "Net Income From Continuing Operation Net Minority Interest": 158000000.0,
        "Reconciled Depreciation": 124000000.0,
        "Reconciled Cost Of Revenue": 1991000000.0,
        "EBITDA": 353000000.0,
        "EBIT": 229000000.0,
        "Net Interest Income": 3000000.0,
        "Interest Expense": 21000000.0,
        "Interest Income": 24000000.0,
        "Normalized Income": 158000000.0,
        "Net Income From Continuing And Discontinued Operation": 158000000.0,
        "Total Expenses": 3183000000.0,
        "Total Operating Income As Reported": 205000000.0,
        "Diluted Average Shares": 383000000.0,
        "Basic Average Shares": 374000000.0,
        "Diluted EPS": 0.41,
        "Basic EPS": 0.42,
        "Diluted NI Availto Com Stockholders": 158000000.0,
        "Net Income Common Stockholders": 158000000.0,
        "Net Income": 158000000.0,
        "Net Income Including Noncontrolling Interests": 158000000.0,
        "Net Income Continuous Operations": 158000000.0,
        "Tax Provision": 50000000.0,
        "Pretax Income": 208000000.0,
        "Net Non Operating Interest Income Expense": 3000000.0,
        "Interest Expense Non Operating": 21000000.0,
        "Interest Income Non Operating": 24000000.0,
        "Operating Income": 205000000.0,
        "Operating Expense": 1192000000.0,
        "Gross Profit": 1397000000.0,
        "Cost Of Revenue": 1991000000.0,
        "Total Revenue": 3388000000.0,
        "Operating Revenue": 3388000000.0
    },
    "2024-01-31": {
        "Tax Effect Of Unusual Items": 0.0,
        "Tax Rate For Calcs": NaN,
        "Normalized EBITDA": NaN,
        "Net Income From Continuing Operation Net Minority Interest": NaN,
        "Reconciled Depreciation": 128000000.0,
        "Reconciled Cost Of Revenue": 2626000000.0,
        "EBITDA": 370000000.0,
        "EBIT": 242000000.0,
        "Net Interest Income": 4000000.0,
        "Interest Expense": NaN,
        "Interest Income": 28000000.0,
        "Normalized Income": NaN,
        "Net Income From Continuing And Discontinued Operation": 185000000.0,
        "Total Expenses": 4084000000.0,
        "Total Operating Income As Reported": NaN,
        "Diluted Average Shares": 381000000.0,
        "Basic Average Shares": 372000000.0,
        "Diluted EPS": 0.49,
        "Basic EPS": 0.5,
        "Diluted NI Availto Com Stockholders": 185000000.0,
        "Net Income Common Stockholders": 185000000.0,
        "Net Income": 185000000.0,
        "Net Income Including Noncontrolling Interests": 185000000.0,
        "Net Income Continuous Operations": NaN,
        "Tax Provision": NaN,
        "Pretax Income": 218000000.0,
        "Net Non Operating Interest Income Expense": 4000000.0,
        "Interest Expense Non Operating": 24000000.0,
        "Interest Income Non Operating": NaN,
        "Operating Income": 214000000.0,
        "Operating Expense": 1458000000.0,
        "Gross Profit": NaN,
        "Cost Of Revenue": 2626000000.0,
        "Total Revenue": NaN,
        "Operating Revenue": 4298000000.0
    },
    "2023-10-31": {
        "Tax Effect Of Unusual Items": NaN,
        "Tax Rate For Calcs": NaN,
        "Normalized EBITDA": NaN,
        "Net Income From Continuing Operation Net Minority Interest": NaN,
        "Reconciled Depreciation": NaN,
        "Reconciled Cost Of Revenue": NaN,
        "EBITDA": NaN,
        "EBIT": NaN,
        "Net Interest Income": NaN,
        "Interest Expense": NaN,
        "Interest Income": NaN,
        "Normalized Income": NaN,
        "Net Income From Continuing And Discontinued Operation": NaN,
        "Total Expenses": NaN,
        "Total Operating Income As Reported": NaN,
        "Diluted Average Shares": NaN,
        "Basic Average Shares": 371000000.0,
        "Diluted EPS": NaN,
        "Basic EPS": NaN,
        "Diluted NI Availto Com Stockholders": NaN,
        "Net Income Common Stockholders": NaN,
        "Net Income": NaN,
        "Net Income Including Noncontrolling Interests": NaN,
        "Net Income Continuous Operations": NaN,
        "Tax Provision": NaN,
        "Pretax Income": NaN,
        "Net Non Operating Interest Income Expense": NaN,
        "Interest Expense Non Operating": NaN,
        "Interest Income Non Operating": NaN,
        "Operating Income": NaN,
        "Operating Expense": NaN,
        "Gross Profit": NaN,
        "Cost Of Revenue": NaN,
        "Total Revenue": NaN,
        "Operating Revenue": NaN
    },
    "2023-07-31": {
        "Tax Effect Of Unusual Items": 0.0,
        "Tax Rate For Calcs": 0.21,
        "Normalized EBITDA": 253000000.0,
        "Net Income From Continuing Operation Net Minority Interest": 117000000.0,
        "Reconciled Depreciation": 130000000.0,
        "Reconciled Cost Of Revenue": 2215000000.0,
        "EBITDA": 253000000.0,
        "EBIT": 123000000.0,
        "Net Interest Income": 2000000.0,
        "Interest Expense": 15000000.0,
        "Interest Income": 17000000.0,
        "Normalized Income": 117000000.0,
        "Net Income From Continuing And Discontinued Operation": 117000000.0,
        "Total Expenses": 3442000000.0,
        "Total Operating Income As Reported": 106000000.0,
        "Diluted Average Shares": 371000000.0,
        "Basic Average Shares": 369000000.0,
        "Diluted EPS": 0.32,
        "Basic EPS": 0.32,
        "Diluted NI Availto Com Stockholders": 117000000.0,
        "Net Income Common Stockholders": 117000000.0,
        "Net Income": 117000000.0,
        "Net Income Including Noncontrolling Interests": 117000000.0,
        "Net Income Continuous Operations": 117000000.0,
        "Tax Provision": -9000000.0,
        "Pretax Income": 108000000.0,
        "Net Non Operating Interest Income Expense": 2000000.0,
        "Interest Expense Non Operating": 15000000.0,
        "Interest Income Non Operating": 17000000.0,
        "Operating Income": 106000000.0,
        "Operating Expense": 1227000000.0,
        "Gross Profit": 1333000000.0,
        "Cost Of Revenue": 2215000000.0,
        "Total Revenue": 3548000000.0,
        "Operating Revenue": 3548000000.0
    },
    "2023-04-30": {
        "Tax Effect Of Unusual Items": 0.0,
        "Tax Rate For Calcs": 0.1,
        "Normalized EBITDA": 140000000.0,
        "Total Unusual Items": NaN,
        "Total Unusual Items Excluding Goodwill": NaN,
        "Net Income From Continuing Operation Net Minority Interest": -18000000.0,
        "Reconciled Depreciation": 137000000.0,
        "Reconciled Cost Of Revenue": 2062000000.0,
        "EBITDA": 140000000.0,
        "EBIT": 3000000.0,
        "Net Interest Income": -10000000.0,
        "Interest Expense": 23000000.0,
        "Interest Income": 13000000.0,
        "Normalized Income": -18000000.0,
        "Net Income From Continuing And Discontinued Operation": -18000000.0,
        "Total Expenses": 3286000000.0,
        "Total Operating Income As Reported": -10000000.0,
        "Diluted Average Shares": 367000000.0,
        "Basic Average Shares": 367000000.0,
        "Diluted EPS": -0.05,
        "Basic EPS": -0.05,
        "Diluted NI Availto Com Stockholders": -18000000.0,
        "Net Income Common Stockholders": -18000000.0,
        "Net Income": -18000000.0,
        "Net Income Including Noncontrolling Interests": -18000000.0,
        "Net Income Continuous Operations": -18000000.0,
        "Tax Provision": -2000000.0,
        "Pretax Income": -20000000.0,
        "Special Income Charges": NaN,
        "Net Non Operating Interest Income Expense": -10000000.0,
        "Interest Expense Non Operating": 23000000.0,
        "Interest Income Non Operating": 13000000.0,
        "Operating Income": -10000000.0,
        "Operating Expense": 1224000000.0,
        "Gross Profit": 1214000000.0,
        "Cost Of Revenue": 2062000000.0,
        "Total Revenue": 3276000000.0,
        "Operating Revenue": 3276000000.0
    },
    "2023-01-31": {
        "Tax Effect Of Unusual Items": NaN,
        "Tax Rate For Calcs": NaN,
        "Normalized EBITDA": NaN,
        "Total Unusual Items": 0.0,
        "Total Unusual Items Excluding Goodwill": 0.0,
        "Net Income From Continuing Operation Net Minority Interest": NaN,
        "Reconciled Depreciation": NaN,
        "Reconciled Cost Of Revenue": NaN,
        "EBITDA": NaN,
        "EBIT": NaN,
        "Net Interest Income": NaN,
        "Interest Expense": NaN,
        "Interest Income": NaN,
        "Normalized Income": NaN,
        "Net Income From Continuing And Discontinued Operation": NaN,
        "Total Expenses": NaN,
        "Total Operating Income As Reported": NaN,
        "Diluted Average Shares": NaN,
        "Basic Average Shares": NaN,
        "Diluted EPS": NaN,
        "Basic EPS": NaN,
        "Diluted NI Availto Com Stockholders": NaN,
        "Net Income Common Stockholders": NaN,
        "Net Income": NaN,
        "Net Income Including Noncontrolling Interests": NaN,
        "Net Income Continuous Operations": NaN,
        "Tax Provision": NaN,
        "Pretax Income": NaN,
        "Special Income Charges": 0.0,
        "Net Non Operating Interest Income Expense": NaN,
        "Interest Expense Non Operating": NaN,
        "Interest Income Non Operating": NaN,
        "Operating Income": NaN,
        "Operating Expense": NaN,
        "Gross Profit": NaN,
        "Cost Of Revenue": NaN,
        "Total Revenue": NaN,
        "Operating Revenue": NaN
    },
    "2024-07-31": {
        "Tax Effect Of Unusual Items": 0.0,
        "Tax Rate For Calcs": 0.304,
        "Normalized EBITDA": 443000000.0,
        "Net Income From Continuing Operation Net Minority Interest": 206000000.0,
        "Reconciled Depreciation": 123000000.0,
        "Reconciled Cost Of Revenue": 2137000000.0,
        "EBITDA": 443000000.0,
        "EBIT": 320000000.0,
        "Net Interest Income": 3000000.0,
        "Interest Expense": 24000000.0,
        "Interest Income": 27000000.0,
        "Normalized Income": 206000000.0,
        "Net Income From Continuing And Discontinued Operation": 206000000.0,
        "Total Expenses": 3427000000.0,
        "Total Operating Income As Reported": 293000000.0,
        "Diluted Average Shares": NaN,
        "Basic Average Shares": NaN,
        "Diluted EPS": NaN,
        "Basic EPS": NaN,
        "Diluted NI Availto Com Stockholders": 206000000.0,
        "Net Income Common Stockholders": 206000000.0,
        "Net Income": 206000000.0,
        "Net Income Including Noncontrolling Interests": 206000000.0,
        "Net Income Continuous Operations": 206000000.0,
        "Tax Provision": 90000000.0,
        "Pretax Income": 296000000.0,
        "Net Non Operating Interest Income Expense": 3000000.0,
        "Interest Expense Non Operating": 24000000.0,
        "Interest Income Non Operating": 27000000.0,
        "Operating Income": 293000000.0,
        "Operating Expense": 1290000000.0,
        "Gross Profit": 1583000000.0,
        "Cost Of Revenue": 2137000000.0,
        "Total Revenue": 3720000000.0,
        "Operating Revenue": 3720000000.0
    },
    "2024-10-31": {
        "Tax Effect Of Unusual Items": 0.0,
        "Tax Rate For Calcs": 0.241,
        "Normalized EBITDA": 508000000.0,
        "Net Income From Continuing Operation Net Minority Interest": 274000000.0,
        "Reconciled Depreciation": 124000000.0,
        "Reconciled Cost Of Revenue": 2194000000.0,
        "EBITDA": 508000000.0,
        "EBIT": 384000000.0,
        "Net Interest Income": 6000000.0,
        "Interest Expense": 23000000.0,
        "Interest Income": 29000000.0,
        "Normalized Income": 274000000.0,
        "Net Income From Continuing And Discontinued Operation": 274000000.0,
        "Total Expenses": 3474000000.0,
        "Total Operating Income As Reported": 355000000.0,
        "Diluted Average Shares": 383000000.0,
        "Basic Average Shares": 377000000.0,
        "Diluted EPS": 0.72,
        "Basic EPS": 0.73,
        "Diluted NI Availto Com Stockholders": 274000000.0,
        "Net Income Common Stockholders": 274000000.0,
        "Net Income": 274000000.0,
        "Net Income Including Noncontrolling Interests": 274000000.0,
        "Net Income Continuous Operations": 274000000.0,
        "Tax Provision": 87000000.0,
        "Pretax Income": 361000000.0,
        "Net Non Operating Interest Income Expense": 6000000.0,
        "Interest Expense Non Operating": 23000000.0,
        "Interest Income Non Operating": 29000000.0,
        "Operating Income": 355000000.0,
        "Operating Expense": 1280000000.0,
        "Gross Profit": 1635000000.0,
        "Cost Of Revenue": 2194000000.0,
        "Total Revenue": 3829000000.0,
        "Operating Revenue": 3829000000.0
    },
    "2025-01-31": {
        "Tax Effect Of Unusual Items": 0.0,
        "Tax Rate For Calcs": 0.242647,
        "Normalized EBITDA": 420000000.0,
        "Net Income From Continuing Operation Net Minority Interest": 206000000.0,
        "Reconciled Depreciation": 129000000.0,
        "Reconciled Cost Of Revenue": 2537000000.0,
        "EBITDA": 420000000.0,
        "EBIT": 291000000.0,
        "Net Interest Income": 13000000.0,
        "Interest Expense": 19000000.0,
        "Interest Income": 32000000.0,
        "Normalized Income": 206000000.0,
        "Net Income From Continuing And Discontinued Operation": 206000000.0,
        "Total Expenses": 3890000000.0,
        "Total Operating Income As Reported": 259000000.0,
        "Diluted Average Shares": 384000000.0,
        "Basic Average Shares": 377000000.0,
        "Diluted EPS": 0.54,
        "Basic EPS": 0.55,
        "Diluted NI Availto Com Stockholders": 206000000.0,
        "Net Income Common Stockholders": 206000000.0,
        "Net Income": 206000000.0,
        "Net Income Including Noncontrolling Interests": 206000000.0,
        "Net Income Continuous Operations": 206000000.0,
        "Tax Provision": 66000000.0,
        "Pretax Income": 272000000.0,
        "Net Non Operating Interest Income Expense": 13000000.0,
        "Interest Expense Non Operating": 19000000.0,
        "Interest Income Non Operating": 32000000.0,
        "Operating Income": 259000000.0,
        "Operating Expense": 1353000000.0,
        "Gross Profit": 1612000000.0,
        "Cost Of Revenue": 2537000000.0,
        "Total Revenue": 4149000000.0,
        "Operating Revenue": 4149000000.0
    },
    "2025-04-30": {
        "Tax Effect Of Unusual Items": 0.0,
        "Tax Rate For Calcs": 0.266,
        "Normalized EBITDA": 407000000.0,
        "Net Income From Continuing Operation Net Minority Interest": 193000000.0,
        "Reconciled Depreciation": 121000000.0,
        "Reconciled Cost Of Revenue": 2015000000.0,
        "EBITDA": 407000000.0,
        "EBIT": 286000000.0,
        "Net Interest Income": 3000000.0,
        "Interest Expense": 23000000.0,
        "Interest Income": 26000000.0,
        "Normalized Income": 193000000.0,
        "Net Income From Continuing And Discontinued Operation": 193000000.0,
        "Total Expenses": 3203000000.0,
        "Total Operating Income As Reported": 260000000.0,
        "Diluted Average Shares": 382000000.0,
        "Basic Average Shares": 375000000.0,
        "Diluted EPS": 0.51,
        "Basic EPS": 0.51,
        "Diluted NI Availto Com Stockholders": 193000000.0,
        "Net Income Common Stockholders": 193000000.0,
        "Net Income": 193000000.0,
        "Net Income Including Noncontrolling Interests": 193000000.0,
        "Net Income Continuous Operations": 193000000.0,
        "Tax Provision": 70000000.0,
        "Pretax Income": 263000000.0,
        "Net Non Operating Interest Income Expense": 3000000.0,
        "Interest Expense Non Operating": 23000000.0,
        "Interest Income Non Operating": 26000000.0,
        "Operating Income": 260000000.0,
        "Operating Expense": 1188000000.0,
        "Gross Profit": 1448000000.0,
        "Cost Of Revenue": 2015000000.0,
        "Total Revenue": 3463000000.0,
        "Operating Revenue": 3463000000.0
    },
    "2025-07-31": {
        "Tax Effect Of Unusual Items": 0.0,
        "Tax Rate For Calcs": 0.27,
        "Normalized EBITDA": 441000000.0,
        "Net Income From Continuing Operation Net Minority Interest": 216000000.0,
        "Reconciled Depreciation": 122000000.0,
        "Reconciled Cost Of Revenue": 2189000000.0,
        "EBITDA": 441000000.0,
        "EBIT": 319000000.0,
        "Net Interest Income": 4000000.0,
        "Interest Expense": 23000000.0,
        "Interest Income": 27000000.0,
        "Normalized Income": 216000000.0,
        "Net Income From Continuing And Discontinued Operation": 216000000.0,
        "Total Expenses": 3433000000.0,
        "Total Operating Income As Reported": 292000000.0,
        "Diluted Average Shares": 379000000.0,
        "Basic Average Shares": 373000000.0,
        "Diluted EPS": 0.57,
        "Basic EPS": 0.58,
        "Diluted NI Availto Com Stockholders": 216000000.0,
        "Net Income Common Stockholders": 216000000.0,
        "Net Income": 216000000.0,
        "Net Income Including Noncontrolling Interests": 216000000.0,
        "Net Income Continuous Operations": 216000000.0,
        "Tax Provision": 80000000.0,
        "Pretax Income": 296000000.0,
        "Net Non Operating Interest Income Expense": 4000000.0,
        "Interest Expense Non Operating": 23000000.0,
        "Interest Income Non Operating": 27000000.0,
        "Operating Income": 292000000.0,
        "Operating Expense": 1244000000.0,
        "Gross Profit": 1536000000.0,
        "Cost Of Revenue": 2189000000.0,
        "Total Revenue": 3725000000.0,
        "Operating Revenue": 3725000000.0
    },
    "2025-10-31": {
        "Tax Effect Of Unusual Items": NaN,
        "Tax Rate For Calcs": NaN,
        "Normalized EBITDA": NaN,
        "Net Income From Continuing Operation Net Minority Interest": NaN,
        "Reconciled Depreciation": NaN,
        "Reconciled Cost Of Revenue": NaN,
        "EBITDA": NaN,
        "EBIT": NaN,
        "Net Interest Income": NaN,
        "Interest Expense": NaN,
        "Interest Income": NaN,
        "Normalized Income": NaN,
        "Net Income From Continuing And Discontinued Operation": NaN,
        "Total Expenses": NaN,
        "Total Operating Income As Reported": NaN,
        "Diluted Average Shares": 380000000.0,
        "Basic Average Shares": 372000000.0,
        "Diluted EPS": 0.62,
        "Basic EPS": 0.63,
        "Diluted NI Availto Com Stockholders": NaN,
        "Net Income Common Stockholders": NaN,
        "Net Income": NaN,
        "Net Income Including Noncontrolling Interests": NaN,
        "Net Income Continuous Operations": NaN,
        "Tax Provision": NaN,
        "Pretax Income": NaN,
        "Net Non Operating Interest Income Expense": NaN,
        "Interest Expense Non Operating": NaN,
        "Interest Income Non Operating": NaN,
        "Operating Income": NaN,
        "Operating Expense": NaN,
        "Gross Profit": NaN,
        "Cost Of Revenue": NaN,
        "Total Revenue": NaN,
        "Operating Revenue": NaN
    }
}