{
    "2023-03-31": {
        "Tax Effect Of Unusual Items": -54408.86,
        "Tax Rate For Calcs": 0.22,
        "Normalized EBITDA": 17431369.0,
        "Total Unusual Items": -247313.0,
        "Total Unusual Items Excluding Goodwill": -247313.0,
        "Net Income From Continuing Operation Net Minority Interest": 16816191.0,
        "Reconciled Depreciation": 6578366.0,
        "Reconciled Cost Of Revenue": 26207062.0,
        "EBITDA": 17184056.0,
        "EBIT": 10605690.0,
        "Net Interest Income": -1581742.0,
        "Interest Expense": 2622686.0,
        "Interest Income": 1040944.0,
        "Normalized Income": 17009095.14,
        "Net Income From Continuing And Discontinued Operation": 16816191.0,
        "Total Expenses": 28250111.0,
        "Total Operating Income As Reported": 9731386.0,
        "Diluted Average Shares": 38030309.0,
        "Basic Average Shares": 38030309.0,
        "Diluted EPS": 0.44,
        "Basic EPS": 0.44,
        "Diluted NI Availto Com Stockholders": 16816191.0,
        "Net Income Common Stockholders": 16816191.0,
        "Net Income": 16816191.0,
        "Net Income Including Noncontrolling Interests": 16816191.0,
        "Net Income Continuous Operations": 16816191.0,
        "Earnings From Equity Interest Net Of Tax": 8833187.0,
        "Pretax Income": 7983004.0,
        "Other Income Expense": -247313.0,
        "Special Income Charges": -80673.0,
        "Gain On Sale Of Ppe": -23354.0,
        "Impairment Of Capital Assets": 57319.0,
        "Gain On Sale Of Security": -166640.0,
        "Net Non Operating Interest Income Expense": -1581742.0,
        "Interest Expense Non Operating": 2622686.0,
        "Interest Income Non Operating": 1040944.0,
        "Operating Income": 9812059.0,
        "Operating Expense": 2043049.0,
        "Other Operating Expenses": 1234120.0,
        "Selling General And Administration": 808929.0,
        "General And Administrative Expense": 808929.0,
        "Other Gand A": 808929.0,
        "Gross Profit": 11855108.0,
        "Cost Of Revenue": 26207062.0,
        "Total Revenue": 38062170.0,
        "Operating Revenue": 38062170.0
    },
    "2022-12-31": {
        "Tax Effect Of Unusual Items": -611167.26,
        "Tax Rate For Calcs": 0.22,
        "Normalized EBITDA": 19598251.0,
        "Total Unusual Items": -2778033.0,
        "Total Unusual Items Excluding Goodwill": -2778033.0,
        "Net Income From Continuing Operation Net Minority Interest": 7700841.0,
        "Reconciled Depreciation": 6874028.0,
        "Reconciled Cost Of Revenue": 28577967.0,
        "EBITDA": 16820218.0,
        "EBIT": 9946190.0,
        "Net Interest Income": -2686984.0,
        "Interest Expense": 3407580.0,
        "Interest Income": 720596.0,
        "Normalized Income": 9867706.74,
        "Net Income From Continuing And Discontinued Operation": 7700841.0,
        "Total Expenses": 30725758.0,
        "Total Operating Income As Reported": 9366125.0,
        "Diluted Average Shares": 38171676.0,
        "Basic Average Shares": 38171224.0,
        "Diluted EPS": 0.2,
        "Basic EPS": 0.2,
        "Diluted NI Availto Com Stockholders": 7484673.0,
        "Net Income Common Stockholders": 7484673.0,
        "Net Income": 7700841.0,
        "Net Income Including Noncontrolling Interests": 7700841.0,
        "Net Income Continuous Operations": 7700841.0,
        "Earnings From Equity Interest Net Of Tax": 1162231.0,
        "Pretax Income": 6538610.0,
        "Other Income Expense": -2778033.0,
        "Special Income Charges": -2637502.0,
        "Gain On Sale Of Ppe": 0.0,
        "Impairment Of Capital Assets": 2637502.0,
        "Gain On Sale Of Security": -140531.0,
        "Net Non Operating Interest Income Expense": -2686984.0,
        "Interest Expense Non Operating": 3407580.0,
        "Interest Income Non Operating": 720596.0,
        "Operating Income": 12003627.0,
        "Operating Expense": 2147791.0,
        "Other Operating Expenses": 1332160.0,
        "Selling General And Administration": 815631.0,
        "General And Administrative Expense": 815631.0,
        "Other Gand A": 815631.0,
        "Gross Profit": 14151418.0,
        "Cost Of Revenue": 28577967.0,
        "Total Revenue": 42729385.0,
        "Operating Revenue": 39462604.0
    },
    "2022-09-30": {
        "Tax Effect Of Unusual Items": 300743.6,
        "Tax Rate For Calcs": 0.4,
        "Normalized EBITDA": 10387823.0,
        "Total Unusual Items": 751859.0,
        "Total Unusual Items Excluding Goodwill": 751859.0,
        "Net Income From Continuing Operation Net Minority Interest": 6733657.0,
        "Reconciled Depreciation": 6949684.0,
        "Reconciled Cost Of Revenue": 29595330.0,
        "EBITDA": 11139682.0,
        "EBIT": 4189998.0,
        "Net Interest Income": -3242872.0,
        "Interest Expense": 3549687.0,
        "Interest Income": 306815.0,
        "Normalized Income": 6282541.6,
        "Net Income From Continuing And Discontinued Operation": 6733657.0,
        "Total Expenses": 31754074.0,
        "Total Operating Income As Reported": 3131324.0,
        "Diluted Average Shares": 37924542.0,
        "Basic Average Shares": 37924542.0,
        "Diluted EPS": 0.18,
        "Basic EPS": 0.18,
        "Diluted NI Availto Com Stockholders": 6733657.0,
        "Net Income Common Stockholders": 6733657.0,
        "Net Income": 6733657.0,
        "Net Income Including Noncontrolling Interests": 6733657.0,
        "Net Income Continuous Operations": 6733657.0,
        "Earnings From Equity Interest Net Of Tax": 6093346.0,
        "Pretax Income": 640311.0,
        "Other Income Expense": 751859.0,
        "Special Income Charges": 0.0,
        "Gain On Sale Of Ppe": 0.0,
        "Impairment Of Capital Assets": 0.0,
        "Gain On Sale Of Security": 751859.0,
        "Net Non Operating Interest Income Expense": -3242872.0,
        "Interest Expense Non Operating": 3549687.0,
        "Interest Income Non Operating": 306815.0,
        "Operating Income": 3131324.0,
        "Operating Expense": 2158744.0,
        "Other Operating Expenses": 1338145.0,
        "Selling General And Administration": 2158744.0,
        "General And Administrative Expense": 2158744.0,
        "Other Gand A": 2158744.0,
        "Gross Profit": 5290068.0,
        "Cost Of Revenue": 29595330.0,
        "Total Revenue": 34885398.0,
        "Operating Revenue": 34885398.0
    },
    "2022-06-30": {
        "Tax Effect Of Unusual Items": 0.0,
        "Tax Rate For Calcs": 0.0,
        "Normalized EBITDA": 10520797.0,
        "Total Unusual Items": -3092590.0,
        "Total Unusual Items Excluding Goodwill": -3092590.0,
        "Net Income From Continuing Operation Net Minority Interest": 1626184.0,
        "Reconciled Depreciation": 7052716.0,
        "Reconciled Cost Of Revenue": 33402484.0,
        "EBITDA": 7428207.0,
        "EBIT": 375491.0,
        "Net Interest Income": -2970832.0,
        "Interest Expense": 2971065.0,
        "Interest Income": 233.0,
        "Normalized Income": 4718774.0,
        "Net Income From Continuing And Discontinued Operation": 1626184.0,
        "Total Expenses": 35782002.0,
        "Total Operating Income As Reported": 371457.0,
        "Diluted Average Shares": 37924542.0,
        "Basic Average Shares": 37924542.0,
        "Diluted EPS": 0.32,
        "Basic EPS": 0.32,
        "Diluted NI Availto Com Stockholders": 1626184.0,
        "Net Income Common Stockholders": 1626184.0,
        "Net Income": 1626184.0,
        "Net Income Including Noncontrolling Interests": 1626184.0,
        "Net Income Continuous Operations": 1626184.0,
        "Earnings From Equity Interest Net Of Tax": 4221758.0,
        "Pretax Income": -2595574.0,
        "Other Income Expense": -3092590.0,
        "Special Income Charges": -3096391.0,
        "Gain On Sale Of Ppe": 0.0,
        "Impairment Of Capital Assets": 3096391.0,
        "Gain On Sale Of Security": 3801.0,
        "Net Non Operating Interest Income Expense": -2970832.0,
        "Interest Expense Non Operating": 2971065.0,
        "Interest Income Non Operating": 233.0,
        "Operating Income": 3467848.0,
        "Operating Expense": 2379518.0,
        "Other Operating Expenses": 1287765.0,
        "Selling General And Administration": 2379518.0,
        "General And Administrative Expense": 2379518.0,
        "Other Gand A": 2379518.0,
        "Gross Profit": 5847366.0,
        "Cost Of Revenue": 33402484.0,
        "Total Revenue": 39249850.0,
        "Operating Revenue": 39249850.0
    },
    "2022-03-31": {
        "Diluted EPS": 0.2,
        "Total Revenue": 36,
        "Gross Profit": 18,
        "Operating Income": 9,
        "EBIT": 17,
        "Net Income": 8
    },
    "2021-12-31": {
        "Diluted EPS": -1.02,
        "Total Revenue": 36,
        "Gross Profit": 15,
        "Operating Income": 4,
        "EBIT": 13,
        "Net Income": -39
    },
    "2021-09-30": {
        "Diluted EPS": 0.03,
        "Total Revenue": 37,
        "Gross Profit": 16,
        "Operating Income": 4,
        "EBIT": 13,
        "Net Income": 1
    },
    "2021-06-30": {
        "Diluted EPS": 0.04,
        "Total Revenue": 39,
        "Gross Profit": 15,
        "Operating Income": 3,
        "EBIT": 13,
        "Net Income": 2
    },
    "2021-03-31": {
        "Diluted EPS": 0.02,
        "Total Revenue": 37,
        "Gross Profit": 15,
        "Operating Income": 3,
        "EBIT": 13,
        "Net Income": 1
    },
    "2020-12-31": {
        "Diluted EPS": -0.02,
        "Total Revenue": 37,
        "Gross Profit": 16,
        "Operating Income": 5,
        "EBIT": 14,
        "Net Income": -1
    },
    "2020-09-30": {
        "Diluted EPS": 0.02,
        "Total Revenue": 37,
        "Gross Profit": 17,
        "Operating Income": 6,
        "EBIT": 15,
        "Net Income": 1
    },
    "2020-06-30": {
        "Diluted EPS": 0.23,
        "Total Revenue": 36,
        "Gross Profit": 22,
        "Operating Income": 11,
        "EBIT": 21,
        "Net Income": 9
    },
    "2020-03-31": {
        "Diluted EPS": 0.08,
        "Total Revenue": 34,
        "Gross Profit": 18,
        "Operating Income": 7,
        "EBIT": 17,
        "Net Income": 3
    },
    "2019-12-31": {
        "Diluted EPS": 0.01,
        "Total Revenue": 35,
        "Gross Profit": 17,
        "Operating Income": 6,
        "EBIT": 15,
        "Net Income": 1
    },
    "2019-09-30": {
        "Diluted EPS": -0.01,
        "Total Revenue": 37,
        "Gross Profit": 17,
        "Operating Income": 5,
        "EBIT": 15,
        "Net Income": 0
    },
    "2019-06-30": {
        "Diluted EPS": -0.0,
        "Total Revenue": 34,
        "Gross Profit": 17,
        "Operating Income": 5,
        "EBIT": 15,
        "Net Income": 0
    },
    "2019-03-31": {
        "Diluted EPS": 0.05,
        "Total Revenue": 38,
        "Gross Profit": 19,
        "Operating Income": 7,
        "EBIT": 17,
        "Net Income": 2
    },
    "2018-12-31": {
        "Diluted EPS": -0.14,
        "Total Revenue": 39,
        "Gross Profit": 17,
        "Operating Income": 4,
        "EBIT": 14,
        "Net Income": -5
    },
    "2018-09-30": {
        "Diluted EPS": -0.02,
        "Total Revenue": 43,
        "Gross Profit": 19,
        "Operating Income": 6,
        "EBIT": 17,
        "Net Income": -1
    },
    "2018-06-30": {
        "Diluted EPS": -0.01,
        "Total Revenue": 43,
        "Gross Profit": 22,
        "Operating Income": 9,
        "EBIT": 20,
        "Net Income": 0
    },
    "2018-03-31": {
        "Diluted EPS": -0.14,
        "Total Revenue": 40,
        "Gross Profit": 16,
        "Operating Income": 3,
        "EBIT": 14,
        "Net Income": -6
    },
    "2017-12-31": {
        "Diluted EPS": 0.02,
        "Total Revenue": 38,
        "Gross Profit": 16,
        "Operating Income": 5,
        "EBIT": 15,
        "Net Income": 1
    },
    "2017-09-30": {
        "Diluted EPS": -0.06,
        "Total Revenue": 39,
        "Gross Profit": 18,
        "Operating Income": 6,
        "EBIT": 15,
        "Net Income": -2
    },
    "2017-06-30": {
        "Diluted EPS": -0.04,
        "Total Revenue": 39,
        "Gross Profit": 19,
        "Operating Income": 6,
        "EBIT": 15,
        "Net Income": -2
    },
    "2017-03-31": {
        "Diluted EPS": 0.05,
        "Total Revenue": 38,
        "Gross Profit": 19,
        "Operating Income": 6,
        "EBIT": 15,
        "Net Income": 2
    },
    "2016-12-31": {
        "Diluted EPS": -0.12,
        "Total Revenue": 37,
        "Gross Profit": 19,
        "Operating Income": 5,
        "EBIT": 15,
        "Net Income": -4
    },
    "2016-09-30": {
        "Diluted EPS": -0.06,
        "Total Revenue": 34,
        "Gross Profit": 15,
        "Operating Income": 1,
        "EBIT": 11,
        "Net Income": -3
    },
    "2016-06-30": {
        "Diluted EPS": -0.04,
        "Total Revenue": 36,
        "Gross Profit": 15,
        "Operating Income": 2,
        "EBIT": 12,
        "Net Income": -2
    },
    "2016-03-31": {
        "Diluted EPS": 0.02,
        "Total Revenue": 36,
        "Gross Profit": 17,
        "Operating Income": 4,
        "EBIT": 14,
        "Net Income": 1
    },
    "2015-12-31": {
        "Diluted EPS": -0.08,
        "Total Revenue": 37,
        "Gross Profit": 18,
        "Operating Income": 5,
        "EBIT": 15,
        "Net Income": -3
    },
    "2015-09-30": {
        "Diluted EPS": 0.03,
        "Total Revenue": 36,
        "Gross Profit": 17,
        "Operating Income": 4,
        "EBIT": 13,
        "Net Income": 1
    },
    "2015-06-30": {
        "Diluted EPS": -0.03,
        "Total Revenue": 32,
        "Gross Profit": 17,
        "Operating Income": 5,
        "EBIT": 13,
        "Net Income": -1
    },
    "2015-03-31": {
        "Diluted EPS": 0.14,
        "Total Revenue": 36,
        "Gross Profit": 20,
        "Operating Income": 8,
        "EBIT": 16,
        "Net Income": 6
    },
    "2014-12-31": {
        "Diluted EPS": -0.07,
        "Total Revenue": 35,
        "Gross Profit": 20,
        "Operating Income": 8,
        "EBIT": 17,
        "Net Income": -1
    },
    "2014-09-30": {
        "Diluted EPS": 0.04,
        "Total Revenue": 31,
        "Gross Profit": 15,
        "Operating Income": 4,
        "EBIT": 13,
        "Net Income": 2
    },
    "2014-06-30": {
        "Diluted EPS": 0.12,
        "Total Revenue": 32,
        "Gross Profit": 18,
        "Operating Income": 7,
        "EBIT": 16,
        "Net Income": 5
    },
    "2014-03-31": {
        "Diluted EPS": 0.23,
        "Total Revenue": 34,
        "Gross Profit": 20,
        "Operating Income": 10,
        "EBIT": 18,
        "Net Income": 8
    },
    "2013-12-31": {
        "Diluted EPS": 0.13,
        "Total Revenue": 32,
        "Gross Profit": 18,
        "Operating Income": 8,
        "EBIT": 16,
        "Net Income": 6
    },
    "2013-09-30": {
        "Diluted EPS": 0.13,
        "Total Revenue": 30,
        "Gross Profit": 16,
        "Operating Income": 6,
        "EBIT": 14,
        "Net Income": 4
    },
    "2013-06-30": {
        "Diluted EPS": 0.18,
        "Total Revenue": 30,
        "Gross Profit": 16,
        "Operating Income": 7,
        "EBIT": 14,
        "Net Income": 5
    },
    "2013-03-31": {
        "Diluted EPS": 0.31,
        "Total Revenue": 29,
        "Gross Profit": 18,
        "Operating Income": 8,
        "EBIT": 16,
        "Net Income": 6
    },
    "2012-12-31": {
        "Diluted EPS": 0.38,
        "Total Revenue": 31,
        "Gross Profit": 19,
        "Operating Income": 10,
        "EBIT": 17,
        "Net Income": 8
    },
    "2012-09-30": {
        "Diluted EPS": 0.32,
        "Total Revenue": 30,
        "Gross Profit": 19,
        "Operating Income": 9,
        "EBIT": 17,
        "Net Income": 7
    },
    "2012-06-30": {
        "Diluted EPS": 0.35,
        "Total Revenue": 29,
        "Gross Profit": 18,
        "Operating Income": 10,
        "EBIT": 17,
        "Net Income": 7
    },
    "2012-03-31": {
        "Diluted EPS": 0.36,
        "Total Revenue": 29,
        "Gross Profit": 18,
        "Operating Income": 9,
        "EBIT": 16,
        "Net Income": 7
    },
    "2011-12-31": {
        "Diluted EPS": 0.21,
        "Total Revenue": 29,
        "Gross Profit": 16,
        "Operating Income": 7,
        "EBIT": 14,
        "Net Income": 4
    },
    "2011-09-30": {
        "Diluted EPS": 0.3,
        "Total Revenue": 27,
        "Gross Profit": 14,
        "Operating Income": 5,
        "EBIT": 12,
        "Net Income": 6
    },
    "2011-06-30": {
        "Diluted EPS": -0.17,
        "Total Revenue": 31,
        "Gross Profit": 16,
        "Operating Income": 7,
        "EBIT": 14,
        "Net Income": -4
    },
    "2011-03-31": {
        "Diluted EPS": 0.07,
        "Total Revenue": 31,
        "Gross Profit": 15,
        "Operating Income": 6,
        "EBIT": 13,
        "Net Income": 2
    },
    "2010-12-31": {
        "Diluted EPS": 0.2,
        "Total Revenue": 29,
        "Gross Profit": 15,
        "Operating Income": 6,
        "EBIT": 13,
        "Net Income": 4
    },
    "2010-09-30": {
        "Diluted EPS": 0.05,
        "Total Revenue": 27,
        "Gross Profit": 13,
        "Operating Income": 5,
        "EBIT": 11,
        "Net Income": 1
    },
    "2010-06-30": {
        "Diluted EPS": 0.19,
        "Total Revenue": 27,
        "Gross Profit": 13,
        "Operating Income": 5,
        "EBIT": 12,
        "Net Income": 4
    },
    "2010-03-31": {
        "Diluted EPS": 0.07,
        "Total Revenue": 29,
        "Gross Profit": 15,
        "Operating Income": 7,
        "EBIT": 13,
        "Net Income": 2
    },
    "2009-12-31": {
        "Diluted EPS": -1.22,
        "Total Revenue": 28,
        "Gross Profit": 15,
        "Operating Income": -11,
        "EBIT": -4,
        "Net Income": -27
    },
    "2009-09-30": {
        "Diluted EPS": 0.32,
        "Total Revenue": 28,
        "Gross Profit": 16,
        "Operating Income": 7,
        "EBIT": 14,
        "Net Income": 7
    },
    "2009-06-30": {
        "Diluted EPS": 0.29,
        "Total Revenue": 27,
        "Gross Profit": 15,
        "Operating Income": 6,
        "EBIT": 13,
        "Net Income": 6
    },
    "2009-03-31": {
        "Diluted EPS": 0.01,
        "Total Revenue": 29,
        "Gross Profit": 18,
        "Operating Income": 10,
        "EBIT": 16,
        "Net Income": 0
    },
    "2023-06-30": {
        "Tax Effect Of Unusual Items": 114297.48,
        "Tax Rate For Calcs": 0.22,
        "Normalized EBITDA": 16801062.0,
        "Total Unusual Items": 519534.0,
        "Total Unusual Items Excluding Goodwill": 519534.0,
        "Net Income From Continuing Operation Net Minority Interest": 10490976.0,
        "Reconciled Depreciation": 6013651.0,
        "Reconciled Cost Of Revenue": 24380951.0,
        "EBITDA": 17320596.0,
        "EBIT": 11306945.0,
        "Net Interest Income": -1623899.0,
        "Interest Expense": 2508108.0,
        "Interest Income": 884209.0,
        "Normalized Income": 10085739.48,
        "Net Income From Continuing And Discontinued Operation": 10490976.0,
        "Total Expenses": 26769303.0,
        "Total Operating Income As Reported": 10092987.0,
        "Diluted Average Shares": 38114257.0,
        "Basic Average Shares": 38096414.0,
        "Diluted EPS": 0.27,
        "Basic EPS": 0.27,
        "Diluted NI Availto Com Stockholders": 10490976.0,
        "Net Income Common Stockholders": 10490976.0,
        "Net Income": 10490976.0,
        "Net Income Including Noncontrolling Interests": 10490976.0,
        "Net Income Continuous Operations": 10490976.0,
        "Earnings From Equity Interest Net Of Tax": 1692139.0,
        "Pretax Income": 8798837.0,
        "Other Income Expense": 519534.0,
        "Special Income Charges": 189785.0,
        "Gain On Sale Of Ppe": 2949339.0,
        "Impairment Of Capital Assets": 2759554.0,
        "Gain On Sale Of Security": 329749.0,
        "Net Non Operating Interest Income Expense": -1623899.0,
        "Interest Expense Non Operating": 2508108.0,
        "Interest Income Non Operating": 884209.0,
        "Operating Income": 9903202.0,
        "Operating Expense": 2388352.0,
        "Other Operating Expenses": 1176881.0,
        "Selling General And Administration": 1211471.0,
        "General And Administrative Expense": 1211471.0,
        "Other Gand A": 1211471.0,
        "Gross Profit": 12291554.0,
        "Cost Of Revenue": 24380951.0,
        "Total Revenue": 36672505.0,
        "Operating Revenue": 36672505.0
    },
    "2023-09-30": {
        "Tax Effect Of Unusual Items": NaN,
        "Tax Rate For Calcs": NaN,
        "Normalized EBITDA": NaN,
        "Total Unusual Items": NaN,
        "Total Unusual Items Excluding Goodwill": NaN,
        "Net Income From Continuing Operation Net Minority Interest": NaN,
        "Reconciled Depreciation": NaN,
        "Reconciled Cost Of Revenue": NaN,
        "EBITDA": NaN,
        "EBIT": NaN,
        "Net Interest Income": NaN,
        "Interest Expense": NaN,
        "Interest Income": NaN,
        "Normalized Income": NaN,
        "Net Income From Continuing And Discontinued Operation": NaN,
        "Total Expenses": NaN,
        "Total Operating Income As Reported": NaN,
        "Diluted Average Shares": 37436333.0,
        "Basic Average Shares": 37332943.0,
        "Diluted EPS": NaN,
        "Basic EPS": 0.41,
        "Diluted NI Availto Com Stockholders": NaN,
        "Net Income Common Stockholders": NaN,
        "Net Income": NaN,
        "Net Income Including Noncontrolling Interests": NaN,
        "Net Income Continuous Operations": NaN,
        "Earnings From Equity Interest Net Of Tax": NaN,
        "Pretax Income": NaN,
        "Other Income Expense": NaN,
        "Special Income Charges": NaN,
        "Gain On Sale Of Ppe": NaN,
        "Impairment Of Capital Assets": NaN,
        "Gain On Sale Of Security": NaN,
        "Net Non Operating Interest Income Expense": NaN,
        "Interest Expense Non Operating": NaN,
        "Interest Income Non Operating": NaN,
        "Operating Income": NaN,
        "Operating Expense": NaN,
        "Other Operating Expenses": NaN,
        "Selling General And Administration": NaN,
        "General And Administrative Expense": NaN,
        "Other Gand A": NaN,
        "Gross Profit": NaN,
        "Cost Of Revenue": NaN,
        "Total Revenue": NaN,
        "Operating Revenue": NaN
    },
    "2023-12-31": {
        "Tax Effect Of Unusual Items": NaN,
        "Tax Rate For Calcs": NaN,
        "Normalized EBITDA": NaN,
        "Total Unusual Items": NaN,
        "Total Unusual Items Excluding Goodwill": NaN,
        "Net Income From Continuing Operation Net Minority Interest": NaN,
        "Reconciled Depreciation": NaN,
        "Reconciled Cost Of Revenue": NaN,
        "EBITDA": NaN,
        "EBIT": NaN,
        "Net Interest Income": NaN,
        "Interest Expense": NaN,
        "Interest Income": NaN,
        "Normalized Income": NaN,
        "Net Income From Continuing And Discontinued Operation": NaN,
        "Total Expenses": NaN,
        "Total Operating Income As Reported": NaN,
        "Diluted Average Shares": NaN,
        "Basic Average Shares": NaN,
        "Diluted EPS": NaN,
        "Basic EPS": NaN,
        "Diluted NI Availto Com Stockholders": NaN,
        "Net Income Common Stockholders": NaN,
        "Net Income": NaN,
        "Net Income Including Noncontrolling Interests": NaN,
        "Net Income Continuous Operations": NaN,
        "Earnings From Equity Interest Net Of Tax": 928841.0,
        "Pretax Income": NaN,
        "Other Income Expense": NaN,
        "Special Income Charges": NaN,
        "Gain On Sale Of Ppe": NaN,
        "Impairment Of Capital Assets": NaN,
        "Earnings From Equity Interest": NaN,
        "Gain On Sale Of Security": NaN,
        "Net Non Operating Interest Income Expense": NaN,
        "Interest Expense Non Operating": NaN,
        "Interest Income Non Operating": NaN,
        "Operating Income": NaN,
        "Operating Expense": NaN,
        "Other Operating Expenses": NaN,
        "Selling General And Administration": NaN,
        "General And Administrative Expense": NaN,
        "Other Gand A": NaN,
        "Gross Profit": NaN,
        "Cost Of Revenue": NaN,
        "Total Revenue": NaN,
        "Operating Revenue": NaN
    },
    "2024-03-31": {
        "Tax Effect Of Unusual Items": NaN,
        "Tax Rate For Calcs": NaN,
        "Normalized EBITDA": NaN,
        "Total Unusual Items": NaN,
        "Total Unusual Items Excluding Goodwill": NaN,
        "Net Income From Continuing Operation Net Minority Interest": NaN,
        "Reconciled Depreciation": NaN,
        "Reconciled Cost Of Revenue": NaN,
        "EBITDA": NaN,
        "EBIT": NaN,
        "Net Interest Income": NaN,
        "Interest Expense": NaN,
        "Interest Income": NaN,
        "Normalized Income": NaN,
        "Net Income From Continuing And Discontinued Operation": NaN,
        "Total Expenses": NaN,
        "Total Operating Income As Reported": NaN,
        "Diluted Average Shares": NaN,
        "Basic Average Shares": NaN,
        "Diluted EPS": NaN,
        "Basic EPS": NaN,
        "Diluted NI Availto Com Stockholders": NaN,
        "Net Income Common Stockholders": NaN,
        "Net Income": NaN,
        "Net Income Including Noncontrolling Interests": NaN,
        "Net Income Continuous Operations": NaN,
        "Earnings From Equity Interest Net Of Tax": 2580101.0,
        "Pretax Income": NaN,
        "Other Income Expense": NaN,
        "Special Income Charges": NaN,
        "Gain On Sale Of Ppe": NaN,
        "Impairment Of Capital Assets": NaN,
        "Earnings From Equity Interest": 2580101.0,
        "Gain On Sale Of Security": NaN,
        "Net Non Operating Interest Income Expense": NaN,
        "Interest Expense Non Operating": NaN,
        "Interest Income Non Operating": NaN,
        "Operating Income": NaN,
        "Operating Expense": NaN,
        "Other Operating Expenses": NaN,
        "Selling General And Administration": NaN,
        "General And Administrative Expense": NaN,
        "Other Gand A": NaN,
        "Gross Profit": NaN,
        "Cost Of Revenue": NaN,
        "Total Revenue": NaN,
        "Operating Revenue": NaN
    },
    "2024-06-30": {
        "Tax Effect Of Unusual Items": -3019.94,
        "Tax Rate For Calcs": 0.22,
        "Normalized EBITDA": 34955087.0,
        "Total Unusual Items": -13727.0,
        "Total Unusual Items Excluding Goodwill": -13727.0,
        "Net Income From Continuing Operation Net Minority Interest": 25788509.0,
        "Reconciled Depreciation": 6468303.0,
        "Reconciled Cost Of Revenue": 22206903.0,
        "EBITDA": 34941360.0,
        "EBIT": 28473057.0,
        "Net Interest Income": -1769731.0,
        "Interest Expense": 2684548.0,
        "Interest Income": 914817.0,
        "Normalized Income": 25799216.06,
        "Net Income From Continuing And Discontinued Operation": 25788509.0,
        "Total Expenses": 25686276.0,
        "Total Operating Income As Reported": 16099878.0,
        "Diluted Average Shares": 35355879.0,
        "Basic Average Shares": 35241126.0,
        "Diluted EPS": 0.7,
        "Basic EPS": 0.7,
        "Diluted NI Availto Com Stockholders": 25788509.0,
        "Net Income Common Stockholders": 25788509.0,
        "Net Income": 25788509.0,
        "Net Income Including Noncontrolling Interests": 25788509.0,
        "Net Income Continuous Operations": 25788509.0,
        "Earnings From Equity Interest Net Of Tax": 11472089.0,
        "Pretax Income": 25788509.0,
        "Other Income Expense": 11458362.0,
        "Special Income Charges": 0.0,
        "Gain On Sale Of Ppe": 0.0,
        "Impairment Of Capital Assets": 0.0,
        "Earnings From Equity Interest": 11472089.0,
        "Gain On Sale Of Security": -13727.0,
        "Net Non Operating Interest Income Expense": -1769731.0,
        "Interest Expense Non Operating": 2684548.0,
        "Interest Income Non Operating": 914817.0,
        "Operating Income": 16099878.0,
        "Operating Expense": 3479373.0,
        "Other Operating Expenses": 1051962.0,
        "Selling General And Administration": 2427411.0,
        "General And Administrative Expense": 2427411.0,
        "Other Gand A": 2427411.0,
        "Gross Profit": 19579251.0,
        "Cost Of Revenue": 22206903.0,
        "Total Revenue": 41786154.0,
        "Operating Revenue": 41786154.0
    },
    "2024-09-30": {
        "Tax Effect Of Unusual Items": -7374.18,
        "Tax Rate For Calcs": 0.22,
        "Normalized EBITDA": 19425815.0,
        "Total Unusual Items": -33519.0,
        "Total Unusual Items Excluding Goodwill": -33519.0,
        "Net Income From Continuing Operation Net Minority Interest": 12145425.0,
        "Reconciled Depreciation": 6568401.0,
        "Reconciled Cost Of Revenue": 24561599.0,
        "EBITDA": 19392296.0,
        "EBIT": 12823895.0,
        "Net Interest Income": -1087845.0,
        "Interest Expense": 1783067.0,
        "Interest Income": 695222.0,
        "Normalized Income": 12171569.82,
        "Net Income From Continuing And Discontinued Operation": 12145425.0,
        "Total Expenses": 28282814.0,
        "Total Operating Income As Reported": 12162192.0,
        "Diluted Average Shares": 35322675.0,
        "Basic Average Shares": 35241126.0,
        "Diluted EPS": 0.33,
        "Basic EPS": 0.33,
        "Diluted NI Availto Com Stockholders": 12145425.0,
        "Net Income Common Stockholders": 12145425.0,
        "Net Income": 12145425.0,
        "Net Income Including Noncontrolling Interests": 12145425.0,
        "Net Income Continuous Operations": 12145425.0,
        "Earnings From Equity Interest Net Of Tax": 1104597.0,
        "Pretax Income": 11040828.0,
        "Other Income Expense": -33519.0,
        "Special Income Charges": 0.0,
        "Gain On Sale Of Ppe": 0.0,
        "Impairment Of Capital Assets": 0.0,
        "Earnings From Equity Interest": NaN,
        "Gain On Sale Of Security": -33519.0,
        "Net Non Operating Interest Income Expense": -1087845.0,
        "Interest Expense Non Operating": 1783067.0,
        "Interest Income Non Operating": 695222.0,
        "Operating Income": 12162192.0,
        "Operating Expense": 3721215.0,
        "Other Operating Expenses": 1063519.0,
        "Selling General And Administration": 2657696.0,
        "General And Administrative Expense": 2657696.0,
        "Other Gand A": 2657696.0,
        "Gross Profit": 15883407.0,
        "Cost Of Revenue": 24561599.0,
        "Total Revenue": 40445006.0,
        "Operating Revenue": 40445006.0
    },
    "2024-12-31": {
        "Tax Effect Of Unusual Items": 5631.56,
        "Tax Rate For Calcs": 0.22,
        "Normalized EBITDA": 21755007.0,
        "Total Unusual Items": 25598.0,
        "Total Unusual Items Excluding Goodwill": 25598.0,
        "Net Income From Continuing Operation Net Minority Interest": 14198527.0,
        "Reconciled Depreciation": 6622241.0,
        "Reconciled Cost Of Revenue": 25287364.0,
        "EBITDA": 21780605.0,
        "EBIT": 15158364.0,
        "Net Interest Income": -373100.0,
        "Interest Expense": 1425886.0,
        "Interest Income": 1052786.0,
        "Normalized Income": 14178560.56,
        "Net Income From Continuing And Discontinued Operation": 14198527.0,
        "Total Expenses": 29387137.0,
        "Total Operating Income As Reported": 14079980.0,
        "Diluted Average Shares": 35409350.0,
        "Basic Average Shares": 35345251.0,
        "Diluted EPS": 0.38,
        "Basic EPS": 0.38,
        "Diluted NI Availto Com Stockholders": 11496768.0,
        "Net Income Common Stockholders": 11496768.0,
        "Net Income": 14198527.0,
        "Net Income Including Noncontrolling Interests": 14198527.0,
        "Net Income Continuous Operations": 14198527.0,
        "Earnings From Equity Interest Net Of Tax": 466049.0,
        "Pretax Income": 13732478.0,
        "Other Income Expense": 25598.0,
        "Special Income Charges": 0.0,
        "Gain On Sale Of Ppe": 0.0,
        "Impairment Of Capital Assets": 0.0,
        "Earnings From Equity Interest": NaN,
        "Gain On Sale Of Security": 25598.0,
        "Net Non Operating Interest Income Expense": -373100.0,
        "Interest Expense Non Operating": 1425886.0,
        "Interest Income Non Operating": 1052786.0,
        "Operating Income": 14079980.0,
        "Operating Expense": 4099773.0,
        "Other Operating Expenses": 1089040.0,
        "Selling General And Administration": 3010733.0,
        "General And Administrative Expense": 3010733.0,
        "Other Gand A": 3010733.0,
        "Gross Profit": 18179753.0,
        "Cost Of Revenue": 25287364.0,
        "Total Revenue": 43467117.0,
        "Operating Revenue": 39548731.0
    },
    "2025-03-31": {
        "Tax Effect Of Unusual Items": -113274.48,
        "Tax Rate For Calcs": 0.22,
        "Normalized EBITDA": 22720823.0,
        "Total Unusual Items": -514884.0,
        "Total Unusual Items Excluding Goodwill": -514884.0,
        "Net Income From Continuing Operation Net Minority Interest": 14107680.0,
        "Reconciled Depreciation": 6682654.0,
        "Reconciled Cost Of Revenue": 25668911.0,
        "EBITDA": 22205939.0,
        "EBIT": 15523285.0,
        "Net Interest Income": -663134.0,
        "Interest Expense": 1415605.0,
        "Interest Income": 752471.0,
        "Normalized Income": 14509289.52,
        "Net Income From Continuing And Discontinued Operation": 14107680.0,
        "Total Expenses": 28914621.0,
        "Total Operating Income As Reported": 12622966.0,
        "Diluted Average Shares": 35764990.0,
        "Basic Average Shares": 35725720.0,
        "Diluted EPS": 0.38,
        "Basic EPS": 0.38,
        "Diluted NI Availto Com Stockholders": 14107680.0,
        "Net Income Common Stockholders": 14107680.0,
        "Net Income": 14107680.0,
        "Net Income Including Noncontrolling Interests": 14107680.0,
        "Net Income Continuous Operations": 14107680.0,
        "Earnings From Equity Interest Net Of Tax": NaN,
        "Pretax Income": 14107680.0,
        "Other Income Expense": 1659448.0,
        "Special Income Charges": -488400.0,
        "Gain On Sale Of Ppe": 0.0,
        "Impairment Of Capital Assets": 488400.0,
        "Earnings From Equity Interest": 2174332.0,
        "Gain On Sale Of Security": -26484.0,
        "Net Non Operating Interest Income Expense": -663134.0,
        "Interest Expense Non Operating": 1415605.0,
        "Interest Income Non Operating": 752471.0,
        "Operating Income": 13111366.0,
        "Operating Expense": 3245710.0,
        "Other Operating Expenses": 1080001.0,
        "Selling General And Administration": 2165709.0,
        "General And Administrative Expense": 2165709.0,
        "Other Gand A": 2165709.0,
        "Gross Profit": 16357076.0,
        "Cost Of Revenue": 25668911.0,
        "Total Revenue": 42025987.0,
        "Operating Revenue": 42025987.0
    },
    "2025-06-30": {
        "Tax Effect Of Unusual Items": -50796.68,
        "Tax Rate For Calcs": 0.22,
        "Normalized EBITDA": 27834189.0,
        "Total Unusual Items": -230894.0,
        "Total Unusual Items Excluding Goodwill": -230894.0,
        "Net Income From Continuing Operation Net Minority Interest": 20437326.0,
        "Reconciled Depreciation": 6573321.0,
        "Reconciled Cost Of Revenue": 24296244.0,
        "EBITDA": 27603295.0,
        "EBIT": 21029974.0,
        "Net Interest Income": 122803.0,
        "Interest Expense": 592648.0,
        "Interest Income": 715451.0,
        "Normalized Income": 20617423.32,
        "Net Income From Continuing And Discontinued Operation": 20437326.0,
        "Total Expenses": 27416020.0,
        "Total Operating Income As Reported": 19697027.0,
        "Diluted Average Shares": 35870868.0,
        "Basic Average Shares": 35808017.0,
        "Diluted EPS": 0.55,
        "Basic EPS": 0.55,
        "Diluted NI Availto Com Stockholders": 20437326.0,
        "Net Income Common Stockholders": 20437326.0,
        "Net Income": 20437326.0,
        "Net Income Including Noncontrolling Interests": 20437326.0,
        "Net Income Continuous Operations": 20437326.0,
        "Earnings From Equity Interest Net Of Tax": NaN,
        "Pretax Income": 20437326.0,
        "Other Income Expense": 496278.0,
        "Special Income Charges": -121218.0,
        "Gain On Sale Of Ppe": -121218.0,
        "Impairment Of Capital Assets": 0.0,
        "Earnings From Equity Interest": 727172.0,
        "Gain On Sale Of Security": -109676.0,
        "Net Non Operating Interest Income Expense": 122803.0,
        "Interest Expense Non Operating": 592648.0,
        "Interest Income Non Operating": 715451.0,
        "Operating Income": 19818245.0,
        "Operating Expense": 3119776.0,
        "Other Operating Expenses": 1101679.0,
        "Selling General And Administration": 2018097.0,
        "General And Administrative Expense": 2018097.0,
        "Other Gand A": 2018097.0,
        "Gross Profit": 22938021.0,
        "Cost Of Revenue": 24296244.0,
        "Total Revenue": 47234265.0,
        "Operating Revenue": 47234265.0
    }
}