{
    "2023-06-30": {
        "Tax Effect Of Unusual Items": 10812556.053812,
        "Tax Rate For Calcs": 0.263079,
        "Normalized EBITDA": 185600000.0,
        "Total Unusual Items": 41100000.0,
        "Total Unusual Items Excluding Goodwill": 41100000.0,
        "Net Income From Continuing Operation Net Minority Interest": 63300000.0,
        "Reconciled Depreciation": 96100000.0,
        "Reconciled Cost Of Revenue": 185800000.0,
        "EBITDA": 226700000.0,
        "EBIT": 130600000.0,
        "Net Interest Income": -63700000.0,
        "Interest Expense": 63700000.0,
        "Normalized Income": 33012556.053812,
        "Net Income From Continuing And Discontinued Operation": 63300000.0,
        "Total Expenses": 248800000.0,
        "Rent Expense Supplemental": 9000000.0,
        "Diluted Average Shares": 35700000.0,
        "Basic Average Shares": 35600000.0,
        "Diluted EPS": 1.74,
        "Basic EPS": 1.74,
        "Diluted NI Availto Com Stockholders": 63300000.0,
        "Net Income Common Stockholders": 63300000.0,
        "Otherunder Preferred Stock Dividend": NaN,
        "Net Income": 63300000.0,
        "Net Income Including Noncontrolling Interests": 63300000.0,
        "Net Income Continuous Operations": 63300000.0,
        "Earnings From Equity Interest Net Of Tax": 14000000.0,
        "Tax Provision": 17600000.0,
        "Pretax Income": 66900000.0,
        "Other Income Expense": 36200000.0,
        "Other Non Operating Income Expenses": -4900000.0,
        "Special Income Charges": 41100000.0,
        "Gain On Sale Of Ppe": 41100000.0,
        "Write Off": NaN,
        "Net Non Operating Interest Income Expense": -63700000.0,
        "Interest Expense Non Operating": 63700000.0,
        "Operating Income": 94400000.0,
        "Operating Expense": 63000000.0,
        "Other Operating Expenses": 11000000.0,
        "Selling General And Administration": 52000000.0,
        "Gross Profit": 157400000.0,
        "Cost Of Revenue": 185800000.0,
        "Total Revenue": 343200000.0,
        "Operating Revenue": 317000000.0
    },
    "2023-03-31": {
        "Tax Effect Of Unusual Items": NaN,
        "Tax Rate For Calcs": NaN,
        "Normalized EBITDA": NaN,
        "Total Unusual Items": NaN,
        "Total Unusual Items Excluding Goodwill": NaN,
        "Net Income From Continuing Operation Net Minority Interest": NaN,
        "Reconciled Depreciation": NaN,
        "Reconciled Cost Of Revenue": NaN,
        "EBITDA": NaN,
        "EBIT": NaN,
        "Net Interest Income": NaN,
        "Interest Expense": NaN,
        "Normalized Income": NaN,
        "Net Income From Continuing And Discontinued Operation": NaN,
        "Total Expenses": NaN,
        "Rent Expense Supplemental": NaN,
        "Diluted Average Shares": NaN,
        "Basic Average Shares": NaN,
        "Diluted EPS": NaN,
        "Basic EPS": NaN,
        "Diluted NI Availto Com Stockholders": NaN,
        "Net Income Common Stockholders": NaN,
        "Otherunder Preferred Stock Dividend": 0.0,
        "Net Income": NaN,
        "Net Income Including Noncontrolling Interests": NaN,
        "Net Income Continuous Operations": NaN,
        "Earnings From Equity Interest Net Of Tax": NaN,
        "Tax Provision": NaN,
        "Pretax Income": NaN,
        "Other Income Expense": NaN,
        "Other Non Operating Income Expenses": NaN,
        "Special Income Charges": NaN,
        "Gain On Sale Of Ppe": NaN,
        "Write Off": 1200000.0,
        "Net Non Operating Interest Income Expense": NaN,
        "Interest Expense Non Operating": NaN,
        "Operating Income": NaN,
        "Operating Expense": NaN,
        "Other Operating Expenses": NaN,
        "Selling General And Administration": NaN,
        "Gross Profit": NaN,
        "Cost Of Revenue": NaN,
        "Total Revenue": NaN,
        "Operating Revenue": NaN
    },
    "2022-12-31": {
        "Tax Effect Of Unusual Items": 8596491.22807,
        "Tax Rate For Calcs": 0.350877,
        "Normalized EBITDA": 171500000.0,
        "Total Unusual Items": 24500000.0,
        "Total Unusual Items Excluding Goodwill": 24500000.0,
        "Net Income From Continuing Operation Net Minority Interest": 48400000.0,
        "Reconciled Depreciation": 93100000.0,
        "Reconciled Cost Of Revenue": 172100000.0,
        "EBITDA": 196000000.0,
        "EBIT": 102900000.0,
        "Net Interest Income": -57300000.0,
        "Interest Expense": 57300000.0,
        "Normalized Income": 32496491.22807,
        "Net Income From Continuing And Discontinued Operation": 48400000.0,
        "Total Expenses": 233100000.0,
        "Rent Expense Supplemental": 9000000.0,
        "Diluted Average Shares": 35800000.0,
        "Basic Average Shares": 35200000.0,
        "Diluted EPS": 1.36,
        "Basic EPS": 1.38,
        "Diluted NI Availto Com Stockholders": 48400000.0,
        "Net Income Common Stockholders": 48400000.0,
        "Net Income": 48400000.0,
        "Net Income Including Noncontrolling Interests": 48400000.0,
        "Net Income Continuous Operations": 48400000.0,
        "Earnings From Equity Interest Net Of Tax": 18800000.0,
        "Tax Provision": 16000000.0,
        "Pretax Income": 45600000.0,
        "Other Income Expense": 13300000.0,
        "Other Non Operating Income Expenses": -11200000.0,
        "Special Income Charges": 24500000.0,
        "Gain On Sale Of Ppe": 73400000.0,
        "Write Off": NaN,
        "Net Non Operating Interest Income Expense": -57300000.0,
        "Interest Expense Non Operating": 57300000.0,
        "Operating Income": 89600000.0,
        "Operating Expense": 61000000.0,
        "Other Operating Expenses": 8700000.0,
        "Selling General And Administration": 52300000.0,
        "Gross Profit": 150600000.0,
        "Cost Of Revenue": 172100000.0,
        "Total Revenue": 322700000.0,
        "Operating Revenue": 296700000.0
    },
    "2022-09-30": {
        "Tax Effect Of Unusual Items": NaN,
        "Tax Rate For Calcs": NaN,
        "Normalized EBITDA": NaN,
        "Total Unusual Items": NaN,
        "Total Unusual Items Excluding Goodwill": NaN,
        "Net Income From Continuing Operation Net Minority Interest": NaN,
        "Reconciled Depreciation": NaN,
        "Reconciled Cost Of Revenue": NaN,
        "EBITDA": NaN,
        "EBIT": NaN,
        "Net Interest Income": NaN,
        "Interest Expense": NaN,
        "Normalized Income": NaN,
        "Net Income From Continuing And Discontinued Operation": NaN,
        "Total Expenses": NaN,
        "Rent Expense Supplemental": NaN,
        "Diluted Average Shares": NaN,
        "Basic Average Shares": NaN,
        "Diluted EPS": NaN,
        "Basic EPS": NaN,
        "Diluted NI Availto Com Stockholders": NaN,
        "Net Income Common Stockholders": NaN,
        "Otherunder Preferred Stock Dividend": NaN,
        "Net Income": NaN,
        "Net Income Including Noncontrolling Interests": NaN,
        "Net Income Continuous Operations": NaN,
        "Earnings From Equity Interest Net Of Tax": NaN,
        "Tax Provision": NaN,
        "Pretax Income": NaN,
        "Other Income Expense": NaN,
        "Other Non Operating Income Expenses": NaN,
        "Special Income Charges": NaN,
        "Gain On Sale Of Ppe": NaN,
        "Write Off": 10800000.0,
        "Net Non Operating Interest Income Expense": NaN,
        "Interest Expense Non Operating": NaN,
        "Operating Income": NaN,
        "Operating Expense": NaN,
        "Other Operating Expenses": NaN,
        "Selling General And Administration": NaN,
        "Gross Profit": NaN,
        "Cost Of Revenue": NaN,
        "Total Revenue": NaN,
        "Operating Revenue": NaN
    },
    "2022-06-30": {
        "Tax Effect Of Unusual Items": -9680000.0,
        "Tax Rate For Calcs": 0.4,
        "Normalized EBITDA": 70500000.0,
        "Total Unusual Items": -24200000.0,
        "Total Unusual Items Excluding Goodwill": -24200000.0,
        "Net Income From Continuing Operation Net Minority Interest": 2600000.0,
        "Reconciled Depreciation": 93300000.0,
        "Reconciled Cost Of Revenue": 173700000.0,
        "EBITDA": 46300000.0,
        "EBIT": 46300000.0,
        "Net Interest Income": -51900000.0,
        "Interest Expense": 51900000.0,
        "Normalized Income": 17120000.0,
        "Net Income From Continuing And Discontinued Operation": 2600000.0,
        "Total Expenses": 230900000.0,
        "Rent Expense Supplemental": 9000000.0,
        "Diluted Average Shares": 36000000.0,
        "Basic Average Shares": 35500000.0,
        "Diluted EPS": 0.07,
        "Basic EPS": 0.07,
        "Diluted NI Availto Com Stockholders": 2600000.0,
        "Net Income Common Stockholders": 2600000.0,
        "Net Income": 2600000.0,
        "Net Income Including Noncontrolling Interests": 2600000.0,
        "Net Income Continuous Operations": 2600000.0,
        "Earnings From Equity Interest Net Of Tax": 10900000.0,
        "Tax Provision": 2700000.0,
        "Pretax Income": -5600000.0,
        "Other Income Expense": -35500000.0,
        "Other Non Operating Income Expenses": -11300000.0,
        "Special Income Charges": -24200000.0,
        "Gain On Sale Of Ppe": -24200000.0,
        "Write Off": 31500000.0,
        "Net Non Operating Interest Income Expense": -51900000.0,
        "Interest Expense Non Operating": 51900000.0,
        "Operating Income": 81800000.0,
        "Operating Expense": 57200000.0,
        "Other Operating Expenses": 9300000.0,
        "Selling General And Administration": 47900000.0,
        "Gross Profit": 139000000.0,
        "Cost Of Revenue": 173700000.0,
        "Total Revenue": 312700000.0,
        "Operating Revenue": 290100000.0
    },
    "2022-03-31": {
        "Diluted EPS": 2.1,
        "Total Revenue": 317,
        "Gross Profit": 229,
        "Operating Income": 81,
        "EBIT": 174,
        "Net Income": 76
    },
    "2021-12-31": {
        "Diluted EPS": 1.7,
        "Total Revenue": 321,
        "Gross Profit": 236,
        "Operating Income": 73,
        "EBIT": 169,
        "Net Income": 61
    },
    "2021-09-30": {
        "Diluted EPS": 1.11,
        "Total Revenue": 314,
        "Gross Profit": 227,
        "Operating Income": 80,
        "EBIT": 175,
        "Net Income": 40
    },
    "2021-06-30": {
        "Diluted EPS": 0.15,
        "Total Revenue": 317,
        "Gross Profit": 225,
        "Operating Income": 74,
        "EBIT": 169,
        "Net Income": 6
    },
    "2021-03-31": {
        "Diluted EPS": 1.02,
        "Total Revenue": 306,
        "Gross Profit": 216,
        "Operating Income": 70,
        "EBIT": 162,
        "Net Income": 37
    },
    "2020-12-31": {
        "Diluted EPS": 0.5,
        "Total Revenue": 305,
        "Gross Profit": 214,
        "Operating Income": 74,
        "EBIT": 162,
        "Net Income": 18
    },
    "2020-09-30": {
        "Diluted EPS": 1.35,
        "Total Revenue": 304,
        "Gross Profit": 212,
        "Operating Income": 78,
        "EBIT": 165,
        "Net Income": 48
    },
    "2020-06-30": {
        "Diluted EPS": 1.11,
        "Total Revenue": 301,
        "Gross Profit": 203,
        "Operating Income": 68,
        "EBIT": 153,
        "Net Income": 39
    },
    "2020-03-31": {
        "Diluted EPS": 1.31,
        "Total Revenue": 299,
        "Gross Profit": 196,
        "Operating Income": 67,
        "EBIT": 150,
        "Net Income": 46
    },
    "2019-12-31": {
        "Diluted EPS": 1.58,
        "Total Revenue": 289,
        "Gross Profit": 197,
        "Operating Income": 60,
        "EBIT": 144,
        "Net Income": 57
    },
    "2019-09-30": {
        "Diluted EPS": 1.25,
        "Total Revenue": 299,
        "Gross Profit": 206,
        "Operating Income": 75,
        "EBIT": 158,
        "Net Income": 45
    },
    "2019-06-30": {
        "Diluted EPS": 1.86,
        "Total Revenue": 298,
        "Gross Profit": 202,
        "Operating Income": 71,
        "EBIT": 154,
        "Net Income": 68
    },
    "2019-03-31": {
        "Diluted EPS": 1.12,
        "Total Revenue": 317,
        "Gross Profit": 210,
        "Operating Income": 76,
        "EBIT": 159,
        "Net Income": 42
    },
    "2018-12-31": {
        "Diluted EPS": 1.31,
        "Total Revenue": 171,
        "Gross Profit": 173,
        "Operating Income": 50,
        "EBIT": 124,
        "Net Income": 49
    },
    "2018-09-30": {
        "Diluted EPS": 1.22,
        "Total Revenue": 350,
        "Gross Profit": 221,
        "Operating Income": 84,
        "EBIT": 171,
        "Net Income": 47
    },
    "2018-06-30": {
        "Diluted EPS": 1.01,
        "Total Revenue": 350,
        "Gross Profit": 217,
        "Operating Income": 81,
        "EBIT": 166,
        "Net Income": 39
    },
    "2018-03-31": {
        "Diluted EPS": 1.98,
        "Total Revenue": 305,
        "Gross Profit": 199,
        "Operating Income": 68,
        "EBIT": 150,
        "Net Income": 76
    },
    "2017-12-31": {
        "Diluted EPS": 8.71,
        "Total Revenue": 353,
        "Gross Profit": 215,
        "Operating Income": 75,
        "EBIT": 159,
        "Net Income": 342
    },
    "2017-09-30": {
        "Diluted EPS": 1.25,
        "Total Revenue": 360,
        "Gross Profit": 220,
        "Operating Income": 90,
        "EBIT": 173,
        "Net Income": 49
    },
    "2017-06-30": {
        "Diluted EPS": 1.35,
        "Total Revenue": 348,
        "Gross Profit": 210,
        "Operating Income": 83,
        "EBIT": 163,
        "Net Income": 53
    },
    "2017-03-31": {
        "Diluted EPS": 1.44,
        "Total Revenue": 316,
        "Gross Profit": 210,
        "Operating Income": 85,
        "EBIT": 160,
        "Net Income": 58
    },
    "2016-12-31": {
        "Diluted EPS": 0.78,
        "Total Revenue": 362,
        "Gross Profit": 215,
        "Operating Income": 87,
        "EBIT": 167,
        "Net Income": 31
    },
    "2016-09-30": {
        "Diluted EPS": 2.36,
        "Total Revenue": 363,
        "Gross Profit": 225,
        "Operating Income": 91,
        "EBIT": 170,
        "Net Income": 96
    },
    "2016-06-30": {
        "Diluted EPS": 1.49,
        "Total Revenue": 359,
        "Gross Profit": 217,
        "Operating Income": 85,
        "EBIT": 164,
        "Net Income": 61
    },
    "2016-03-31": {
        "Diluted EPS": 1.66,
        "Total Revenue": 334,
        "Gross Profit": 227,
        "Operating Income": 110,
        "EBIT": 182,
        "Net Income": 69
    },
    "2015-12-31": {
        "Diluted EPS": 1.36,
        "Total Revenue": 379,
        "Gross Profit": 232,
        "Operating Income": 87,
        "EBIT": 163,
        "Net Income": 58
    },
    "2015-09-30": {
        "Diluted EPS": 0.91,
        "Total Revenue": 386,
        "Gross Profit": 232,
        "Operating Income": 104,
        "EBIT": 182,
        "Net Income": 40
    },
    "2015-06-30": {
        "Diluted EPS": 1.03,
        "Total Revenue": 365,
        "Gross Profit": 215,
        "Operating Income": 89,
        "EBIT": 166,
        "Net Income": 45
    },
    "2015-03-31": {
        "Diluted EPS": 1.39,
        "Total Revenue": 320,
        "Gross Profit": 202,
        "Operating Income": 80,
        "EBIT": 152,
        "Net Income": 62
    },
    "2014-12-31": {
        "Diluted EPS": 1.29,
        "Total Revenue": 401,
        "Gross Profit": 217,
        "Operating Income": 81,
        "EBIT": 157,
        "Net Income": 59
    },
    "2014-09-30": {
        "Diluted EPS": 1.14,
        "Total Revenue": 397,
        "Gross Profit": 219,
        "Operating Income": 94,
        "EBIT": 169,
        "Net Income": 51
    },
    "2014-06-30": {
        "Diluted EPS": 1.15,
        "Total Revenue": 366,
        "Gross Profit": 200,
        "Operating Income": 77,
        "EBIT": 152,
        "Net Income": 53
    },
    "2014-03-31": {
        "Diluted EPS": 0.9,
        "Total Revenue": 287,
        "Gross Profit": 172,
        "Operating Income": 64,
        "EBIT": 126,
        "Net Income": 42
    },
    "2013-12-31": {
        "Diluted EPS": 1.13,
        "Total Revenue": 357,
        "Gross Profit": 191,
        "Operating Income": 67,
        "EBIT": 139,
        "Net Income": 53
    },
    "2013-09-30": {
        "Diluted EPS": 1.15,
        "Total Revenue": 353,
        "Gross Profit": 187,
        "Operating Income": 72,
        "EBIT": 141,
        "Net Income": 54
    },
    "2013-06-30": {
        "Diluted EPS": 0.74,
        "Total Revenue": 339,
        "Gross Profit": 173,
        "Operating Income": 57,
        "EBIT": 124,
        "Net Income": 35
    },
    "2013-03-31": {
        "Diluted EPS": 0.57,
        "Total Revenue": 272,
        "Gross Profit": 157,
        "Operating Income": 52,
        "EBIT": 112,
        "Net Income": 27
    },
    "2012-12-31": {
        "Diluted EPS": 0.62,
        "Total Revenue": 332,
        "Gross Profit": 169,
        "Operating Income": 55,
        "EBIT": 120,
        "Net Income": 30
    },
    "2012-09-30": {
        "Diluted EPS": 1.13,
        "Total Revenue": 332,
        "Gross Profit": 174,
        "Operating Income": 68,
        "EBIT": 132,
        "Net Income": 54
    },
    "2012-06-30": {
        "Diluted EPS": 0.49,
        "Total Revenue": 323,
        "Gross Profit": 168,
        "Operating Income": 63,
        "EBIT": 125,
        "Net Income": 24
    },
    "2012-03-31": {
        "Diluted EPS": 0.64,
        "Total Revenue": 257,
        "Gross Profit": 151,
        "Operating Income": 53,
        "EBIT": 112,
        "Net Income": 30
    },
    "2011-12-31": {
        "Diluted EPS": 0.67,
        "Total Revenue": 357,
        "Gross Profit": 204,
        "Operating Income": 101,
        "EBIT": 164,
        "Net Income": 32
    },
    "2011-09-30": {
        "Diluted EPS": 0.7,
        "Total Revenue": 340,
        "Gross Profit": 189,
        "Operating Income": 93,
        "EBIT": 153,
        "Net Income": 33
    },
    "2011-06-30": {
        "Diluted EPS": 0.56,
        "Total Revenue": 330,
        "Gross Profit": 186,
        "Operating Income": 92,
        "EBIT": 152,
        "Net Income": 26
    },
    "2011-03-31": {
        "Diluted EPS": 0.42,
        "Total Revenue": 282,
        "Gross Profit": 169,
        "Operating Income": 81,
        "EBIT": 136,
        "Net Income": 20
    },
    "2010-12-31": {
        "Diluted EPS": 0.42,
        "Total Revenue": 314,
        "Gross Profit": 166,
        "Operating Income": 72,
        "EBIT": 131,
        "Net Income": 20
    },
    "2010-09-30": {
        "Diluted EPS": 0.45,
        "Total Revenue": 314,
        "Gross Profit": 170,
        "Operating Income": 85,
        "EBIT": 142,
        "Net Income": 21
    },
    "2010-06-30": {
        "Diluted EPS": 0.46,
        "Total Revenue": 295,
        "Gross Profit": 160,
        "Operating Income": 72,
        "EBIT": 130,
        "Net Income": 22
    },
    "2010-03-31": {
        "Diluted EPS": 0.4,
        "Total Revenue": 282,
        "Gross Profit": 173,
        "Operating Income": 88,
        "EBIT": 142,
        "Net Income": 19
    },
    "2009-12-31": {
        "Diluted EPS": 0.45,
        "Total Revenue": 309,
        "Gross Profit": 164,
        "Operating Income": 82,
        "EBIT": 141,
        "Net Income": 22
    },
    "2009-09-30": {
        "Diluted EPS": 0.42,
        "Total Revenue": 292,
        "Gross Profit": 166,
        "Operating Income": 76,
        "EBIT": 134,
        "Net Income": 20
    },
    "2009-06-30": {
        "Diluted EPS": 0.27,
        "Total Revenue": 289,
        "Gross Profit": 163,
        "Operating Income": 73,
        "EBIT": 131,
        "Net Income": 13
    },
    "2009-03-31": {
        "Diluted EPS": 0.56,
        "Total Revenue": 264,
        "Gross Profit": 169,
        "Operating Income": 84,
        "EBIT": 137,
        "Net Income": 28
    },
    "2023-09-30": {
        "Tax Effect Of Unusual Items": NaN,
        "Tax Rate For Calcs": NaN,
        "Normalized EBITDA": NaN,
        "Total Unusual Items": NaN,
        "Total Unusual Items Excluding Goodwill": NaN,
        "Net Income From Continuing Operation Net Minority Interest": NaN,
        "Reconciled Depreciation": NaN,
        "Reconciled Cost Of Revenue": NaN,
        "EBITDA": NaN,
        "EBIT": NaN,
        "Net Interest Income": NaN,
        "Interest Expense": NaN,
        "Normalized Income": NaN,
        "Net Income From Continuing And Discontinued Operation": NaN,
        "Total Expenses": NaN,
        "Rent Expense Supplemental": NaN,
        "Diluted Average Shares": 35800000.0,
        "Basic Average Shares": 35700000.0,
        "Diluted EPS": 1.44,
        "Basic EPS": 1.44,
        "Diluted NI Availto Com Stockholders": NaN,
        "Net Income Common Stockholders": NaN,
        "Otherunder Preferred Stock Dividend": NaN,
        "Net Income": NaN,
        "Net Income Including Noncontrolling Interests": NaN,
        "Net Income Continuous Operations": NaN,
        "Earnings From Equity Interest Net Of Tax": NaN,
        "Tax Provision": NaN,
        "Pretax Income": NaN,
        "Other Income Expense": NaN,
        "Other Non Operating Income Expenses": NaN,
        "Special Income Charges": NaN,
        "Gain On Sale Of Ppe": NaN,
        "Write Off": NaN,
        "Net Non Operating Interest Income Expense": NaN,
        "Interest Expense Non Operating": NaN,
        "Operating Income": NaN,
        "Operating Expense": NaN,
        "Other Operating Expenses": NaN,
        "Selling General And Administration": NaN,
        "Gross Profit": NaN,
        "Cost Of Revenue": NaN,
        "Total Revenue": NaN,
        "Operating Revenue": NaN
    },
    "2023-12-31": {
        "Tax Effect Of Unusual Items": NaN,
        "Tax Rate For Calcs": NaN,
        "Normalized EBITDA": NaN,
        "Total Unusual Items": NaN,
        "Total Unusual Items Excluding Goodwill": NaN,
        "Net Income From Continuing Operation Net Minority Interest": NaN,
        "Reconciled Depreciation": NaN,
        "Reconciled Cost Of Revenue": NaN,
        "EBITDA": NaN,
        "EBIT": NaN,
        "Net Interest Income": NaN,
        "Interest Expense": NaN,
        "Normalized Income": NaN,
        "Net Income From Continuing And Discontinued Operation": NaN,
        "Total Expenses": NaN,
        "Rent Expense Supplemental": NaN,
        "Diluted Average Shares": NaN,
        "Basic Average Shares": NaN,
        "Diluted EPS": NaN,
        "Basic EPS": NaN,
        "Diluted NI Availto Com Stockholders": NaN,
        "Net Income Common Stockholders": NaN,
        "Otherunder Preferred Stock Dividend": NaN,
        "Net Income": NaN,
        "Net Income Including Noncontrolling Interests": NaN,
        "Net Income Continuous Operations": NaN,
        "Earnings From Equity Interest Net Of Tax": NaN,
        "Tax Provision": NaN,
        "Pretax Income": NaN,
        "Other Income Expense": NaN,
        "Other Non Operating Income Expenses": NaN,
        "Special Income Charges": NaN,
        "Gain On Sale Of Ppe": NaN,
        "Write Off": 300000.0,
        "Net Non Operating Interest Income Expense": NaN,
        "Interest Expense Non Operating": NaN,
        "Operating Income": NaN,
        "Operating Expense": NaN,
        "Other Operating Expenses": NaN,
        "Selling General And Administration": NaN,
        "Gross Profit": NaN,
        "Cost Of Revenue": NaN,
        "Total Revenue": NaN,
        "Operating Revenue": NaN
    },
    "2024-03-31": {
        "Tax Effect Of Unusual Items": NaN,
        "Tax Rate For Calcs": NaN,
        "Normalized EBITDA": NaN,
        "Total Unusual Items": NaN,
        "Total Unusual Items Excluding Goodwill": NaN,
        "Net Income From Continuing Operation Net Minority Interest": NaN,
        "Reconciled Depreciation": NaN,
        "Reconciled Cost Of Revenue": NaN,
        "EBITDA": NaN,
        "EBIT": NaN,
        "Net Interest Income": NaN,
        "Interest Expense": NaN,
        "Normalized Income": NaN,
        "Net Income From Continuing And Discontinued Operation": NaN,
        "Total Expenses": NaN,
        "Rent Expense Supplemental": NaN,
        "Diluted Average Shares": NaN,
        "Basic Average Shares": NaN,
        "Diluted EPS": NaN,
        "Basic EPS": NaN,
        "Diluted NI Availto Com Stockholders": NaN,
        "Net Income Common Stockholders": NaN,
        "Otherunder Preferred Stock Dividend": 1400000.0,
        "Net Income": NaN,
        "Net Income Including Noncontrolling Interests": NaN,
        "Net Income Continuous Operations": NaN,
        "Earnings From Equity Interest Net Of Tax": NaN,
        "Tax Provision": NaN,
        "Pretax Income": NaN,
        "Other Income Expense": NaN,
        "Other Non Operating Income Expenses": NaN,
        "Special Income Charges": NaN,
        "Gain On Sale Of Ppe": NaN,
        "Write Off": NaN,
        "Net Non Operating Interest Income Expense": NaN,
        "Interest Expense Non Operating": NaN,
        "Operating Income": NaN,
        "Operating Expense": NaN,
        "Other Operating Expenses": NaN,
        "Selling General And Administration": NaN,
        "Gross Profit": NaN,
        "Cost Of Revenue": NaN,
        "Total Revenue": NaN,
        "Operating Revenue": NaN
    },
    "2024-06-30": {
        "Tax Effect Of Unusual Items": 6309004.739336,
        "Tax Rate For Calcs": 0.246445,
        "Normalized EBITDA": 202600000.0,
        "Total Unusual Items": 25600000.0,
        "Total Unusual Items Excluding Goodwill": 25600000.0,
        "Net Income From Continuing Operation Net Minority Interest": 44400000.0,
        "Reconciled Depreciation": 103200000.0,
        "Reconciled Cost Of Revenue": 204100000.0,
        "EBITDA": 228200000.0,
        "EBIT": 125000000.0,
        "Net Interest Income": -82800000.0,
        "Interest Expense": 82800000.0,
        "Normalized Income": 25109004.739336,
        "Net Income From Continuing And Discontinued Operation": 44400000.0,
        "Total Expenses": 276500000.0,
        "Rent Expense Supplemental": 9000000.0,
        "Diluted Average Shares": 35900000.0,
        "Basic Average Shares": 35800000.0,
        "Diluted EPS": 1.21,
        "Basic EPS": 1.22,
        "Diluted NI Availto Com Stockholders": 43600000.0,
        "Net Income Common Stockholders": 43600000.0,
        "Otherunder Preferred Stock Dividend": 800000.0,
        "Net Income": 44400000.0,
        "Net Income Including Noncontrolling Interests": 44400000.0,
        "Net Income Continuous Operations": 44400000.0,
        "Earnings From Equity Interest Net Of Tax": 12600000.0,
        "Tax Provision": 10400000.0,
        "Pretax Income": 42200000.0,
        "Other Income Expense": 14800000.0,
        "Other Non Operating Income Expenses": -10800000.0,
        "Special Income Charges": 25600000.0,
        "Gain On Sale Of Ppe": 25600000.0,
        "Write Off": NaN,
        "Net Non Operating Interest Income Expense": -82800000.0,
        "Interest Expense Non Operating": 82800000.0,
        "Operating Income": 110200000.0,
        "Operating Expense": 72400000.0,
        "Other Operating Expenses": 13800000.0,
        "Selling General And Administration": 58600000.0,
        "Gross Profit": 182600000.0,
        "Cost Of Revenue": 204100000.0,
        "Total Revenue": 386700000.0,
        "Operating Revenue": 353300000.0
    },
    "2024-09-30": {
        "Tax Effect Of Unusual Items": 12990058.479532,
        "Tax Rate For Calcs": 0.267836,
        "Normalized EBITDA": 233900000.0,
        "Total Unusual Items": 48500000.0,
        "Total Unusual Items Excluding Goodwill": 48500000.0,
        "Net Income From Continuing Operation Net Minority Interest": 89000000.0,
        "Reconciled Depreciation": 108000000.0,
        "Reconciled Cost Of Revenue": 207300000.0,
        "EBITDA": 282400000.0,
        "EBIT": 174400000.0,
        "Net Interest Income": -88900000.0,
        "Interest Expense": 88900000.0,
        "Normalized Income": 53490058.479532,
        "Net Income From Continuing And Discontinued Operation": 89000000.0,
        "Total Expenses": 278600000.0,
        "Rent Expense Supplemental": 8000000.0,
        "Diluted Average Shares": 35900000.0,
        "Basic Average Shares": 35800000.0,
        "Diluted EPS": 2.43,
        "Basic EPS": 2.44,
        "Diluted NI Availto Com Stockholders": 89000000.0,
        "Net Income Common Stockholders": 89000000.0,
        "Otherunder Preferred Stock Dividend": NaN,
        "Net Income": 89000000.0,
        "Net Income Including Noncontrolling Interests": 89000000.0,
        "Net Income Continuous Operations": 89000000.0,
        "Earnings From Equity Interest Net Of Tax": 26400000.0,
        "Tax Provision": 22900000.0,
        "Pretax Income": 85500000.0,
        "Other Income Expense": 47600000.0,
        "Other Non Operating Income Expenses": -900000.0,
        "Special Income Charges": 48500000.0,
        "Gain On Sale Of Ppe": 48500000.0,
        "Write Off": NaN,
        "Net Non Operating Interest Income Expense": -88900000.0,
        "Interest Expense Non Operating": 88900000.0,
        "Operating Income": 126800000.0,
        "Operating Expense": 71300000.0,
        "Other Operating Expenses": 14100000.0,
        "Selling General And Administration": 57200000.0,
        "Gross Profit": 198100000.0,
        "Cost Of Revenue": 207300000.0,
        "Total Revenue": 405400000.0,
        "Operating Revenue": 369800000.0
    },
    "2024-12-31": {
        "Tax Effect Of Unusual Items": 3748760.330579,
        "Tax Rate For Calcs": 0.133884,
        "Normalized EBITDA": 233600000.0,
        "Total Unusual Items": 28000000.0,
        "Total Unusual Items Excluding Goodwill": 28000000.0,
        "Net Income From Continuing Operation Net Minority Interest": 76500000.0,
        "Reconciled Depreciation": 109600000.0,
        "Reconciled Cost Of Revenue": 210100000.0,
        "EBITDA": 261600000.0,
        "EBIT": 152000000.0,
        "Net Interest Income": -91500000.0,
        "Interest Expense": 91500000.0,
        "Normalized Income": 52248760.330579,
        "Net Income From Continuing And Discontinued Operation": 76500000.0,
        "Total Expenses": 290900000.0,
        "Rent Expense Supplemental": 7900000.0,
        "Diluted Average Shares": 35900000.0,
        "Basic Average Shares": 35800000.0,
        "Diluted EPS": 2.1,
        "Basic EPS": 2.1,
        "Diluted NI Availto Com Stockholders": 76500000.0,
        "Net Income Common Stockholders": 76500000.0,
        "Otherunder Preferred Stock Dividend": NaN,
        "Net Income": 76500000.0,
        "Net Income Including Noncontrolling Interests": 76500000.0,
        "Net Income Continuous Operations": 76500000.0,
        "Earnings From Equity Interest Net Of Tax": 24100000.0,
        "Tax Provision": 8100000.0,
        "Pretax Income": 60500000.0,
        "Other Income Expense": 29400000.0,
        "Other Non Operating Income Expenses": 1400000.0,
        "Special Income Charges": 28000000.0,
        "Gain On Sale Of Ppe": 28000000.0,
        "Write Off": NaN,
        "Net Non Operating Interest Income Expense": -91500000.0,
        "Interest Expense Non Operating": 91500000.0,
        "Operating Income": 122600000.0,
        "Operating Expense": 80800000.0,
        "Other Operating Expenses": 16200000.0,
        "Selling General And Administration": 64600000.0,
        "Gross Profit": 203400000.0,
        "Cost Of Revenue": 210100000.0,
        "Total Revenue": 413500000.0,
        "Operating Revenue": 376100000.0
    },
    "2025-03-31": {
        "Tax Effect Of Unusual Items": 7882400.0,
        "Tax Rate For Calcs": 0.236,
        "Normalized EBITDA": 240200000.0,
        "Total Unusual Items": 33400000.0,
        "Total Unusual Items Excluding Goodwill": 33400000.0,
        "Net Income From Continuing Operation Net Minority Interest": 78600000.0,
        "Reconciled Depreciation": 108600000.0,
        "Reconciled Cost Of Revenue": 214700000.0,
        "EBITDA": 273600000.0,
        "EBIT": 165000000.0,
        "Net Interest Income": -94900000.0,
        "Interest Expense": 94900000.0,
        "Normalized Income": 53082400.0,
        "Net Income From Continuing And Discontinued Operation": 78600000.0,
        "Total Expenses": 287300000.0,
        "Rent Expense Supplemental": 7600000.0,
        "Diluted Average Shares": 36000000.0,
        "Basic Average Shares": 35900000.0,
        "Diluted EPS": 2.15,
        "Basic EPS": 2.15,
        "Diluted NI Availto Com Stockholders": 77200000.0,
        "Net Income Common Stockholders": 77200000.0,
        "Otherunder Preferred Stock Dividend": 1400000.0,
        "Net Income": 78600000.0,
        "Net Income Including Noncontrolling Interests": 78600000.0,
        "Net Income Continuous Operations": 78600000.0,
        "Earnings From Equity Interest Net Of Tax": 25100000.0,
        "Tax Provision": 16600000.0,
        "Pretax Income": 70100000.0,
        "Other Income Expense": 30700000.0,
        "Other Non Operating Income Expenses": -2700000.0,
        "Special Income Charges": 33400000.0,
        "Gain On Sale Of Ppe": 37000000.0,
        "Write Off": 3600000.0,
        "Net Non Operating Interest Income Expense": -94900000.0,
        "Interest Expense Non Operating": 94900000.0,
        "Operating Income": 134300000.0,
        "Operating Expense": 72600000.0,
        "Other Operating Expenses": 16000000.0,
        "Selling General And Administration": 56600000.0,
        "Gross Profit": 206900000.0,
        "Cost Of Revenue": 214700000.0,
        "Total Revenue": 421600000.0,
        "Operating Revenue": 381100000.0
    },
    "2025-06-30": {
        "Tax Effect Of Unusual Items": 10565217.391304,
        "Tax Rate For Calcs": 0.26087,
        "Normalized EBITDA": 248200000.0,
        "Total Unusual Items": 40500000.0,
        "Total Unusual Items Excluding Goodwill": 40500000.0,
        "Net Income From Continuing Operation Net Minority Interest": 75500000.0,
        "Reconciled Depreciation": 112000000.0,
        "Reconciled Cost Of Revenue": 218500000.0,
        "EBITDA": 288700000.0,
        "EBIT": 176700000.0,
        "Net Interest Income": -96200000.0,
        "Interest Expense": 96200000.0,
        "Normalized Income": 45565217.391304,
        "Net Income From Continuing And Discontinued Operation": 75500000.0,
        "Total Expenses": 293200000.0,
        "Rent Expense Supplemental": 7100000.0,
        "Diluted Average Shares": 35900000.0,
        "Basic Average Shares": 35900000.0,
        "Diluted EPS": 2.06,
        "Basic EPS": 2.07,
        "Diluted NI Availto Com Stockholders": 74200000.0,
        "Net Income Common Stockholders": 74200000.0,
        "Otherunder Preferred Stock Dividend": 1300000.0,
        "Net Income": 75500000.0,
        "Net Income Including Noncontrolling Interests": 75500000.0,
        "Net Income Continuous Operations": 75500000.0,
        "Earnings From Equity Interest Net Of Tax": 16000000.0,
        "Tax Provision": 21000000.0,
        "Pretax Income": 80500000.0,
        "Other Income Expense": 39400000.0,
        "Other Non Operating Income Expenses": -1100000.0,
        "Special Income Charges": 40500000.0,
        "Gain On Sale Of Ppe": 40500000.0,
        "Write Off": NaN,
        "Net Non Operating Interest Income Expense": -96200000.0,
        "Interest Expense Non Operating": 96200000.0,
        "Operating Income": 137300000.0,
        "Operating Expense": 74700000.0,
        "Other Operating Expenses": 16500000.0,
        "Selling General And Administration": 58200000.0,
        "Gross Profit": 212000000.0,
        "Cost Of Revenue": 218500000.0,
        "Total Revenue": 430500000.0,
        "Operating Revenue": 389300000.0
    }
}