{
    "2023-06-30": {
        "Tax Effect Of Unusual Items": NaN,
        "Tax Rate For Calcs": NaN,
        "Net Income From Continuing Operation Net Minority Interest": NaN,
        "Reconciled Depreciation": NaN,
        "Net Interest Income": NaN,
        "Interest Expense": NaN,
        "Interest Income": NaN,
        "Normalized Income": NaN,
        "Net Income From Continuing And Discontinued Operation": NaN,
        "Diluted Average Shares": NaN,
        "Basic Average Shares": NaN,
        "Diluted EPS": NaN,
        "Basic EPS": NaN,
        "Diluted NI Availto Com Stockholders": NaN,
        "Net Income Common Stockholders": NaN,
        "Net Income": NaN,
        "Net Income Including Noncontrolling Interests": NaN,
        "Net Income Continuous Operations": NaN,
        "Tax Provision": NaN,
        "Pretax Income": NaN,
        "Gain On Sale Of Security": 0.0,
        "Selling General And Administration": NaN,
        "Selling And Marketing Expense": NaN,
        "General And Administrative Expense": NaN,
        "Other Gand A": 1325000.0,
        "Insurance And Claims": NaN,
        "Salaries And Wages": NaN,
        "Total Revenue": NaN,
        "Operating Revenue": NaN,
        "Occupancy And Equipment": NaN,
        "Professional Expense And Contract Services Expense": NaN,
        "Other Non Interest Expense": NaN
    },
    "2023-03-31": {
        "Tax Effect Of Unusual Items": NaN,
        "Tax Rate For Calcs": NaN,
        "Net Income From Continuing Operation Net Minority Interest": NaN,
        "Reconciled Depreciation": NaN,
        "Net Interest Income": NaN,
        "Interest Expense": NaN,
        "Interest Income": NaN,
        "Normalized Income": NaN,
        "Net Income From Continuing And Discontinued Operation": NaN,
        "Diluted Average Shares": NaN,
        "Basic Average Shares": NaN,
        "Diluted EPS": NaN,
        "Basic EPS": NaN,
        "Diluted NI Availto Com Stockholders": NaN,
        "Net Income Common Stockholders": NaN,
        "Net Income": NaN,
        "Net Income Including Noncontrolling Interests": NaN,
        "Net Income Continuous Operations": NaN,
        "Tax Provision": NaN,
        "Pretax Income": NaN,
        "Gain On Sale Of Security": 0.0,
        "Selling General And Administration": NaN,
        "Selling And Marketing Expense": NaN,
        "General And Administrative Expense": NaN,
        "Other Gand A": 1081000.0,
        "Insurance And Claims": NaN,
        "Salaries And Wages": NaN,
        "Total Revenue": NaN,
        "Operating Revenue": NaN,
        "Occupancy And Equipment": NaN,
        "Professional Expense And Contract Services Expense": NaN,
        "Other Non Interest Expense": NaN
    },
    "2022-12-31": {
        "Tax Effect Of Unusual Items": NaN,
        "Tax Rate For Calcs": NaN,
        "Net Income From Continuing Operation Net Minority Interest": NaN,
        "Reconciled Depreciation": NaN,
        "Net Interest Income": NaN,
        "Interest Expense": NaN,
        "Interest Income": NaN,
        "Normalized Income": NaN,
        "Net Income From Continuing And Discontinued Operation": NaN,
        "Diluted Average Shares": NaN,
        "Basic Average Shares": NaN,
        "Diluted EPS": NaN,
        "Basic EPS": NaN,
        "Diluted NI Availto Com Stockholders": NaN,
        "Net Income Common Stockholders": NaN,
        "Net Income": NaN,
        "Net Income Including Noncontrolling Interests": NaN,
        "Net Income Continuous Operations": NaN,
        "Tax Provision": NaN,
        "Pretax Income": NaN,
        "Gain On Sale Of Security": -251000.0,
        "Selling General And Administration": NaN,
        "Selling And Marketing Expense": NaN,
        "General And Administrative Expense": NaN,
        "Other Gand A": NaN,
        "Insurance And Claims": NaN,
        "Salaries And Wages": NaN,
        "Total Revenue": NaN,
        "Operating Revenue": NaN,
        "Occupancy And Equipment": NaN,
        "Professional Expense And Contract Services Expense": NaN,
        "Other Non Interest Expense": NaN
    },
    "2022-09-30": {
        "Tax Effect Of Unusual Items": NaN,
        "Tax Rate For Calcs": NaN,
        "Net Income From Continuing Operation Net Minority Interest": NaN,
        "Reconciled Depreciation": NaN,
        "Net Interest Income": NaN,
        "Interest Expense": NaN,
        "Interest Income": NaN,
        "Normalized Income": NaN,
        "Net Income From Continuing And Discontinued Operation": NaN,
        "Diluted Average Shares": NaN,
        "Basic Average Shares": NaN,
        "Diluted EPS": NaN,
        "Basic EPS": NaN,
        "Diluted NI Availto Com Stockholders": NaN,
        "Net Income Common Stockholders": NaN,
        "Net Income": NaN,
        "Net Income Including Noncontrolling Interests": NaN,
        "Net Income Continuous Operations": NaN,
        "Tax Provision": NaN,
        "Pretax Income": NaN,
        "Gain On Sale Of Security": NaN,
        "Selling General And Administration": NaN,
        "Selling And Marketing Expense": NaN,
        "General And Administrative Expense": NaN,
        "Other Gand A": 702000.0,
        "Insurance And Claims": NaN,
        "Salaries And Wages": NaN,
        "Total Revenue": NaN,
        "Operating Revenue": NaN
    },
    "2022-06-30": {
        "Tax Effect Of Unusual Items": 0.0,
        "Tax Rate For Calcs": 0.142,
        "Net Income From Continuing Operation Net Minority Interest": 6807000.0,
        "Reconciled Depreciation": 204000.0,
        "Net Interest Income": 15066000.0,
        "Interest Expense": 1649000.0,
        "Interest Income": 16715000.0,
        "Normalized Income": 6807000.0,
        "Net Income From Continuing And Discontinued Operation": 6807000.0,
        "Diluted Average Shares": 17026828.0,
        "Basic Average Shares": 17026828.0,
        "Diluted EPS": 0.4,
        "Basic EPS": 0.4,
        "Diluted NI Availto Com Stockholders": 6807000.0,
        "Net Income Common Stockholders": 6807000.0,
        "Net Income": 6807000.0,
        "Net Income Including Noncontrolling Interests": 6807000.0,
        "Net Income Continuous Operations": 6807000.0,
        "Tax Provision": 1130000.0,
        "Pretax Income": 7937000.0,
        "Gain On Sale Of Security": NaN,
        "Selling General And Administration": 6945000.0,
        "Selling And Marketing Expense": 146000.0,
        "General And Administrative Expense": 6799000.0,
        "Other Gand A": 1055000.0,
        "Insurance And Claims": 180000.0,
        "Salaries And Wages": 5564000.0,
        "Total Revenue": 18131000.0,
        "Operating Revenue": 18131000.0
    },
    "2022-03-31": {
        "Diluted EPS": 0.42,
        "Total Revenue": 18,
        "Gross Profit": 17,
        "Operating Income": 9,
        "EBIT": NaN,
        "Net Income": 7
    },
    "2021-12-31": {
        "Diluted EPS": 0.41,
        "Total Revenue": 19,
        "Gross Profit": 18,
        "Operating Income": 8,
        "EBIT": NaN,
        "Net Income": 7
    },
    "2021-09-30": {
        "Diluted EPS": 0.42,
        "Total Revenue": 19,
        "Gross Profit": 17,
        "Operating Income": 8,
        "EBIT": NaN,
        "Net Income": 7
    },
    "2021-06-30": {
        "Diluted EPS": 0.45,
        "Total Revenue": 18,
        "Gross Profit": 17,
        "Operating Income": 9,
        "EBIT": NaN,
        "Net Income": 8
    },
    "2021-03-31": {
        "Diluted EPS": 0.31,
        "Total Revenue": 17,
        "Gross Profit": 16,
        "Operating Income": 6,
        "EBIT": NaN,
        "Net Income": 5
    },
    "2020-12-31": {
        "Diluted EPS": 0.37,
        "Total Revenue": 17,
        "Gross Profit": 16,
        "Operating Income": 7,
        "EBIT": NaN,
        "Net Income": 6
    },
    "2020-09-30": {
        "Diluted EPS": 0.29,
        "Total Revenue": 15,
        "Gross Profit": 14,
        "Operating Income": 6,
        "EBIT": NaN,
        "Net Income": 5
    },
    "2020-06-30": {
        "Diluted EPS": 0.28,
        "Total Revenue": 16,
        "Gross Profit": 14,
        "Operating Income": 5,
        "EBIT": NaN,
        "Net Income": 5
    },
    "2020-03-31": {
        "Diluted EPS": 0.24,
        "Total Revenue": 16,
        "Gross Profit": 13,
        "Operating Income": 5,
        "EBIT": NaN,
        "Net Income": 4
    },
    "2019-12-31": {
        "Diluted EPS": 0.3,
        "Total Revenue": 16,
        "Gross Profit": 13,
        "Operating Income": 6,
        "EBIT": NaN,
        "Net Income": 5
    },
    "2019-09-30": {
        "Diluted EPS": 0.29,
        "Total Revenue": 15,
        "Gross Profit": 13,
        "Operating Income": 6,
        "EBIT": NaN,
        "Net Income": 5
    },
    "2019-06-30": {
        "Diluted EPS": 0.25,
        "Total Revenue": 14,
        "Gross Profit": 12,
        "Operating Income": 5,
        "EBIT": NaN,
        "Net Income": 4
    },
    "2019-03-31": {
        "Diluted EPS": 0.26,
        "Total Revenue": 14,
        "Gross Profit": 12,
        "Operating Income": 5,
        "EBIT": NaN,
        "Net Income": 4
    },
    "2018-12-31": {
        "Diluted EPS": 0.27,
        "Total Revenue": 14,
        "Gross Profit": 12,
        "Operating Income": 6,
        "EBIT": NaN,
        "Net Income": 5
    },
    "2018-09-30": {
        "Diluted EPS": 0.26,
        "Total Revenue": 13,
        "Gross Profit": 12,
        "Operating Income": 5,
        "EBIT": NaN,
        "Net Income": 4
    },
    "2018-06-30": {
        "Diluted EPS": 0.21,
        "Total Revenue": 13,
        "Gross Profit": 11,
        "Operating Income": 5,
        "EBIT": NaN,
        "Net Income": 4
    },
    "2018-03-31": {
        "Diluted EPS": 0.22,
        "Total Revenue": 12,
        "Gross Profit": 11,
        "Operating Income": 5,
        "EBIT": NaN,
        "Net Income": 4
    },
    "2017-12-31": {
        "Diluted EPS": 0.22,
        "Total Revenue": 11,
        "Gross Profit": 10,
        "Operating Income": 5,
        "EBIT": NaN,
        "Net Income": 4
    },
    "2017-09-30": {
        "Diluted EPS": 0.21,
        "Total Revenue": 11,
        "Gross Profit": 10,
        "Operating Income": 5,
        "EBIT": NaN,
        "Net Income": 3
    },
    "2017-06-30": {
        "Diluted EPS": 0.17,
        "Total Revenue": 10,
        "Gross Profit": 10,
        "Operating Income": 4,
        "EBIT": NaN,
        "Net Income": 3
    },
    "2017-03-31": {
        "Diluted EPS": 0.17,
        "Total Revenue": 10,
        "Gross Profit": 9,
        "Operating Income": 4,
        "EBIT": NaN,
        "Net Income": 3
    },
    "2016-12-31": {
        "Diluted EPS": 0.17,
        "Total Revenue": 10,
        "Gross Profit": 9,
        "Operating Income": 4,
        "EBIT": NaN,
        "Net Income": 3
    },
    "2016-09-30": {
        "Diluted EPS": 0.15,
        "Total Revenue": 9,
        "Gross Profit": 9,
        "Operating Income": 3,
        "EBIT": NaN,
        "Net Income": 3
    },
    "2016-06-30": {
        "Diluted EPS": 0.15,
        "Total Revenue": 9,
        "Gross Profit": 8,
        "Operating Income": 3,
        "EBIT": NaN,
        "Net Income": 2
    },
    "2016-03-31": {
        "Diluted EPS": 0.13,
        "Total Revenue": 9,
        "Gross Profit": 8,
        "Operating Income": 3,
        "EBIT": NaN,
        "Net Income": 2
    },
    "2015-12-31": {
        "Diluted EPS": 0.14,
        "Total Revenue": 9,
        "Gross Profit": 8,
        "Operating Income": 3,
        "EBIT": NaN,
        "Net Income": 2
    },
    "2015-09-30": {
        "Diluted EPS": 0.13,
        "Total Revenue": 8,
        "Gross Profit": 8,
        "Operating Income": 3,
        "EBIT": NaN,
        "Net Income": 2
    },
    "2015-06-30": {
        "Diluted EPS": 0.11,
        "Total Revenue": 8,
        "Gross Profit": 8,
        "Operating Income": 2,
        "EBIT": NaN,
        "Net Income": 2
    },
    "2015-03-31": {
        "Diluted EPS": 0.11,
        "Total Revenue": 8,
        "Gross Profit": 7,
        "Operating Income": 2,
        "EBIT": NaN,
        "Net Income": 2
    },
    "2014-12-31": {
        "Diluted EPS": 0.11,
        "Total Revenue": 8,
        "Gross Profit": 7,
        "Operating Income": 2,
        "EBIT": NaN,
        "Net Income": 2
    },
    "2014-09-30": {
        "Diluted EPS": 0.11,
        "Total Revenue": 8,
        "Gross Profit": 7,
        "Operating Income": 2,
        "EBIT": NaN,
        "Net Income": 2
    },
    "2014-06-30": {
        "Diluted EPS": 0.09,
        "Total Revenue": 7,
        "Gross Profit": 7,
        "Operating Income": 2,
        "EBIT": NaN,
        "Net Income": 2
    },
    "2014-03-31": {
        "Diluted EPS": 0.09,
        "Total Revenue": 7,
        "Gross Profit": 7,
        "Operating Income": 2,
        "EBIT": NaN,
        "Net Income": 1
    },
    "2013-12-31": {
        "Diluted EPS": 0.1,
        "Total Revenue": 7,
        "Gross Profit": 7,
        "Operating Income": 2,
        "EBIT": NaN,
        "Net Income": 2
    },
    "2013-09-30": {
        "Diluted EPS": 0.1,
        "Total Revenue": 7,
        "Gross Profit": 7,
        "Operating Income": 2,
        "EBIT": NaN,
        "Net Income": 2
    },
    "2013-06-30": {
        "Diluted EPS": 0.09,
        "Total Revenue": 7,
        "Gross Profit": 6,
        "Operating Income": 2,
        "EBIT": NaN,
        "Net Income": 1
    },
    "2013-03-31": {
        "Diluted EPS": 0.09,
        "Total Revenue": 7,
        "Gross Profit": 6,
        "Operating Income": 2,
        "EBIT": NaN,
        "Net Income": 2
    },
    "2012-12-31": {
        "Diluted EPS": 0.1,
        "Total Revenue": 7,
        "Gross Profit": 7,
        "Operating Income": 2,
        "EBIT": NaN,
        "Net Income": 2
    },
    "2012-09-30": {
        "Diluted EPS": 0.11,
        "Total Revenue": 7,
        "Gross Profit": 7,
        "Operating Income": 3,
        "EBIT": NaN,
        "Net Income": 2
    },
    "2012-06-30": {
        "Diluted EPS": 0.08,
        "Total Revenue": 7,
        "Gross Profit": 6,
        "Operating Income": 2,
        "EBIT": NaN,
        "Net Income": 1
    },
    "2012-03-31": {
        "Diluted EPS": 0.09,
        "Total Revenue": 7,
        "Gross Profit": 6,
        "Operating Income": 2,
        "EBIT": NaN,
        "Net Income": 1
    },
    "2011-12-31": {
        "Diluted EPS": 0.09,
        "Total Revenue": 7,
        "Gross Profit": 6,
        "Operating Income": 2,
        "EBIT": NaN,
        "Net Income": 1
    },
    "2011-09-30": {
        "Diluted EPS": 0.09,
        "Total Revenue": 7,
        "Gross Profit": 6,
        "Operating Income": 2,
        "EBIT": NaN,
        "Net Income": 2
    },
    "2011-06-30": {
        "Diluted EPS": 0.08,
        "Total Revenue": 7,
        "Gross Profit": 6,
        "Operating Income": 2,
        "EBIT": NaN,
        "Net Income": 1
    },
    "2011-03-31": {
        "Diluted EPS": 0.08,
        "Total Revenue": 7,
        "Gross Profit": 6,
        "Operating Income": 2,
        "EBIT": NaN,
        "Net Income": 1
    },
    "2010-12-31": {
        "Diluted EPS": 0.08,
        "Total Revenue": 7,
        "Gross Profit": 6,
        "Operating Income": 2,
        "EBIT": NaN,
        "Net Income": 1
    },
    "2010-09-30": {
        "Diluted EPS": 0.08,
        "Total Revenue": 7,
        "Gross Profit": 6,
        "Operating Income": 2,
        "EBIT": NaN,
        "Net Income": 1
    },
    "2010-06-30": {
        "Diluted EPS": 0.08,
        "Total Revenue": 7,
        "Gross Profit": 6,
        "Operating Income": 2,
        "EBIT": NaN,
        "Net Income": 1
    },
    "2010-03-31": {
        "Diluted EPS": 0.08,
        "Total Revenue": 7,
        "Gross Profit": 6,
        "Operating Income": 2,
        "EBIT": NaN,
        "Net Income": 1
    },
    "2009-12-31": {
        "Diluted EPS": 0.07,
        "Total Revenue": 7,
        "Gross Profit": 6,
        "Operating Income": 2,
        "EBIT": NaN,
        "Net Income": 1
    },
    "2009-09-30": {
        "Diluted EPS": 0.07,
        "Total Revenue": 7,
        "Gross Profit": 5,
        "Operating Income": 2,
        "EBIT": NaN,
        "Net Income": 1
    },
    "2009-06-30": {
        "Diluted EPS": 0.07,
        "Total Revenue": 7,
        "Gross Profit": 5,
        "Operating Income": 1,
        "EBIT": NaN,
        "Net Income": 1
    },
    "2009-03-31": {
        "Diluted EPS": 0.07,
        "Total Revenue": 8,
        "Gross Profit": 7,
        "Operating Income": 2,
        "EBIT": NaN,
        "Net Income": 1
    },
    "2023-09-30": {
        "Tax Effect Of Unusual Items": NaN,
        "Tax Rate For Calcs": NaN,
        "Net Income From Continuing Operation Net Minority Interest": NaN,
        "Reconciled Depreciation": NaN,
        "Net Interest Income": NaN,
        "Interest Expense": NaN,
        "Interest Income": NaN,
        "Normalized Income": NaN,
        "Net Income From Continuing And Discontinued Operation": NaN,
        "Diluted Average Shares": NaN,
        "Basic Average Shares": NaN,
        "Diluted EPS": NaN,
        "Basic EPS": NaN,
        "Diluted NI Availto Com Stockholders": NaN,
        "Net Income Common Stockholders": NaN,
        "Net Income": NaN,
        "Net Income Including Noncontrolling Interests": NaN,
        "Net Income Continuous Operations": NaN,
        "Tax Provision": NaN,
        "Pretax Income": NaN,
        "Gain On Sale Of Security": NaN,
        "Selling General And Administration": NaN,
        "Selling And Marketing Expense": NaN,
        "General And Administrative Expense": NaN,
        "Other Gand A": 591000.0,
        "Insurance And Claims": NaN,
        "Salaries And Wages": NaN,
        "Total Revenue": NaN,
        "Operating Revenue": NaN,
        "Occupancy And Equipment": NaN,
        "Professional Expense And Contract Services Expense": NaN,
        "Other Non Interest Expense": NaN
    },
    "2023-12-31": {
        "Tax Effect Of Unusual Items": NaN,
        "Tax Rate For Calcs": NaN,
        "Net Income From Continuing Operation Net Minority Interest": NaN,
        "Reconciled Depreciation": NaN,
        "Net Interest Income": NaN,
        "Interest Expense": NaN,
        "Interest Income": NaN,
        "Normalized Income": NaN,
        "Net Income From Continuing And Discontinued Operation": NaN,
        "Diluted Average Shares": NaN,
        "Basic Average Shares": NaN,
        "Diluted EPS": NaN,
        "Basic EPS": NaN,
        "Diluted NI Availto Com Stockholders": NaN,
        "Net Income Common Stockholders": NaN,
        "Net Income": NaN,
        "Net Income Including Noncontrolling Interests": NaN,
        "Net Income Continuous Operations": NaN,
        "Tax Provision": NaN,
        "Pretax Income": NaN,
        "Gain On Sale Of Security": 0.0,
        "Selling General And Administration": NaN,
        "Selling And Marketing Expense": NaN,
        "General And Administrative Expense": NaN,
        "Insurance And Claims": NaN,
        "Salaries And Wages": NaN,
        "Total Revenue": NaN,
        "Operating Revenue": NaN,
        "Occupancy And Equipment": NaN,
        "Professional Expense And Contract Services Expense": NaN,
        "Other Non Interest Expense": NaN
    },
    "2024-03-31": {
        "Tax Effect Of Unusual Items": NaN,
        "Tax Rate For Calcs": NaN,
        "Net Income From Continuing Operation Net Minority Interest": NaN,
        "Reconciled Depreciation": NaN,
        "Net Interest Income": NaN,
        "Interest Expense": NaN,
        "Interest Income": NaN,
        "Normalized Income": NaN,
        "Net Income From Continuing And Discontinued Operation": NaN,
        "Diluted Average Shares": 17026828.0,
        "Basic Average Shares": 17026828.0,
        "Diluted EPS": 0.34,
        "Basic EPS": 0.34,
        "Diluted NI Availto Com Stockholders": NaN,
        "Net Income Common Stockholders": NaN,
        "Net Income": NaN,
        "Net Income Including Noncontrolling Interests": NaN,
        "Net Income Continuous Operations": NaN,
        "Tax Provision": NaN,
        "Pretax Income": NaN,
        "Gain On Sale Of Security": 0.0,
        "Selling General And Administration": NaN,
        "Selling And Marketing Expense": NaN,
        "General And Administrative Expense": NaN,
        "Insurance And Claims": NaN,
        "Salaries And Wages": NaN,
        "Total Revenue": NaN,
        "Operating Revenue": NaN,
        "Occupancy And Equipment": NaN,
        "Professional Expense And Contract Services Expense": NaN,
        "Other Non Interest Expense": NaN
    },
    "2024-06-30": {
        "Tax Effect Of Unusual Items": 0.0,
        "Tax Rate For Calcs": 0.014348,
        "Net Income From Continuing Operation Net Minority Interest": 6732000.0,
        "Reconciled Depreciation": 243000.0,
        "Net Interest Income": 12857000.0,
        "Interest Expense": 14471000.0,
        "Interest Income": 27328000.0,
        "Normalized Income": 6732000.0,
        "Net Income From Continuing And Discontinued Operation": 6732000.0,
        "Diluted Average Shares": 17026828.0,
        "Basic Average Shares": 17026828.0,
        "Diluted EPS": 0.4,
        "Basic EPS": 0.4,
        "Diluted NI Availto Com Stockholders": 6732000.0,
        "Net Income Common Stockholders": 6732000.0,
        "Net Income": 6732000.0,
        "Net Income Including Noncontrolling Interests": 6732000.0,
        "Net Income Continuous Operations": 6732000.0,
        "Tax Provision": 98000.0,
        "Pretax Income": 6830000.0,
        "Gain On Sale Of Security": 0.0,
        "Selling General And Administration": 11013000.0,
        "Selling And Marketing Expense": 124000.0,
        "General And Administrative Expense": 10889000.0,
        "Insurance And Claims": 337000.0,
        "Salaries And Wages": 6589000.0,
        "Total Revenue": 16576000.0,
        "Operating Revenue": 16576000.0,
        "Occupancy And Equipment": 811000.0,
        "Professional Expense And Contract Services Expense": 397000.0,
        "Other Non Interest Expense": -2324000.0
    },
    "2024-09-30": {
        "Tax Effect Of Unusual Items": 0.0,
        "Tax Rate For Calcs": 0.064,
        "Net Income From Continuing Operation Net Minority Interest": 6261000.0,
        "Reconciled Depreciation": 261000.0,
        "Net Interest Income": 13136000.0,
        "Interest Expense": 14633000.0,
        "Interest Income": 27769000.0,
        "Normalized Income": 6261000.0,
        "Net Income From Continuing And Discontinued Operation": 6261000.0,
        "Diluted Average Shares": 17026828.0,
        "Basic Average Shares": 17026828.0,
        "Diluted EPS": 0.37,
        "Basic EPS": 0.37,
        "Diluted NI Availto Com Stockholders": 6261000.0,
        "Net Income Common Stockholders": 6261000.0,
        "Net Income": 6261000.0,
        "Net Income Including Noncontrolling Interests": 6261000.0,
        "Net Income Continuous Operations": 6261000.0,
        "Tax Provision": 428000.0,
        "Pretax Income": 6689000.0,
        "Gain On Sale Of Security": NaN,
        "Selling General And Administration": 6277000.0,
        "Selling And Marketing Expense": 77000.0,
        "General And Administrative Expense": 6200000.0,
        "Insurance And Claims": 322000.0,
        "Salaries And Wages": 5878000.0,
        "Total Revenue": 16873000.0,
        "Operating Revenue": 16873000.0,
        "Occupancy And Equipment": 786000.0,
        "Professional Expense And Contract Services Expense": 364000.0,
        "Other Non Interest Expense": 2123000.0
    },
    "2024-12-31": {
        "Tax Effect Of Unusual Items": 0.0,
        "Tax Rate For Calcs": 0.073,
        "Net Income From Continuing Operation Net Minority Interest": 7490000.0,
        "Reconciled Depreciation": 263000.0,
        "Net Interest Income": 14068000.0,
        "Interest Expense": 15350000.0,
        "Interest Income": 29418000.0,
        "Normalized Income": 7490000.0,
        "Net Income From Continuing And Discontinued Operation": 7490000.0,
        "Diluted Average Shares": 17026828.0,
        "Basic Average Shares": 17026828.0,
        "Diluted EPS": 0.44,
        "Basic EPS": 0.44,
        "Diluted NI Availto Com Stockholders": 7490000.0,
        "Net Income Common Stockholders": 7490000.0,
        "Net Income": 7490000.0,
        "Net Income Including Noncontrolling Interests": 7490000.0,
        "Net Income Continuous Operations": 7490000.0,
        "Tax Provision": 589000.0,
        "Pretax Income": 8079000.0,
        "Gain On Sale Of Security": NaN,
        "Selling General And Administration": 6127000.0,
        "Selling And Marketing Expense": 127000.0,
        "General And Administrative Expense": 6000000.0,
        "Insurance And Claims": 347000.0,
        "Salaries And Wages": 5653000.0,
        "Total Revenue": 17943000.0,
        "Operating Revenue": 17943000.0,
        "Occupancy And Equipment": 808000.0,
        "Professional Expense And Contract Services Expense": 245000.0,
        "Other Non Interest Expense": 2206000.0
    },
    "2025-03-31": {
        "Tax Effect Of Unusual Items": 0.0,
        "Tax Rate For Calcs": 0.099,
        "Net Income From Continuing Operation Net Minority Interest": 8054000.0,
        "Reconciled Depreciation": 266000.0,
        "Net Interest Income": 16211000.0,
        "Interest Expense": 13568000.0,
        "Interest Income": 29779000.0,
        "Normalized Income": 8054000.0,
        "Net Income From Continuing And Discontinued Operation": 8054000.0,
        "Diluted Average Shares": 17026828.0,
        "Basic Average Shares": 17026828.0,
        "Diluted EPS": 0.47,
        "Basic EPS": 0.47,
        "Diluted NI Availto Com Stockholders": 8054000.0,
        "Net Income Common Stockholders": 8054000.0,
        "Net Income": 8054000.0,
        "Net Income Including Noncontrolling Interests": 8054000.0,
        "Net Income Continuous Operations": 8054000.0,
        "Tax Provision": 887000.0,
        "Pretax Income": 8941000.0,
        "Gain On Sale Of Security": -665000.0,
        "Selling General And Administration": 6684000.0,
        "Selling And Marketing Expense": 136000.0,
        "General And Administrative Expense": 6548000.0,
        "Insurance And Claims": 353000.0,
        "Salaries And Wages": 6195000.0,
        "Total Revenue": 20067000.0,
        "Operating Revenue": 20067000.0,
        "Occupancy And Equipment": 955000.0,
        "Professional Expense And Contract Services Expense": 394000.0,
        "Other Non Interest Expense": 2009000.0
    },
    "2025-06-30": {
        "Tax Effect Of Unusual Items": 0.0,
        "Tax Rate For Calcs": 0.148216,
        "Net Income From Continuing Operation Net Minority Interest": 9333000.0,
        "Reconciled Depreciation": 275000.0,
        "Net Interest Income": 16706000.0,
        "Interest Expense": 14033000.0,
        "Interest Income": 30739000.0,
        "Normalized Income": 9333000.0,
        "Net Income From Continuing And Discontinued Operation": 9333000.0,
        "Diluted Average Shares": NaN,
        "Basic Average Shares": NaN,
        "Diluted EPS": NaN,
        "Basic EPS": NaN,
        "Diluted NI Availto Com Stockholders": 9333000.0,
        "Net Income Common Stockholders": 9333000.0,
        "Net Income": 9333000.0,
        "Net Income Including Noncontrolling Interests": 9333000.0,
        "Net Income Continuous Operations": 9333000.0,
        "Tax Provision": 1624000.0,
        "Pretax Income": 10957000.0,
        "Gain On Sale Of Security": 0.0,
        "Selling General And Administration": 11748000.0,
        "Selling And Marketing Expense": 146000.0,
        "General And Administrative Expense": 11602000.0,
        "Insurance And Claims": 351000.0,
        "Salaries And Wages": 6689000.0,
        "Total Revenue": 20471000.0,
        "Operating Revenue": 20471000.0,
        "Occupancy And Equipment": 871000.0,
        "Professional Expense And Contract Services Expense": 350000.0,
        "Other Non Interest Expense": -2575000.0
    }
}