{
    "2023-03-31": {
        "Tax Effect Of Unusual Items": NaN,
        "Tax Rate For Calcs": NaN,
        "Normalized EBITDA": NaN,
        "Total Unusual Items": NaN,
        "Total Unusual Items Excluding Goodwill": NaN,
        "Net Income From Continuing Operation Net Minority Interest": NaN,
        "Reconciled Depreciation": NaN,
        "Reconciled Cost Of Revenue": NaN,
        "EBITDA": NaN,
        "EBIT": NaN,
        "Net Interest Income": NaN,
        "Interest Expense": NaN,
        "Normalized Income": NaN,
        "Net Income From Continuing And Discontinued Operation": NaN,
        "Total Expenses": NaN,
        "Total Operating Income As Reported": NaN,
        "Diluted Average Shares": 147771429.0,
        "Basic Average Shares": 147771429.0,
        "Diluted EPS": 0.07,
        "Basic EPS": 0.07,
        "Diluted NI Availto Com Stockholders": NaN,
        "Net Income Common Stockholders": NaN,
        "Net Income": NaN,
        "Minority Interests": NaN,
        "Net Income Including Noncontrolling Interests": NaN,
        "Net Income Continuous Operations": NaN,
        "Tax Provision": NaN,
        "Pretax Income": NaN,
        "Other Income Expense": NaN,
        "Other Non Operating Income Expenses": NaN,
        "Special Income Charges": NaN,
        "Gain On Sale Of Ppe": NaN,
        "Other Special Charges": NaN,
        "Write Off": NaN,
        "Restructuring And Mergern Acquisition": NaN,
        "Earnings From Equity Interest": 210000.0,
        "Net Non Operating Interest Income Expense": NaN,
        "Interest Expense Non Operating": NaN,
        "Operating Income": NaN,
        "Operating Expense": NaN,
        "Other Operating Expenses": NaN,
        "Depreciation Amortization Depletion Income Statement": NaN,
        "Depreciation And Amortization In Income Statement": NaN,
        "Selling General And Administration": NaN,
        "Gross Profit": NaN,
        "Cost Of Revenue": NaN,
        "Total Revenue": NaN,
        "Operating Revenue": NaN
    },
    "2022-12-31": {
        "Tax Effect Of Unusual Items": NaN,
        "Tax Rate For Calcs": NaN,
        "Normalized EBITDA": NaN,
        "Total Unusual Items": NaN,
        "Total Unusual Items Excluding Goodwill": NaN,
        "Net Income From Continuing Operation Net Minority Interest": NaN,
        "Reconciled Depreciation": NaN,
        "Reconciled Cost Of Revenue": NaN,
        "EBITDA": NaN,
        "EBIT": NaN,
        "Net Interest Income": NaN,
        "Interest Expense": NaN,
        "Normalized Income": NaN,
        "Net Income From Continuing And Discontinued Operation": NaN,
        "Total Expenses": NaN,
        "Total Operating Income As Reported": NaN,
        "Diluted Average Shares": 136529167.0,
        "Basic Average Shares": 136529167.0,
        "Diluted EPS": 0.17,
        "Basic EPS": 0.24,
        "Diluted NI Availto Com Stockholders": NaN,
        "Net Income Common Stockholders": NaN,
        "Net Income": NaN,
        "Minority Interests": NaN,
        "Net Income Including Noncontrolling Interests": NaN,
        "Net Income Continuous Operations": NaN,
        "Tax Provision": NaN,
        "Pretax Income": NaN,
        "Other Income Expense": NaN,
        "Other Non Operating Income Expenses": NaN,
        "Special Income Charges": NaN,
        "Gain On Sale Of Ppe": NaN,
        "Other Special Charges": NaN,
        "Write Off": NaN,
        "Restructuring And Mergern Acquisition": NaN,
        "Earnings From Equity Interest": NaN,
        "Net Non Operating Interest Income Expense": NaN,
        "Interest Expense Non Operating": NaN,
        "Operating Income": NaN,
        "Operating Expense": NaN,
        "Other Operating Expenses": NaN,
        "Depreciation Amortization Depletion Income Statement": NaN,
        "Depreciation And Amortization In Income Statement": NaN,
        "Selling General And Administration": NaN,
        "Gross Profit": NaN,
        "Cost Of Revenue": NaN,
        "Total Revenue": NaN,
        "Operating Revenue": NaN
    },
    "2022-09-30": {
        "Tax Effect Of Unusual Items": NaN,
        "Tax Rate For Calcs": NaN,
        "Normalized EBITDA": NaN,
        "Total Unusual Items": NaN,
        "Total Unusual Items Excluding Goodwill": NaN,
        "Net Income From Continuing Operation Net Minority Interest": NaN,
        "Reconciled Depreciation": NaN,
        "Reconciled Cost Of Revenue": NaN,
        "EBITDA": NaN,
        "EBIT": NaN,
        "Net Interest Income": NaN,
        "Interest Expense": NaN,
        "Normalized Income": NaN,
        "Net Income From Continuing And Discontinued Operation": NaN,
        "Total Expenses": NaN,
        "Total Operating Income As Reported": NaN,
        "Diluted Average Shares": NaN,
        "Basic Average Shares": NaN,
        "Diluted EPS": NaN,
        "Basic EPS": NaN,
        "Diluted NI Availto Com Stockholders": NaN,
        "Average Dilution Earnings": 0.0,
        "Net Income Common Stockholders": NaN,
        "Net Income": NaN,
        "Minority Interests": NaN,
        "Net Income Including Noncontrolling Interests": NaN,
        "Net Income Continuous Operations": NaN,
        "Tax Provision": NaN,
        "Pretax Income": NaN,
        "Other Income Expense": NaN,
        "Other Non Operating Income Expenses": NaN,
        "Special Income Charges": NaN,
        "Gain On Sale Of Ppe": NaN,
        "Other Special Charges": NaN,
        "Write Off": NaN,
        "Restructuring And Mergern Acquisition": NaN,
        "Earnings From Equity Interest": NaN,
        "Net Non Operating Interest Income Expense": NaN,
        "Interest Expense Non Operating": NaN,
        "Operating Income": NaN,
        "Operating Expense": NaN,
        "Other Operating Expenses": NaN,
        "Depreciation Amortization Depletion Income Statement": NaN,
        "Depreciation And Amortization In Income Statement": NaN,
        "Selling General And Administration": NaN,
        "Gross Profit": NaN,
        "Cost Of Revenue": NaN,
        "Total Revenue": NaN,
        "Operating Revenue": NaN
    },
    "2022-06-30": {
        "Tax Effect Of Unusual Items": -6780400.0,
        "Tax Rate For Calcs": 0.4,
        "Normalized EBITDA": 61023000.0,
        "Total Unusual Items": -16951000.0,
        "Total Unusual Items Excluding Goodwill": -16951000.0,
        "Net Income From Continuing Operation Net Minority Interest": -53688000.0,
        "Reconciled Depreciation": 49530000.0,
        "Reconciled Cost Of Revenue": 476002000.0,
        "EBITDA": 44072000.0,
        "EBIT": -5458000.0,
        "Net Interest Income": -26084000.0,
        "Interest Expense": 26084000.0,
        "Normalized Income": -43517400.0,
        "Net Income From Continuing And Discontinued Operation": -53688000.0,
        "Total Expenses": 753682000.0,
        "Total Operating Income As Reported": -21224000.0,
        "Diluted Average Shares": 137132000.0,
        "Basic Average Shares": 137132000.0,
        "Diluted EPS": -0.39,
        "Basic EPS": -0.39,
        "Diluted NI Availto Com Stockholders": -53688000.0,
        "Average Dilution Earnings": 0.0,
        "Net Income Common Stockholders": -53688000.0,
        "Net Income": -53688000.0,
        "Minority Interests": 12000.0,
        "Net Income Including Noncontrolling Interests": -53700000.0,
        "Net Income Continuous Operations": -53700000.0,
        "Tax Provision": 22158000.0,
        "Pretax Income": -31542000.0,
        "Other Income Expense": -436000.0,
        "Other Non Operating Income Expenses": 16515000.0,
        "Special Income Charges": -16951000.0,
        "Gain On Sale Of Ppe": -372000.0,
        "Other Special Charges": 749000.0,
        "Write Off": 85000.0,
        "Restructuring And Mergern Acquisition": 15745000.0,
        "Net Non Operating Interest Income Expense": -26084000.0,
        "Interest Expense Non Operating": 26084000.0,
        "Operating Income": -5022000.0,
        "Operating Expense": 277680000.0,
        "Other Operating Expenses": 314000.0,
        "Depreciation Amortization Depletion Income Statement": 49530000.0,
        "Depreciation And Amortization In Income Statement": 49530000.0,
        "Selling General And Administration": 227836000.0,
        "Gross Profit": 272658000.0,
        "Cost Of Revenue": 476002000.0,
        "Total Revenue": 748660000.0,
        "Operating Revenue": 658233000.0
    },
    "2023-06-30": {
        "Tax Effect Of Unusual Items": NaN,
        "Tax Rate For Calcs": NaN,
        "Normalized EBITDA": NaN,
        "Total Unusual Items": NaN,
        "Total Unusual Items Excluding Goodwill": NaN,
        "Net Income From Continuing Operation Net Minority Interest": NaN,
        "Reconciled Depreciation": NaN,
        "Reconciled Cost Of Revenue": NaN,
        "EBITDA": NaN,
        "EBIT": NaN,
        "Net Interest Income": NaN,
        "Interest Expense": NaN,
        "Normalized Income": NaN,
        "Net Income From Continuing And Discontinued Operation": NaN,
        "Total Expenses": NaN,
        "Total Operating Income As Reported": NaN,
        "Diluted Average Shares": 139805000.0,
        "Basic Average Shares": 139805000.0,
        "Diluted EPS": -0.09,
        "Basic EPS": -0.09,
        "Diluted NI Availto Com Stockholders": NaN,
        "Net Income Common Stockholders": NaN,
        "Net Income": NaN,
        "Minority Interests": NaN,
        "Net Income Including Noncontrolling Interests": NaN,
        "Net Income Continuous Operations": NaN,
        "Tax Provision": NaN,
        "Pretax Income": NaN,
        "Other Income Expense": NaN,
        "Other Non Operating Income Expenses": NaN,
        "Special Income Charges": NaN,
        "Gain On Sale Of Ppe": NaN,
        "Other Special Charges": NaN,
        "Write Off": NaN,
        "Restructuring And Mergern Acquisition": NaN,
        "Earnings From Equity Interest": 621000.0,
        "Net Non Operating Interest Income Expense": NaN,
        "Interest Expense Non Operating": NaN,
        "Operating Income": NaN,
        "Operating Expense": NaN,
        "Other Operating Expenses": NaN,
        "Depreciation Amortization Depletion Income Statement": NaN,
        "Depreciation And Amortization In Income Statement": NaN,
        "Selling General And Administration": NaN,
        "Gross Profit": NaN,
        "Cost Of Revenue": NaN,
        "Total Revenue": NaN,
        "Operating Revenue": NaN
    },
    "2022-03-31": {
        "Diluted EPS": -0.02,
        "Total Revenue": 748,
        "Gross Profit": 278,
        "Operating Income": -2,
        "EBIT": 46,
        "Net Income": -3
    },
    "2021-12-31": {
        "Diluted EPS": -0.13,
        "Total Revenue": 827,
        "Gross Profit": 356,
        "Operating Income": 25,
        "EBIT": 74,
        "Net Income": -22
    },
    "2021-09-30": {
        "Diluted EPS": 0.09,
        "Total Revenue": 800,
        "Gross Profit": 320,
        "Operating Income": 31,
        "EBIT": 79,
        "Net Income": 15
    },
    "2021-06-30": {
        "Diluted EPS": 0.1,
        "Total Revenue": 804,
        "Gross Profit": 331,
        "Operating Income": 45,
        "EBIT": 94,
        "Net Income": 15
    },
    "2021-03-31": {
        "Diluted EPS": -1.06,
        "Total Revenue": 777,
        "Gross Profit": 299,
        "Operating Income": 8,
        "EBIT": 66,
        "Net Income": -142
    },
    "2020-12-31": {
        "Diluted EPS": -0.92,
        "Total Revenue": 875,
        "Gross Profit": 377,
        "Operating Income": 18,
        "EBIT": 76,
        "Net Income": -122
    },
    "2020-09-30": {
        "Diluted EPS": -0.24,
        "Total Revenue": 815,
        "Gross Profit": 322,
        "Operating Income": 1,
        "EBIT": 63,
        "Net Income": -31
    },
    "2020-06-30": {
        "Diluted EPS": -3.32,
        "Total Revenue": 767,
        "Gross Profit": 290,
        "Operating Income": -438,
        "EBIT": 22,
        "Net Income": -437
    },
    "2020-03-31": {
        "Diluted EPS": -0.61,
        "Total Revenue": 949,
        "Gross Profit": 382,
        "Operating Income": -30,
        "EBIT": 48,
        "Net Income": -80
    },
    "2019-12-31": {
        "Diluted EPS": -1.36,
        "Total Revenue": 699,
        "Gross Profit": 301,
        "Operating Income": -156,
        "EBIT": -12,
        "Net Income": -95
    },
    "2019-09-30": {
        "Diluted EPS": -0.31,
        "Total Revenue": 377,
        "Gross Profit": 158,
        "Operating Income": -2,
        "EBIT": 23,
        "Net Income": -18
    },
    "2019-06-30": {
        "Diluted EPS": 0.05,
        "Total Revenue": 404,
        "Gross Profit": 171,
        "Operating Income": 12,
        "EBIT": 36,
        "Net Income": 3
    },
    "2019-03-31": {
        "Diluted EPS": -0.15,
        "Total Revenue": 388,
        "Gross Profit": 158,
        "Operating Income": -1,
        "EBIT": 19,
        "Net Income": -9
    },
    "2018-12-31": {
        "Diluted EPS": 0.22,
        "Total Revenue": 416,
        "Gross Profit": 186,
        "Operating Income": 25,
        "EBIT": 46,
        "Net Income": 13
    },
    "2018-09-30": {
        "Diluted EPS": -0.1,
        "Total Revenue": 380,
        "Gross Profit": 160,
        "Operating Income": 3,
        "EBIT": 28,
        "Net Income": -6
    },
    "2018-06-30": {
        "Diluted EPS": 0.2,
        "Total Revenue": 389,
        "Gross Profit": 171,
        "Operating Income": 23,
        "EBIT": 43,
        "Net Income": 12
    },
    "2018-03-31": {
        "Diluted EPS": -0.01,
        "Total Revenue": 341,
        "Gross Profit": 144,
        "Operating Income": 7,
        "EBIT": 26,
        "Net Income": -1
    },
    "2017-12-31": {
        "Diluted EPS": 0.5,
        "Total Revenue": 394,
        "Gross Profit": 184,
        "Operating Income": 32,
        "EBIT": 52,
        "Net Income": 26
    },
    "2017-09-30": {
        "Diluted EPS": -0.04,
        "Total Revenue": 317,
        "Gross Profit": 139,
        "Operating Income": 11,
        "EBIT": 30,
        "Net Income": -2
    },
    "2017-06-30": {
        "Diluted EPS": -0.41,
        "Total Revenue": 323,
        "Gross Profit": 146,
        "Operating Income": -7,
        "EBIT": 40,
        "Net Income": -22
    },
    "2017-03-31": {
        "Diluted EPS": -0.07,
        "Total Revenue": 308,
        "Gross Profit": 130,
        "Operating Income": -3,
        "EBIT": 15,
        "Net Income": -4
    },
    "2016-12-31": {
        "Diluted EPS": 0.32,
        "Total Revenue": 334,
        "Gross Profit": 154,
        "Operating Income": 26,
        "EBIT": 44,
        "Net Income": 14
    },
    "2016-09-30": {
        "Diluted EPS": 0.06,
        "Total Revenue": 307,
        "Gross Profit": 134,
        "Operating Income": 11,
        "EBIT": 28,
        "Net Income": 3
    },
    "2016-06-30": {
        "Diluted EPS": 0.21,
        "Total Revenue": 315,
        "Gross Profit": 142,
        "Operating Income": 17,
        "EBIT": 34,
        "Net Income": 9
    },
    "2016-03-31": {
        "Diluted EPS": 0.11,
        "Total Revenue": 300,
        "Gross Profit": 126,
        "Operating Income": 7,
        "EBIT": 23,
        "Net Income": 5
    },
    "2015-12-31": {
        "Diluted EPS": 1.28,
        "Total Revenue": 334,
        "Gross Profit": 154,
        "Operating Income": 67,
        "EBIT": 87,
        "Net Income": 56
    },
    "2015-09-30": {
        "Diluted EPS": 0.14,
        "Total Revenue": 312,
        "Gross Profit": 136,
        "Operating Income": 15,
        "EBIT": 33,
        "Net Income": 6
    },
    "2015-06-30": {
        "Diluted EPS": 0.25,
        "Total Revenue": 299,
        "Gross Profit": 139,
        "Operating Income": 19,
        "EBIT": 37,
        "Net Income": 11
    },
    "2015-03-31": {
        "Diluted EPS": -0.14,
        "Total Revenue": 251,
        "Gross Profit": 110,
        "Operating Income": 3,
        "EBIT": 18,
        "Net Income": -6
    },
    "2014-12-31": {
        "Diluted EPS": 0.38,
        "Total Revenue": 187,
        "Gross Profit": 85,
        "Operating Income": 17,
        "EBIT": 27,
        "Net Income": 11
    },
    "2014-09-30": {
        "Diluted EPS": -0.15,
        "Total Revenue": 165,
        "Gross Profit": 71,
        "Operating Income": 5,
        "EBIT": 16,
        "Net Income": -5
    },
    "2014-06-30": {
        "Diluted EPS": -0.11,
        "Total Revenue": 158,
        "Gross Profit": 71,
        "Operating Income": 7,
        "EBIT": 18,
        "Net Income": -3
    },
    "2014-03-31": {
        "Diluted EPS": -0.22,
        "Total Revenue": 142,
        "Gross Profit": 57,
        "Operating Income": -3,
        "EBIT": 7,
        "Net Income": -7
    },
    "2013-12-31": {
        "Diluted EPS": 31.85,
        "Total Revenue": 160,
        "Gross Profit": 72,
        "Operating Income": 16,
        "EBIT": 26,
        "Net Income": 955
    },
    "2013-09-30": {
        "Diluted EPS": -2.22,
        "Total Revenue": 126,
        "Gross Profit": 55,
        "Operating Income": -90,
        "EBIT": -79,
        "Net Income": -129
    },
    "2013-06-30": {
        "Diluted EPS": -0.24,
        "Total Revenue": 120,
        "Gross Profit": 55,
        "Operating Income": 2,
        "EBIT": 12,
        "Net Income": -14
    },
    "2013-03-31": {
        "Diluted EPS": -0.3,
        "Total Revenue": 111,
        "Gross Profit": 46,
        "Operating Income": -2,
        "EBIT": 8,
        "Net Income": -18
    },
    "2012-12-31": {
        "Diluted EPS": 0.0,
        "Total Revenue": NaN,
        "Gross Profit": NaN,
        "Operating Income": NaN,
        "EBIT": NaN,
        "Net Income": NaN
    },
    "2011-12-31": {
        "Diluted EPS": 0.0,
        "Total Revenue": NaN,
        "Gross Profit": NaN,
        "Operating Income": NaN,
        "EBIT": NaN,
        "Net Income": NaN
    },
    "2023-09-30": {
        "Tax Effect Of Unusual Items": NaN,
        "Tax Rate For Calcs": NaN,
        "Normalized EBITDA": NaN,
        "Total Unusual Items": NaN,
        "Total Unusual Items Excluding Goodwill": NaN,
        "Net Income From Continuing Operation Net Minority Interest": NaN,
        "Reconciled Depreciation": NaN,
        "Reconciled Cost Of Revenue": NaN,
        "EBITDA": NaN,
        "EBIT": NaN,
        "Net Interest Income": NaN,
        "Interest Expense": NaN,
        "Normalized Income": NaN,
        "Net Income From Continuing And Discontinued Operation": NaN,
        "Total Expenses": NaN,
        "Total Operating Income As Reported": NaN,
        "Diluted Average Shares": 128300000.0,
        "Basic Average Shares": 128300000.0,
        "Diluted EPS": -0.02,
        "Basic EPS": -0.02,
        "Diluted NI Availto Com Stockholders": NaN,
        "Net Income Common Stockholders": NaN,
        "Net Income": NaN,
        "Minority Interests": NaN,
        "Net Income Including Noncontrolling Interests": NaN,
        "Net Income Continuous Operations": NaN,
        "Tax Provision": NaN,
        "Pretax Income": NaN,
        "Other Income Expense": NaN,
        "Other Non Operating Income Expenses": NaN,
        "Special Income Charges": NaN,
        "Gain On Sale Of Ppe": NaN,
        "Other Special Charges": NaN,
        "Write Off": NaN,
        "Restructuring And Mergern Acquisition": NaN,
        "Earnings From Equity Interest": 510000.0,
        "Net Non Operating Interest Income Expense": NaN,
        "Interest Expense Non Operating": NaN,
        "Operating Income": NaN,
        "Operating Expense": NaN,
        "Other Operating Expenses": NaN,
        "Depreciation Amortization Depletion Income Statement": NaN,
        "Depreciation And Amortization In Income Statement": NaN,
        "Selling General And Administration": NaN,
        "Gross Profit": NaN,
        "Cost Of Revenue": NaN,
        "Total Revenue": NaN,
        "Operating Revenue": NaN
    },
    "2023-12-31": {
        "Tax Effect Of Unusual Items": NaN,
        "Tax Rate For Calcs": NaN,
        "Normalized EBITDA": NaN,
        "Total Unusual Items": NaN,
        "Total Unusual Items Excluding Goodwill": NaN,
        "Net Income From Continuing Operation Net Minority Interest": NaN,
        "Reconciled Depreciation": NaN,
        "Reconciled Cost Of Revenue": NaN,
        "EBITDA": NaN,
        "EBIT": NaN,
        "Net Interest Income": NaN,
        "Interest Expense": NaN,
        "Normalized Income": NaN,
        "Net Income From Continuing And Discontinued Operation": NaN,
        "Total Expenses": NaN,
        "Total Operating Income As Reported": NaN,
        "Diluted Average Shares": NaN,
        "Basic Average Shares": NaN,
        "Diluted EPS": NaN,
        "Basic EPS": NaN,
        "Diluted NI Availto Com Stockholders": NaN,
        "Net Income Common Stockholders": NaN,
        "Net Income": NaN,
        "Minority Interests": 4000.0,
        "Net Income Including Noncontrolling Interests": NaN,
        "Net Income Continuous Operations": NaN,
        "Tax Provision": NaN,
        "Pretax Income": NaN,
        "Other Income Expense": NaN,
        "Other Non Operating Income Expenses": NaN,
        "Special Income Charges": NaN,
        "Gain On Sale Of Ppe": NaN,
        "Other Special Charges": NaN,
        "Write Off": NaN,
        "Restructuring And Mergern Acquisition": NaN,
        "Earnings From Equity Interest": NaN,
        "Net Non Operating Interest Income Expense": NaN,
        "Interest Expense Non Operating": NaN,
        "Operating Income": NaN,
        "Operating Expense": NaN,
        "Other Operating Expenses": NaN,
        "Depreciation Amortization Depletion Income Statement": NaN,
        "Depreciation And Amortization In Income Statement": NaN,
        "Selling General And Administration": NaN,
        "Gross Profit": NaN,
        "Cost Of Revenue": NaN,
        "Total Revenue": NaN,
        "Operating Revenue": NaN
    },
    "2024-03-31": {
        "Tax Effect Of Unusual Items": NaN,
        "Tax Rate For Calcs": NaN,
        "Normalized EBITDA": NaN,
        "Total Unusual Items": NaN,
        "Total Unusual Items Excluding Goodwill": NaN,
        "Net Income From Continuing Operation Net Minority Interest": NaN,
        "Reconciled Depreciation": NaN,
        "Reconciled Cost Of Revenue": NaN,
        "EBITDA": NaN,
        "EBIT": NaN,
        "Net Interest Income": NaN,
        "Interest Expense": NaN,
        "Normalized Income": NaN,
        "Net Income From Continuing And Discontinued Operation": NaN,
        "Total Expenses": NaN,
        "Total Operating Income As Reported": -49886000.0,
        "Diluted Average Shares": NaN,
        "Basic Average Shares": NaN,
        "Diluted EPS": NaN,
        "Basic EPS": NaN,
        "Diluted NI Availto Com Stockholders": NaN,
        "Net Income Common Stockholders": NaN,
        "Net Income": NaN,
        "Minority Interests": NaN,
        "Net Income Including Noncontrolling Interests": NaN,
        "Net Income Continuous Operations": NaN,
        "Tax Provision": NaN,
        "Pretax Income": NaN,
        "Other Income Expense": NaN,
        "Other Non Operating Income Expenses": NaN,
        "Special Income Charges": NaN,
        "Gain On Sale Of Ppe": NaN,
        "Other Special Charges": NaN,
        "Write Off": NaN,
        "Restructuring And Mergern Acquisition": NaN,
        "Earnings From Equity Interest": NaN,
        "Gain On Sale Of Security": NaN,
        "Net Non Operating Interest Income Expense": NaN,
        "Interest Expense Non Operating": NaN,
        "Operating Income": NaN,
        "Operating Expense": NaN,
        "Other Operating Expenses": 39000.0,
        "Depreciation Amortization Depletion Income Statement": NaN,
        "Depreciation And Amortization In Income Statement": NaN,
        "Selling General And Administration": NaN,
        "General And Administrative Expense": NaN,
        "Other Gand A": NaN,
        "Gross Profit": NaN,
        "Cost Of Revenue": NaN,
        "Total Revenue": NaN,
        "Operating Revenue": NaN
    },
    "2024-06-30": {
        "Tax Effect Of Unusual Items": NaN,
        "Tax Rate For Calcs": NaN,
        "Normalized EBITDA": NaN,
        "Total Unusual Items": NaN,
        "Total Unusual Items Excluding Goodwill": NaN,
        "Net Income From Continuing Operation Net Minority Interest": NaN,
        "Reconciled Depreciation": NaN,
        "Reconciled Cost Of Revenue": NaN,
        "EBITDA": NaN,
        "EBIT": NaN,
        "Net Interest Income": NaN,
        "Interest Expense": NaN,
        "Normalized Income": NaN,
        "Net Income From Continuing And Discontinued Operation": NaN,
        "Total Expenses": NaN,
        "Total Operating Income As Reported": 6966000.0,
        "Diluted Average Shares": NaN,
        "Basic Average Shares": NaN,
        "Diluted EPS": NaN,
        "Basic EPS": NaN,
        "Diluted NI Availto Com Stockholders": NaN,
        "Net Income Common Stockholders": NaN,
        "Net Income": NaN,
        "Minority Interests": 31000.0,
        "Net Income Including Noncontrolling Interests": NaN,
        "Net Income Continuous Operations": NaN,
        "Tax Provision": NaN,
        "Pretax Income": NaN,
        "Other Income Expense": NaN,
        "Other Non Operating Income Expenses": NaN,
        "Special Income Charges": NaN,
        "Gain On Sale Of Ppe": NaN,
        "Other Special Charges": NaN,
        "Write Off": NaN,
        "Restructuring And Mergern Acquisition": NaN,
        "Earnings From Equity Interest": NaN,
        "Gain On Sale Of Security": -7000.0,
        "Net Non Operating Interest Income Expense": NaN,
        "Interest Expense Non Operating": NaN,
        "Operating Income": NaN,
        "Operating Expense": NaN,
        "Other Operating Expenses": 112000.0,
        "Depreciation Amortization Depletion Income Statement": NaN,
        "Depreciation And Amortization In Income Statement": NaN,
        "Selling General And Administration": NaN,
        "General And Administrative Expense": 179619000.0,
        "Other Gand A": 179619000.0,
        "Gross Profit": NaN,
        "Cost Of Revenue": NaN,
        "Total Revenue": NaN,
        "Operating Revenue": NaN
    },
    "2024-09-30": {
        "Tax Effect Of Unusual Items": -4515084.0,
        "Tax Rate For Calcs": 0.246,
        "Normalized EBITDA": 58628000.0,
        "Total Unusual Items": -18354000.0,
        "Total Unusual Items Excluding Goodwill": -18354000.0,
        "Net Income From Continuing Operation Net Minority Interest": -19653000.0,
        "Reconciled Depreciation": 40398000.0,
        "Reconciled Cost Of Revenue": 375912000.0,
        "EBITDA": 40274000.0,
        "EBIT": -124000.0,
        "Net Interest Income": -25959000.0,
        "Interest Expense": 25959000.0,
        "Normalized Income": -5814084.0,
        "Net Income From Continuing And Discontinued Operation": -19653000.0,
        "Total Expenses": 600284000.0,
        "Total Operating Income As Reported": -6023000.0,
        "Diluted Average Shares": 143209000.0,
        "Basic Average Shares": 143209000.0,
        "Diluted EPS": -0.14,
        "Basic EPS": -0.14,
        "Diluted NI Availto Com Stockholders": -19653000.0,
        "Net Income Common Stockholders": -19653000.0,
        "Net Income": -19653000.0,
        "Minority Interests": 1000.0,
        "Net Income Including Noncontrolling Interests": -19654000.0,
        "Net Income Continuous Operations": -19654000.0,
        "Tax Provision": -6429000.0,
        "Pretax Income": -26083000.0,
        "Other Income Expense": -12279000.0,
        "Other Non Operating Income Expenses": 6172000.0,
        "Special Income Charges": -18354000.0,
        "Gain On Sale Of Ppe": -784000.0,
        "Other Special Charges": 176000.0,
        "Write Off": 87000.0,
        "Restructuring And Mergern Acquisition": 17307000.0,
        "Earnings From Equity Interest": -97000.0,
        "Gain On Sale Of Security": NaN,
        "Net Non Operating Interest Income Expense": -25959000.0,
        "Interest Expense Non Operating": 25959000.0,
        "Operating Income": 12155000.0,
        "Operating Expense": 224372000.0,
        "Other Operating Expenses": 117000.0,
        "Depreciation Amortization Depletion Income Statement": 40398000.0,
        "Depreciation And Amortization In Income Statement": 40398000.0,
        "Selling General And Administration": 183857000.0,
        "General And Administrative Expense": NaN,
        "Other Gand A": NaN,
        "Gross Profit": 236527000.0,
        "Cost Of Revenue": 375912000.0,
        "Total Revenue": 612439000.0,
        "Operating Revenue": 612439000.0
    },
    "2024-12-31": {
        "Tax Effect Of Unusual Items": 9232860.0,
        "Tax Rate For Calcs": 0.21,
        "Normalized EBITDA": 57456000.0,
        "Total Unusual Items": 43966000.0,
        "Total Unusual Items Excluding Goodwill": 43966000.0,
        "Net Income From Continuing Operation Net Minority Interest": 64319000.0,
        "Reconciled Depreciation": 39333000.0,
        "Reconciled Cost Of Revenue": 375799000.0,
        "EBITDA": 101422000.0,
        "EBIT": 62089000.0,
        "Net Interest Income": -25903000.0,
        "Interest Expense": 25903000.0,
        "Normalized Income": 29585860.0,
        "Net Income From Continuing And Discontinued Operation": 64319000.0,
        "Total Expenses": 603931000.0,
        "Total Operating Income As Reported": 6105000.0,
        "Diluted Average Shares": 142931111.0,
        "Basic Average Shares": 142931111.0,
        "Diluted EPS": 0.11,
        "Basic EPS": 0.45,
        "Diluted NI Availto Com Stockholders": 64319000.0,
        "Net Income Common Stockholders": 64319000.0,
        "Net Income": 64319000.0,
        "Minority Interests": 1000.0,
        "Net Income Including Noncontrolling Interests": 64318000.0,
        "Net Income Continuous Operations": 64318000.0,
        "Tax Provision": -28132000.0,
        "Pretax Income": 36186000.0,
        "Other Income Expense": 44745000.0,
        "Other Non Operating Income Expenses": 508000.0,
        "Special Income Charges": 43966000.0,
        "Gain On Sale Of Ppe": 466000.0,
        "Other Special Charges": -55205000.0,
        "Write Off": 513000.0,
        "Restructuring And Mergern Acquisition": 11192000.0,
        "Earnings From Equity Interest": 271000.0,
        "Gain On Sale Of Security": NaN,
        "Net Non Operating Interest Income Expense": -25903000.0,
        "Interest Expense Non Operating": 25903000.0,
        "Operating Income": 17344000.0,
        "Operating Expense": 228132000.0,
        "Other Operating Expenses": 10136000.0,
        "Depreciation Amortization Depletion Income Statement": 39333000.0,
        "Depreciation And Amortization In Income Statement": 39333000.0,
        "Selling General And Administration": 178663000.0,
        "General And Administrative Expense": NaN,
        "Other Gand A": NaN,
        "Gross Profit": 245476000.0,
        "Cost Of Revenue": 375799000.0,
        "Total Revenue": 621275000.0,
        "Operating Revenue": 621275000.0
    },
    "2025-03-31": {
        "Tax Effect Of Unusual Items": 1682940.0,
        "Tax Rate For Calcs": 0.21,
        "Normalized EBITDA": 46556000.0,
        "Total Unusual Items": 8014000.0,
        "Total Unusual Items Excluding Goodwill": 8014000.0,
        "Net Income From Continuing Operation Net Minority Interest": -7333000.0,
        "Reconciled Depreciation": 42634000.0,
        "Reconciled Cost Of Revenue": 356622000.0,
        "EBITDA": 54570000.0,
        "EBIT": 11936000.0,
        "Net Interest Income": -26083000.0,
        "Interest Expense": 26083000.0,
        "Normalized Income": -13664060.0,
        "Net Income From Continuing And Discontinued Operation": -7333000.0,
        "Total Expenses": 571083000.0,
        "Total Operating Income As Reported": 9778000.0,
        "Diluted Average Shares": 146660000.0,
        "Basic Average Shares": 146660000.0,
        "Diluted EPS": -0.05,
        "Basic EPS": -0.05,
        "Diluted NI Availto Com Stockholders": -7333000.0,
        "Net Income Common Stockholders": -7333000.0,
        "Net Income": -7333000.0,
        "Minority Interests": NaN,
        "Net Income Including Noncontrolling Interests": -7333000.0,
        "Net Income Continuous Operations": -7333000.0,
        "Tax Provision": -6814000.0,
        "Pretax Income": -14147000.0,
        "Other Income Expense": 11446000.0,
        "Other Non Operating Income Expenses": 3237000.0,
        "Special Income Charges": 8014000.0,
        "Gain On Sale Of Ppe": 20680000.0,
        "Other Special Charges": 1274000.0,
        "Write Off": 1894000.0,
        "Restructuring And Mergern Acquisition": 9498000.0,
        "Earnings From Equity Interest": 195000.0,
        "Gain On Sale Of Security": NaN,
        "Net Non Operating Interest Income Expense": -26083000.0,
        "Interest Expense Non Operating": 26083000.0,
        "Operating Income": 490000.0,
        "Operating Expense": 214461000.0,
        "Other Operating Expenses": 184000.0,
        "Depreciation Amortization Depletion Income Statement": 42634000.0,
        "Depreciation And Amortization In Income Statement": 42634000.0,
        "Selling General And Administration": 171643000.0,
        "General And Administrative Expense": NaN,
        "Other Gand A": NaN,
        "Gross Profit": 214951000.0,
        "Cost Of Revenue": 356622000.0,
        "Total Revenue": 571573000.0,
        "Operating Revenue": 571573000.0
    },
    "2025-06-30": {
        "Tax Effect Of Unusual Items": -1545600.0,
        "Tax Rate For Calcs": 0.21,
        "Normalized EBITDA": 65325000.0,
        "Total Unusual Items": -7360000.0,
        "Total Unusual Items Excluding Goodwill": -7360000.0,
        "Net Income From Continuing Operation Net Minority Interest": 78391000.0,
        "Reconciled Depreciation": 42644000.0,
        "Reconciled Cost Of Revenue": 359448000.0,
        "EBITDA": 57965000.0,
        "EBIT": 15321000.0,
        "Net Interest Income": -24395000.0,
        "Interest Expense": 24395000.0,
        "Normalized Income": 84205400.0,
        "Net Income From Continuing And Discontinued Operation": 78391000.0,
        "Total Expenses": 566339000.0,
        "Total Operating Income As Reported": NaN,
        "Diluted Average Shares": 186645238.0,
        "Basic Average Shares": 145168519.0,
        "Diluted EPS": 0.42,
        "Basic EPS": 0.54,
        "Diluted NI Availto Com Stockholders": 78391000.0,
        "Net Income Common Stockholders": 78391000.0,
        "Net Income": 78391000.0,
        "Minority Interests": -7000.0,
        "Net Income Including Noncontrolling Interests": 78398000.0,
        "Net Income Continuous Operations": 78398000.0,
        "Tax Provision": -87472000.0,
        "Pretax Income": -9074000.0,
        "Other Income Expense": -3201000.0,
        "Other Non Operating Income Expenses": 3320000.0,
        "Special Income Charges": -11497000.0,
        "Gain On Sale Of Ppe": 1584000.0,
        "Other Special Charges": 582000.0,
        "Write Off": 181000.0,
        "Restructuring And Mergern Acquisition": 12318000.0,
        "Earnings From Equity Interest": 839000.0,
        "Gain On Sale Of Security": 4137000.0,
        "Net Non Operating Interest Income Expense": -24395000.0,
        "Interest Expense Non Operating": 24395000.0,
        "Operating Income": 18522000.0,
        "Operating Expense": 206891000.0,
        "Other Operating Expenses": NaN,
        "Depreciation Amortization Depletion Income Statement": 42644000.0,
        "Depreciation And Amortization In Income Statement": 42644000.0,
        "Selling General And Administration": 164247000.0,
        "General And Administrative Expense": 164247000.0,
        "Other Gand A": 164247000.0,
        "Gross Profit": 225413000.0,
        "Cost Of Revenue": 359448000.0,
        "Total Revenue": 584861000.0,
        "Operating Revenue": 584861000.0
    },
    "2025-09-30": {
        "Tax Effect Of Unusual Items": -3290700.0,
        "Tax Rate For Calcs": 0.21,
        "Normalized EBITDA": 61102000.0,
        "Total Unusual Items": -15670000.0,
        "Total Unusual Items Excluding Goodwill": -15670000.0,
        "Net Income From Continuing Operation Net Minority Interest": -39249000.0,
        "Reconciled Depreciation": 43211000.0,
        "Reconciled Cost Of Revenue": 352306000.0,
        "EBITDA": 45432000.0,
        "EBIT": 2221000.0,
        "Net Interest Income": -23835000.0,
        "Interest Expense": 23835000.0,
        "Normalized Income": -26869700.0,
        "Net Income From Continuing And Discontinued Operation": -39249000.0,
        "Total Expenses": 549260000.0,
        "Total Operating Income As Reported": NaN,
        "Diluted Average Shares": 145798000.0,
        "Basic Average Shares": 145798000.0,
        "Diluted EPS": -0.27,
        "Basic EPS": -0.27,
        "Diluted NI Availto Com Stockholders": -39249000.0,
        "Net Income Common Stockholders": -39249000.0,
        "Net Income": -39249000.0,
        "Minority Interests": 0.0,
        "Net Income Including Noncontrolling Interests": -39249000.0,
        "Net Income Continuous Operations": -39249000.0,
        "Tax Provision": 17635000.0,
        "Pretax Income": -21614000.0,
        "Other Income Expense": -9315000.0,
        "Other Non Operating Income Expenses": 5806000.0,
        "Special Income Charges": -15670000.0,
        "Gain On Sale Of Ppe": 62000.0,
        "Other Special Charges": 24000.0,
        "Write Off": 0.0,
        "Restructuring And Mergern Acquisition": 15708000.0,
        "Earnings From Equity Interest": 549000.0,
        "Gain On Sale Of Security": NaN,
        "Net Non Operating Interest Income Expense": -23835000.0,
        "Interest Expense Non Operating": 23835000.0,
        "Operating Income": 11536000.0,
        "Operating Expense": 196954000.0,
        "Other Operating Expenses": NaN,
        "Depreciation Amortization Depletion Income Statement": 43211000.0,
        "Depreciation And Amortization In Income Statement": 43211000.0,
        "Selling General And Administration": 153743000.0,
        "General And Administrative Expense": NaN,
        "Other Gand A": NaN,
        "Gross Profit": 208490000.0,
        "Cost Of Revenue": 352306000.0,
        "Total Revenue": 560796000.0,
        "Operating Revenue": 560796000.0
    }
}