{
    "2023-04-30": {
        "Tax Effect Of Unusual Items": NaN,
        "Tax Rate For Calcs": NaN,
        "Normalized EBITDA": NaN,
        "Total Unusual Items": NaN,
        "Total Unusual Items Excluding Goodwill": NaN,
        "Net Income From Continuing Operation Net Minority Interest": NaN,
        "Reconciled Depreciation": NaN,
        "Reconciled Cost Of Revenue": NaN,
        "EBITDA": NaN,
        "EBIT": NaN,
        "Net Interest Income": NaN,
        "Interest Expense": NaN,
        "Normalized Income": NaN,
        "Net Income From Continuing And Discontinued Operation": NaN,
        "Total Expenses": NaN,
        "Total Operating Income As Reported": NaN,
        "Diluted Average Shares": 11818000.0,
        "Basic Average Shares": 11818000.0,
        "Diluted EPS": -1.6,
        "Basic EPS": -1.6,
        "Diluted NI Availto Com Stockholders": NaN,
        "Net Income Common Stockholders": NaN,
        "Net Income": NaN,
        "Net Income Including Noncontrolling Interests": NaN,
        "Net Income Discontinuous Operations": NaN,
        "Net Income Continuous Operations": NaN,
        "Tax Provision": NaN,
        "Pretax Income": NaN,
        "Other Income Expense": NaN,
        "Other Non Operating Income Expenses": NaN,
        "Special Income Charges": NaN,
        "Write Off": 308000.0,
        "Impairment Of Capital Assets": NaN,
        "Net Non Operating Interest Income Expense": NaN,
        "Interest Expense Non Operating": NaN,
        "Operating Income": NaN,
        "Operating Expense": NaN,
        "Selling General And Administration": NaN,
        "Gross Profit": NaN,
        "Cost Of Revenue": NaN,
        "Total Revenue": NaN,
        "Operating Revenue": NaN
    },
    "2023-01-31": {
        "Tax Effect Of Unusual Items": NaN,
        "Tax Rate For Calcs": NaN,
        "Normalized EBITDA": NaN,
        "Total Unusual Items": NaN,
        "Total Unusual Items Excluding Goodwill": NaN,
        "Net Income From Continuing Operation Net Minority Interest": NaN,
        "Reconciled Depreciation": NaN,
        "Reconciled Cost Of Revenue": NaN,
        "EBITDA": NaN,
        "EBIT": NaN,
        "Net Interest Income": NaN,
        "Interest Expense": NaN,
        "Normalized Income": NaN,
        "Net Income From Continuing And Discontinued Operation": NaN,
        "Total Expenses": NaN,
        "Total Operating Income As Reported": NaN,
        "Diluted Average Shares": 12124000.0,
        "Basic Average Shares": 11914000.0,
        "Diluted EPS": 3.21,
        "Basic EPS": 3.27,
        "Diluted NI Availto Com Stockholders": NaN,
        "Net Income Common Stockholders": NaN,
        "Net Income": NaN,
        "Net Income Including Noncontrolling Interests": NaN,
        "Net Income Discontinuous Operations": NaN,
        "Net Income Continuous Operations": NaN,
        "Tax Provision": NaN,
        "Pretax Income": NaN,
        "Other Income Expense": NaN,
        "Other Non Operating Income Expenses": NaN,
        "Special Income Charges": NaN,
        "Write Off": NaN,
        "Impairment Of Capital Assets": NaN,
        "Net Non Operating Interest Income Expense": NaN,
        "Interest Expense Non Operating": NaN,
        "Operating Income": NaN,
        "Operating Expense": NaN,
        "Selling General And Administration": NaN,
        "Gross Profit": NaN,
        "Cost Of Revenue": NaN,
        "Total Revenue": NaN,
        "Operating Revenue": NaN
    },
    "2022-10-31": {
        "Tax Effect Of Unusual Items": NaN,
        "Tax Rate For Calcs": NaN,
        "Normalized EBITDA": NaN,
        "Total Unusual Items": NaN,
        "Total Unusual Items Excluding Goodwill": NaN,
        "Net Income From Continuing Operation Net Minority Interest": NaN,
        "Reconciled Depreciation": NaN,
        "Reconciled Cost Of Revenue": NaN,
        "EBITDA": NaN,
        "EBIT": NaN,
        "Net Interest Income": NaN,
        "Interest Expense": NaN,
        "Normalized Income": NaN,
        "Net Income From Continuing And Discontinued Operation": NaN,
        "Total Expenses": NaN,
        "Total Operating Income As Reported": NaN,
        "Diluted Average Shares": NaN,
        "Basic Average Shares": NaN,
        "Diluted EPS": NaN,
        "Basic EPS": NaN,
        "Diluted NI Availto Com Stockholders": NaN,
        "Net Income Common Stockholders": NaN,
        "Net Income": NaN,
        "Net Income Including Noncontrolling Interests": NaN,
        "Net Income Discontinuous Operations": NaN,
        "Net Income Continuous Operations": NaN,
        "Tax Provision": NaN,
        "Pretax Income": NaN,
        "Other Income Expense": NaN,
        "Other Non Operating Income Expenses": NaN,
        "Special Income Charges": NaN,
        "Write Off": NaN,
        "Impairment Of Capital Assets": 0.0,
        "Net Non Operating Interest Income Expense": NaN,
        "Interest Expense Non Operating": NaN,
        "Operating Income": NaN,
        "Operating Expense": NaN,
        "Selling General And Administration": NaN,
        "Gross Profit": NaN,
        "Cost Of Revenue": NaN,
        "Total Revenue": NaN,
        "Operating Revenue": NaN
    },
    "2022-07-31": {
        "Tax Effect Of Unusual Items": -14577.0,
        "Tax Rate For Calcs": 0.113,
        "Normalized EBITDA": 9161000.0,
        "Total Unusual Items": -129000.0,
        "Total Unusual Items Excluding Goodwill": -129000.0,
        "Net Income From Continuing Operation Net Minority Interest": 7651000.0,
        "Reconciled Depreciation": 10678000.0,
        "Reconciled Cost Of Revenue": 281018000.0,
        "EBITDA": 9032000.0,
        "EBIT": 9032000.0,
        "Net Interest Income": -405000.0,
        "Interest Expense": 405000.0,
        "Normalized Income": 7765423.0,
        "Net Income From Continuing And Discontinued Operation": 7643000.0,
        "Total Expenses": 526121000.0,
        "Total Operating Income As Reported": 9082000.0,
        "Diluted Average Shares": 13009000.0,
        "Basic Average Shares": 12813000.0,
        "Diluted EPS": 0.59,
        "Basic EPS": 0.6,
        "Diluted NI Availto Com Stockholders": 7643000.0,
        "Net Income Common Stockholders": 7643000.0,
        "Net Income": 7643000.0,
        "Net Income Including Noncontrolling Interests": 7643000.0,
        "Net Income Discontinuous Operations": -8000.0,
        "Net Income Continuous Operations": 7651000.0,
        "Tax Provision": 976000.0,
        "Pretax Income": 8627000.0,
        "Other Income Expense": -179000.0,
        "Other Non Operating Income Expenses": -50000.0,
        "Special Income Charges": -129000.0,
        "Write Off": 129000.0,
        "Impairment Of Capital Assets": 129000.0,
        "Net Non Operating Interest Income Expense": -405000.0,
        "Interest Expense Non Operating": 405000.0,
        "Operating Income": 9211000.0,
        "Operating Expense": 245103000.0,
        "Selling General And Administration": 245103000.0,
        "Gross Profit": 254314000.0,
        "Cost Of Revenue": 281018000.0,
        "Total Revenue": 535332000.0,
        "Operating Revenue": 535332000.0
    },
    "2022-04-30": {
        "Diluted EPS": 0.37,
        "Total Revenue": 521,
        "Gross Profit": 251,
        "Operating Income": 8,
        "EBIT": 19,
        "Net Income": 5
    },
    "2022-01-31": {
        "Diluted EPS": 4.32,
        "Total Revenue": 728,
        "Gross Profit": 356,
        "Operating Income": 83,
        "EBIT": 94,
        "Net Income": 62
    },
    "2021-10-31": {
        "Diluted EPS": 2.25,
        "Total Revenue": 601,
        "Gross Profit": 295,
        "Operating Income": 44,
        "EBIT": 54,
        "Net Income": 33
    },
    "2021-07-31": {
        "Diluted EPS": 0.75,
        "Total Revenue": 555,
        "Gross Profit": 273,
        "Operating Income": 13,
        "EBIT": 24,
        "Net Income": 11
    },
    "2021-04-30": {
        "Diluted EPS": 0.6,
        "Total Revenue": 539,
        "Gross Profit": 258,
        "Operating Income": 16,
        "EBIT": 26,
        "Net Income": 9
    },
    "2021-01-31": {
        "Diluted EPS": 6.4,
        "Total Revenue": 637,
        "Gross Profit": 292,
        "Operating Income": 63,
        "EBIT": 74,
        "Net Income": 90
    },
    "2020-10-31": {
        "Diluted EPS": 0.52,
        "Total Revenue": 479,
        "Gross Profit": 226,
        "Operating Income": 8,
        "EBIT": 20,
        "Net Income": 7
    },
    "2020-07-31": {
        "Diluted EPS": -1.34,
        "Total Revenue": 391,
        "Gross Profit": 167,
        "Operating Income": -22,
        "EBIT": -10,
        "Net Income": -19
    },
    "2020-04-30": {
        "Diluted EPS": -9.55,
        "Total Revenue": 279,
        "Gross Profit": 120,
        "Operating Income": -156,
        "EBIT": -144,
        "Net Income": -135
    },
    "2020-01-31": {
        "Diluted EPS": 2.22,
        "Total Revenue": 678,
        "Gross Profit": 317,
        "Operating Income": 45,
        "EBIT": 57,
        "Net Income": 36
    },
    "2019-10-31": {
        "Diluted EPS": 1.3,
        "Total Revenue": 537,
        "Gross Profit": 264,
        "Operating Income": 26,
        "EBIT": 38,
        "Net Income": 19
    },
    "2019-07-31": {
        "Diluted EPS": 0.04,
        "Total Revenue": 487,
        "Gross Profit": 237,
        "Operating Income": 3,
        "EBIT": 15,
        "Net Income": 1
    },
    "2019-04-30": {
        "Diluted EPS": 0.36,
        "Total Revenue": 496,
        "Gross Profit": 245,
        "Operating Income": 9,
        "EBIT": 22,
        "Net Income": 6
    },
    "2019-01-31": {
        "Diluted EPS": -3.27,
        "Total Revenue": 675,
        "Gross Profit": 316,
        "Operating Income": 51,
        "EBIT": 63,
        "Net Income": -64
    },
    "2018-10-31": {
        "Diluted EPS": 0.73,
        "Total Revenue": 540,
        "Gross Profit": 262,
        "Operating Income": 26,
        "EBIT": 51,
        "Net Income": 14
    },
    "2018-07-31": {
        "Diluted EPS": 0.0,
        "Total Revenue": 487,
        "Gross Profit": 231,
        "Operating Income": 1,
        "EBIT": 20,
        "Net Income": 0
    },
    "2018-04-30": {
        "Diluted EPS": -0.12,
        "Total Revenue": 486,
        "Gross Profit": 238,
        "Operating Income": 4,
        "EBIT": 24,
        "Net Income": -2
    },
    "2018-01-31": {
        "Diluted EPS": 2.92,
        "Total Revenue": 151,
        "Gross Profit": 32,
        "Operating Income": 226,
        "EBIT": 247,
        "Net Income": 56
    },
    "2017-10-31": {
        "Diluted EPS": -8.56,
        "Total Revenue": 717,
        "Gross Profit": 354,
        "Operating Income": -152,
        "EBIT": 49,
        "Net Income": -165
    },
    "2017-07-31": {
        "Diluted EPS": -0.21,
        "Total Revenue": 617,
        "Gross Profit": 307,
        "Operating Income": -2,
        "EBIT": 17,
        "Net Income": -4
    },
    "2017-04-30": {
        "Diluted EPS": 0.05,
        "Total Revenue": 643,
        "Gross Profit": 319,
        "Operating Income": 3,
        "EBIT": 23,
        "Net Income": 1
    },
    "2017-01-31": {
        "Diluted EPS": 2.31,
        "Total Revenue": 36,
        "Gross Profit": -24,
        "Operating Income": 30,
        "EBIT": 49,
        "Net Income": 47
    },
    "2016-10-31": {
        "Diluted EPS": 1.3,
        "Total Revenue": 711,
        "Gross Profit": 356,
        "Operating Income": 40,
        "EBIT": 59,
        "Net Income": 26
    },
    "2016-07-31": {
        "Diluted EPS": 0.72,
        "Total Revenue": 626,
        "Gross Profit": 315,
        "Operating Income": 20,
        "EBIT": 39,
        "Net Income": 15
    },
    "2016-04-30": {
        "Diluted EPS": 0.5,
        "Total Revenue": 649,
        "Gross Profit": 330,
        "Operating Income": 18,
        "EBIT": 37,
        "Net Income": 10
    },
    "2016-01-31": {
        "Diluted EPS": 1.95,
        "Total Revenue": 932,
        "Gross Profit": 423,
        "Operating Income": 70,
        "EBIT": 92,
        "Net Income": 45
    },
    "2015-10-31": {
        "Diluted EPS": 1.42,
        "Total Revenue": 774,
        "Gross Profit": 374,
        "Operating Income": 52,
        "EBIT": 72,
        "Net Income": 33
    },
    "2015-07-31": {
        "Diluted EPS": 0.32,
        "Total Revenue": 656,
        "Gross Profit": 320,
        "Operating Income": 12,
        "EBIT": 32,
        "Net Income": 8
    },
    "2015-04-30": {
        "Diluted EPS": 0.42,
        "Total Revenue": 661,
        "Gross Profit": 326,
        "Operating Income": 16,
        "EBIT": 36,
        "Net Income": 10
    },
    "2015-01-31": {
        "Diluted EPS": 2.12,
        "Total Revenue": 893,
        "Gross Profit": 424,
        "Operating Income": 87,
        "EBIT": 107,
        "Net Income": 50
    },
    "2014-10-31": {
        "Diluted EPS": 1.21,
        "Total Revenue": 723,
        "Gross Profit": 358,
        "Operating Income": 47,
        "EBIT": 66,
        "Net Income": 29
    },
    "2014-07-31": {
        "Diluted EPS": 0.2,
        "Total Revenue": 615,
        "Gross Profit": 302,
        "Operating Income": 10,
        "EBIT": 29,
        "Net Income": 5
    },
    "2014-04-30": {
        "Diluted EPS": 0.59,
        "Total Revenue": 629,
        "Gross Profit": 316,
        "Operating Income": 24,
        "EBIT": 41,
        "Net Income": 14
    },
    "2014-01-31": {
        "Diluted EPS": 1.78,
        "Total Revenue": 793,
        "Gross Profit": 386,
        "Operating Income": 75,
        "EBIT": 93,
        "Net Income": 42
    },
    "2013-10-31": {
        "Diluted EPS": 1.18,
        "Total Revenue": 666,
        "Gross Profit": 332,
        "Operating Income": 47,
        "EBIT": 64,
        "Net Income": 28
    },
    "2013-07-31": {
        "Diluted EPS": 0.35,
        "Total Revenue": 575,
        "Gross Profit": 283,
        "Operating Income": 16,
        "EBIT": 32,
        "Net Income": 8
    },
    "2013-04-30": {
        "Diluted EPS": 0.61,
        "Total Revenue": 591,
        "Gross Profit": 298,
        "Operating Income": 26,
        "EBIT": 42,
        "Net Income": 14
    },
    "2013-01-31": {
        "Diluted EPS": 1.66,
        "Total Revenue": 797,
        "Gross Profit": 384,
        "Operating Income": 64,
        "EBIT": 82,
        "Net Income": 40
    },
    "2012-10-31": {
        "Diluted EPS": 1.76,
        "Total Revenue": 664,
        "Gross Profit": 334,
        "Operating Income": 54,
        "EBIT": 70,
        "Net Income": 42
    },
    "2012-07-31": {
        "Diluted EPS": 0.41,
        "Total Revenue": 544,
        "Gross Profit": 273,
        "Operating Income": 16,
        "EBIT": 31,
        "Net Income": 10
    },
    "2012-04-30": {
        "Diluted EPS": 0.85,
        "Total Revenue": 600,
        "Gross Profit": 307,
        "Operating Income": 36,
        "EBIT": 51,
        "Net Income": 21
    },
    "2012-01-31": {
        "Diluted EPS": 2.13,
        "Total Revenue": 723,
        "Gross Profit": 353,
        "Operating Income": 88,
        "EBIT": 103,
        "Net Income": 52
    },
    "2011-10-31": {
        "Diluted EPS": 1.09,
        "Total Revenue": 617,
        "Gross Profit": 310,
        "Operating Income": 46,
        "EBIT": 60,
        "Net Income": 26
    },
    "2011-07-31": {
        "Diluted EPS": -0.02,
        "Total Revenue": 471,
        "Gross Profit": 237,
        "Operating Income": 2,
        "EBIT": 15,
        "Net Income": 0
    },
    "2011-04-30": {
        "Diluted EPS": 0.63,
        "Total Revenue": 482,
        "Gross Profit": 248,
        "Operating Income": 26,
        "EBIT": 38,
        "Net Income": 15
    },
    "2011-01-31": {
        "Diluted EPS": 1.28,
        "Total Revenue": 560,
        "Gross Profit": 269,
        "Operating Income": 49,
        "EBIT": 62,
        "Net Income": 32
    },
    "2010-10-31": {
        "Diluted EPS": 0.72,
        "Total Revenue": 465,
        "Gross Profit": 237,
        "Operating Income": 27,
        "EBIT": 39,
        "Net Income": 17
    },
    "2010-07-31": {
        "Diluted EPS": -0.14,
        "Total Revenue": 364,
        "Gross Profit": 184,
        "Operating Income": -3,
        "EBIT": 8,
        "Net Income": -3
    },
    "2010-04-30": {
        "Diluted EPS": 0.36,
        "Total Revenue": 401,
        "Gross Profit": 208,
        "Operating Income": 15,
        "EBIT": 27,
        "Net Income": 9
    },
    "2010-01-31": {
        "Diluted EPS": 1.24,
        "Total Revenue": 479,
        "Gross Profit": 237,
        "Operating Income": 43,
        "EBIT": 55,
        "Net Income": 26
    },
    "2009-10-31": {
        "Diluted EPS": 0.5,
        "Total Revenue": 390,
        "Gross Profit": 200,
        "Operating Income": 18,
        "EBIT": 30,
        "Net Income": 11
    },
    "2009-07-31": {
        "Diluted EPS": -0.13,
        "Total Revenue": 335,
        "Gross Profit": 170,
        "Operating Income": -3,
        "EBIT": 9,
        "Net Income": -3
    },
    "2009-04-30": {
        "Diluted EPS": -0.31,
        "Total Revenue": 370,
        "Gross Profit": 189,
        "Operating Income": 2,
        "EBIT": 15,
        "Net Income": -6
    },
    "2009-01-31": {
        "Diluted EPS": 1.5,
        "Total Revenue": 452,
        "Gross Profit": 219,
        "Operating Income": 36,
        "EBIT": 48,
        "Net Income": 23
    },
    "2023-07-31": {
        "Tax Effect Of Unusual Items": NaN,
        "Tax Rate For Calcs": NaN,
        "Normalized EBITDA": NaN,
        "Total Unusual Items": NaN,
        "Total Unusual Items Excluding Goodwill": NaN,
        "Net Income From Continuing Operation Net Minority Interest": NaN,
        "Reconciled Depreciation": NaN,
        "Reconciled Cost Of Revenue": NaN,
        "EBITDA": NaN,
        "EBIT": NaN,
        "Net Interest Income": NaN,
        "Interest Expense": NaN,
        "Normalized Income": NaN,
        "Net Income From Continuing And Discontinued Operation": NaN,
        "Total Expenses": NaN,
        "Total Operating Income As Reported": NaN,
        "Diluted Average Shares": 11344000.0,
        "Basic Average Shares": 11344000.0,
        "Diluted EPS": -2.79,
        "Basic EPS": -2.79,
        "Diluted NI Availto Com Stockholders": NaN,
        "Net Income Common Stockholders": NaN,
        "Net Income": NaN,
        "Net Income Including Noncontrolling Interests": NaN,
        "Net Income Discontinuous Operations": NaN,
        "Net Income Continuous Operations": NaN,
        "Tax Provision": NaN,
        "Pretax Income": NaN,
        "Other Income Expense": NaN,
        "Other Non Operating Income Expenses": NaN,
        "Special Income Charges": NaN,
        "Write Off": 174000.0,
        "Impairment Of Capital Assets": NaN,
        "Net Non Operating Interest Income Expense": NaN,
        "Interest Expense Non Operating": NaN,
        "Operating Income": NaN,
        "Operating Expense": NaN,
        "Selling General And Administration": NaN,
        "Gross Profit": NaN,
        "Cost Of Revenue": NaN,
        "Total Revenue": NaN,
        "Operating Revenue": NaN
    },
    "2023-10-31": {
        "Tax Effect Of Unusual Items": NaN,
        "Tax Rate For Calcs": NaN,
        "Normalized EBITDA": NaN,
        "Total Unusual Items": NaN,
        "Total Unusual Items Excluding Goodwill": NaN,
        "Net Income From Continuing Operation Net Minority Interest": NaN,
        "Reconciled Depreciation": NaN,
        "Reconciled Cost Of Revenue": NaN,
        "EBITDA": NaN,
        "EBIT": NaN,
        "Net Interest Income": NaN,
        "Interest Expense": NaN,
        "Normalized Income": NaN,
        "Net Income From Continuing And Discontinued Operation": NaN,
        "Total Expenses": NaN,
        "Total Operating Income As Reported": NaN,
        "Diluted Average Shares": 10972000.0,
        "Basic Average Shares": 10898000.0,
        "Diluted EPS": 0.6,
        "Basic EPS": 0.6,
        "Diluted NI Availto Com Stockholders": NaN,
        "Net Income Common Stockholders": NaN,
        "Net Income": NaN,
        "Net Income Including Noncontrolling Interests": NaN,
        "Net Income Discontinuous Operations": NaN,
        "Net Income Continuous Operations": NaN,
        "Tax Provision": NaN,
        "Pretax Income": NaN,
        "Other Income Expense": NaN,
        "Other Non Operating Income Expenses": NaN,
        "Special Income Charges": NaN,
        "Write Off": 99000.0,
        "Impairment Of Capital Assets": 0.0,
        "Net Non Operating Interest Income Expense": NaN,
        "Interest Expense Non Operating": NaN,
        "Operating Income": NaN,
        "Operating Expense": NaN,
        "Selling General And Administration": NaN,
        "Gross Profit": NaN,
        "Cost Of Revenue": NaN,
        "Total Revenue": NaN,
        "Operating Revenue": NaN
    },
    "2024-01-31": {
        "Tax Effect Of Unusual Items": NaN,
        "Tax Rate For Calcs": NaN,
        "Normalized EBITDA": NaN,
        "Total Unusual Items": NaN,
        "Total Unusual Items Excluding Goodwill": NaN,
        "Net Income From Continuing Operation Net Minority Interest": NaN,
        "Reconciled Depreciation": NaN,
        "Reconciled Cost Of Revenue": NaN,
        "EBITDA": NaN,
        "EBIT": NaN,
        "Net Interest Income": NaN,
        "Interest Expense": NaN,
        "Normalized Income": NaN,
        "Net Income From Continuing And Discontinued Operation": NaN,
        "Total Expenses": NaN,
        "Total Operating Income As Reported": NaN,
        "Diluted Average Shares": NaN,
        "Basic Average Shares": NaN,
        "Diluted EPS": NaN,
        "Basic EPS": NaN,
        "Diluted NI Availto Com Stockholders": NaN,
        "Net Income Common Stockholders": NaN,
        "Net Income": NaN,
        "Net Income Including Noncontrolling Interests": NaN,
        "Net Income Discontinuous Operations": NaN,
        "Net Income Continuous Operations": NaN,
        "Tax Provision": NaN,
        "Pretax Income": NaN,
        "Other Income Expense": NaN,
        "Other Non Operating Income Expenses": NaN,
        "Special Income Charges": NaN,
        "Write Off": 1206000.0,
        "Impairment Of Capital Assets": 0.0,
        "Net Non Operating Interest Income Expense": NaN,
        "Interest Expense Non Operating": NaN,
        "Operating Income": NaN,
        "Operating Expense": NaN,
        "Selling General And Administration": NaN,
        "Gross Profit": NaN,
        "Cost Of Revenue": NaN,
        "Total Revenue": NaN,
        "Operating Revenue": NaN
    },
    "2024-04-30": {
        "Tax Effect Of Unusual Items": -154326.0,
        "Tax Rate For Calcs": 0.267,
        "Normalized EBITDA": -18422000.0,
        "Total Unusual Items": -578000.0,
        "Total Unusual Items Excluding Goodwill": -578000.0,
        "Net Income From Continuing Operation Net Minority Interest": -24288000.0,
        "Reconciled Depreciation": 13237000.0,
        "Reconciled Cost Of Revenue": 241316000.0,
        "EBITDA": -19000000.0,
        "EBIT": -32237000.0,
        "Net Interest Income": -890000.0,
        "Interest Expense": 890000.0,
        "Normalized Income": -23864326.0,
        "Net Income From Continuing And Discontinued Operation": -24347000.0,
        "Total Expenses": 489147000.0,
        "Total Operating Income As Reported": -32128000.0,
        "Diluted Average Shares": 10930000.0,
        "Basic Average Shares": 10930000.0,
        "Diluted EPS": -2.23,
        "Basic EPS": -2.23,
        "Diluted NI Availto Com Stockholders": -24347000.0,
        "Net Income Common Stockholders": -24347000.0,
        "Net Income": -24347000.0,
        "Net Income Including Noncontrolling Interests": -24347000.0,
        "Net Income Discontinuous Operations": -59000.0,
        "Net Income Continuous Operations": -24288000.0,
        "Tax Provision": -8839000.0,
        "Pretax Income": -33127000.0,
        "Other Income Expense": -687000.0,
        "Other Non Operating Income Expenses": -109000.0,
        "Special Income Charges": -578000.0,
        "Write Off": 578000.0,
        "Impairment Of Capital Assets": NaN,
        "Net Non Operating Interest Income Expense": -890000.0,
        "Interest Expense Non Operating": 890000.0,
        "Operating Income": -31550000.0,
        "Operating Expense": 247831000.0,
        "Selling General And Administration": 247831000.0,
        "Gross Profit": 216281000.0,
        "Cost Of Revenue": 241316000.0,
        "Total Revenue": 457597000.0,
        "Operating Revenue": 457597000.0
    },
    "2024-07-31": {
        "Tax Effect Of Unusual Items": -118256.0,
        "Tax Rate For Calcs": 0.152,
        "Normalized EBITDA": 3587000.0,
        "Total Unusual Items": -778000.0,
        "Total Unusual Items Excluding Goodwill": -778000.0,
        "Net Income From Continuing Operation Net Minority Interest": -9929000.0,
        "Reconciled Depreciation": 13169000.0,
        "Reconciled Cost Of Revenue": 279549000.0,
        "EBITDA": 2809000.0,
        "EBIT": -10360000.0,
        "Net Interest Income": -1345000.0,
        "Interest Expense": 1345000.0,
        "Normalized Income": -9269256.0,
        "Net Income From Continuing And Discontinued Operation": -9992000.0,
        "Total Expenses": 534684000.0,
        "Total Operating Income As Reported": -10274000.0,
        "Diluted Average Shares": 10942000.0,
        "Basic Average Shares": 10942000.0,
        "Diluted EPS": -0.91,
        "Basic EPS": -0.91,
        "Diluted NI Availto Com Stockholders": -9992000.0,
        "Net Income Common Stockholders": -9992000.0,
        "Net Income": -9992000.0,
        "Net Income Including Noncontrolling Interests": -9992000.0,
        "Net Income Discontinuous Operations": -63000.0,
        "Net Income Continuous Operations": -9929000.0,
        "Tax Provision": -1776000.0,
        "Pretax Income": -11705000.0,
        "Other Income Expense": -864000.0,
        "Other Non Operating Income Expenses": -86000.0,
        "Special Income Charges": -778000.0,
        "Write Off": NaN,
        "Impairment Of Capital Assets": 778000.0,
        "Net Non Operating Interest Income Expense": -1345000.0,
        "Interest Expense Non Operating": 1345000.0,
        "Operating Income": -9496000.0,
        "Operating Expense": 255135000.0,
        "Selling General And Administration": 255135000.0,
        "Gross Profit": 245639000.0,
        "Cost Of Revenue": 279549000.0,
        "Total Revenue": 525188000.0,
        "Operating Revenue": 525188000.0
    },
    "2024-10-31": {
        "Tax Effect Of Unusual Items": -28140.0,
        "Tax Rate For Calcs": 0.21,
        "Normalized EBITDA": 23312000.0,
        "Total Unusual Items": -134000.0,
        "Total Unusual Items Excluding Goodwill": -134000.0,
        "Net Income From Continuing Operation Net Minority Interest": -18848000.0,
        "Reconciled Depreciation": 13054000.0,
        "Reconciled Cost Of Revenue": 311072000.0,
        "EBITDA": 23178000.0,
        "EBIT": 10124000.0,
        "Net Interest Income": -1213000.0,
        "Interest Expense": 1213000.0,
        "Normalized Income": -18742140.0,
        "Net Income From Continuing And Discontinued Operation": -18932000.0,
        "Total Expenses": 585984000.0,
        "Total Operating Income As Reported": 10210000.0,
        "Diluted Average Shares": 10737000.0,
        "Basic Average Shares": 10737000.0,
        "Diluted EPS": -1.76,
        "Basic EPS": -1.76,
        "Diluted NI Availto Com Stockholders": -18932000.0,
        "Net Income Common Stockholders": -18932000.0,
        "Net Income": -18932000.0,
        "Net Income Including Noncontrolling Interests": -18932000.0,
        "Net Income Discontinuous Operations": -84000.0,
        "Net Income Continuous Operations": -18848000.0,
        "Tax Provision": 27759000.0,
        "Pretax Income": 8911000.0,
        "Other Income Expense": -220000.0,
        "Other Non Operating Income Expenses": -86000.0,
        "Special Income Charges": -134000.0,
        "Write Off": 134000.0,
        "Impairment Of Capital Assets": 0.0,
        "Net Non Operating Interest Income Expense": -1213000.0,
        "Interest Expense Non Operating": 1213000.0,
        "Operating Income": 10344000.0,
        "Operating Expense": 274912000.0,
        "Selling General And Administration": 274912000.0,
        "Gross Profit": 285256000.0,
        "Cost Of Revenue": 311072000.0,
        "Total Revenue": 596328000.0,
        "Operating Revenue": 596328000.0
    },
    "2025-01-31": {
        "Tax Effect Of Unusual Items": -441441.552986,
        "Tax Rate For Calcs": 0.258153,
        "Normalized EBITDA": 61445000.0,
        "Total Unusual Items": -1710000.0,
        "Total Unusual Items Excluding Goodwill": -1710000.0,
        "Net Income From Continuing Operation Net Minority Interest": 33553000.0,
        "Reconciled Depreciation": 13004000.0,
        "Reconciled Cost Of Revenue": 396312000.0,
        "EBITDA": 59735000.0,
        "EBIT": 46731000.0,
        "Net Interest Income": -802000.0,
        "Interest Expense": 1502000.0,
        "Normalized Income": 34821558.447014,
        "Net Income From Continuing And Discontinued Operation": 34381000.0,
        "Total Expenses": 698087000.0,
        "Total Operating Income As Reported": 46117000.0,
        "Diluted Average Shares": NaN,
        "Basic Average Shares": NaN,
        "Diluted EPS": NaN,
        "Basic EPS": NaN,
        "Diluted NI Availto Com Stockholders": 34381000.0,
        "Net Income Common Stockholders": 34381000.0,
        "Net Income": 34381000.0,
        "Net Income Including Noncontrolling Interests": 34381000.0,
        "Net Income Discontinuous Operations": 828000.0,
        "Net Income Continuous Operations": 33553000.0,
        "Tax Provision": 11676000.0,
        "Pretax Income": 45229000.0,
        "Other Income Expense": -1796000.0,
        "Other Non Operating Income Expenses": -86000.0,
        "Special Income Charges": -1710000.0,
        "Write Off": NaN,
        "Impairment Of Capital Assets": 1400000.0,
        "Net Non Operating Interest Income Expense": -802000.0,
        "Interest Expense Non Operating": 1502000.0,
        "Operating Income": 47862000.0,
        "Operating Expense": 301775000.0,
        "Selling General And Administration": 301775000.0,
        "Gross Profit": 349637000.0,
        "Cost Of Revenue": 396312000.0,
        "Total Revenue": 745949000.0,
        "Operating Revenue": 745949000.0
    },
    "2025-04-30": {
        "Tax Effect Of Unusual Items": -82935.0,
        "Tax Rate For Calcs": 0.285,
        "Normalized EBITDA": -14641000.0,
        "Total Unusual Items": -291000.0,
        "Total Unusual Items Excluding Goodwill": -291000.0,
        "Net Income From Continuing Operation Net Minority Interest": -21212000.0,
        "Reconciled Depreciation": 13393000.0,
        "Reconciled Cost Of Revenue": 252792000.0,
        "EBITDA": -14932000.0,
        "EBIT": -28325000.0,
        "Net Interest Income": -1339000.0,
        "Interest Expense": 1339000.0,
        "Normalized Income": -21003935.0,
        "Net Income From Continuing And Discontinued Operation": -21227000.0,
        "Total Expenses": 501827000.0,
        "Total Operating Income As Reported": -28145000.0,
        "Diluted Average Shares": 10495000.0,
        "Basic Average Shares": 10495000.0,
        "Diluted EPS": -2.02,
        "Basic EPS": -2.02,
        "Diluted NI Availto Com Stockholders": -21227000.0,
        "Net Income Common Stockholders": -21227000.0,
        "Net Income": -21227000.0,
        "Net Income Including Noncontrolling Interests": -21227000.0,
        "Net Income Discontinuous Operations": -15000.0,
        "Net Income Continuous Operations": -21212000.0,
        "Tax Provision": -8452000.0,
        "Pretax Income": -29664000.0,
        "Other Income Expense": -471000.0,
        "Other Non Operating Income Expenses": -180000.0,
        "Special Income Charges": -291000.0,
        "Write Off": 291000.0,
        "Impairment Of Capital Assets": NaN,
        "Net Non Operating Interest Income Expense": -1339000.0,
        "Interest Expense Non Operating": 1339000.0,
        "Operating Income": -27854000.0,
        "Operating Expense": 249035000.0,
        "Selling General And Administration": 249035000.0,
        "Gross Profit": 221181000.0,
        "Cost Of Revenue": 252792000.0,
        "Total Revenue": 473973000.0,
        "Operating Revenue": 473973000.0
    }
}