{
    "2023-03-31": {
        "Tax Effect Of Unusual Items": NaN,
        "Tax Rate For Calcs": NaN,
        "Normalized EBITDA": NaN,
        "Total Unusual Items": NaN,
        "Total Unusual Items Excluding Goodwill": NaN,
        "Net Income From Continuing Operation Net Minority Interest": NaN,
        "Reconciled Depreciation": NaN,
        "Reconciled Cost Of Revenue": NaN,
        "EBITDA": NaN,
        "EBIT": NaN,
        "Net Interest Income": NaN,
        "Interest Expense": NaN,
        "Normalized Income": NaN,
        "Net Income From Continuing And Discontinued Operation": NaN,
        "Total Expenses": NaN,
        "Total Operating Income As Reported": NaN,
        "Diluted Average Shares": 156644000.0,
        "Basic Average Shares": 154124000.0,
        "Diluted EPS": 0.3,
        "Basic EPS": 0.31,
        "Diluted NI Availto Com Stockholders": NaN,
        "Net Income Common Stockholders": NaN,
        "Net Income": NaN,
        "Minority Interests": NaN,
        "Net Income Including Noncontrolling Interests": NaN,
        "Net Income Continuous Operations": NaN,
        "Tax Provision": NaN,
        "Pretax Income": NaN,
        "Other Income Expense": NaN,
        "Other Non Operating Income Expenses": NaN,
        "Special Income Charges": NaN,
        "Other Special Charges": NaN,
        "Restructuring And Mergern Acquisition": NaN,
        "Net Non Operating Interest Income Expense": NaN,
        "Interest Expense Non Operating": NaN,
        "Operating Income": NaN,
        "Operating Expense": NaN,
        "Other Operating Expenses": NaN,
        "Depreciation Amortization Depletion Income Statement": NaN,
        "Depreciation And Amortization In Income Statement": NaN,
        "Research And Development": NaN,
        "Selling General And Administration": NaN,
        "Selling And Marketing Expense": NaN,
        "General And Administrative Expense": NaN,
        "Other Gand A": NaN,
        "Gross Profit": NaN,
        "Cost Of Revenue": NaN,
        "Total Revenue": NaN,
        "Operating Revenue": NaN
    },
    "2022-12-31": {
        "Tax Effect Of Unusual Items": -98540.145985,
        "Tax Rate For Calcs": 0.021898,
        "Normalized EBITDA": 192100000.0,
        "Total Unusual Items": -4500000.0,
        "Total Unusual Items Excluding Goodwill": -4500000.0,
        "Net Income From Continuing Operation Net Minority Interest": 93600000.0,
        "Reconciled Depreciation": 49500000.0,
        "Reconciled Cost Of Revenue": 379500000.0,
        "EBITDA": 187600000.0,
        "EBIT": 138100000.0,
        "Net Interest Income": -42200000.0,
        "Interest Expense": 42200000.0,
        "Normalized Income": 98001459.854015,
        "Net Income From Continuing And Discontinued Operation": 93600000.0,
        "Total Expenses": 904100000.0,
        "Total Operating Income As Reported": 134900000.0,
        "Diluted Average Shares": 157083000.0,
        "Basic Average Shares": 154745000.0,
        "Diluted EPS": 0.6,
        "Basic EPS": 0.6,
        "Diluted NI Availto Com Stockholders": 93600000.0,
        "Net Income Common Stockholders": 93600000.0,
        "Net Income": 93600000.0,
        "Minority Interests": -200000.0,
        "Net Income Including Noncontrolling Interests": 93800000.0,
        "Net Income Continuous Operations": 93800000.0,
        "Tax Provision": 2100000.0,
        "Pretax Income": 95900000.0,
        "Other Income Expense": 2300000.0,
        "Other Non Operating Income Expenses": 6800000.0,
        "Special Income Charges": -4500000.0,
        "Other Special Charges": NaN,
        "Restructuring And Mergern Acquisition": 900000.0,
        "Net Non Operating Interest Income Expense": -42200000.0,
        "Interest Expense Non Operating": 42200000.0,
        "Operating Income": 135800000.0,
        "Operating Expense": 524600000.0,
        "Other Operating Expenses": 75300000.0,
        "Depreciation Amortization Depletion Income Statement": 49500000.0,
        "Depreciation And Amortization In Income Statement": 49500000.0,
        "Research And Development": 206300000.0,
        "Selling General And Administration": 193500000.0,
        "Selling And Marketing Expense": 94900000.0,
        "General And Administrative Expense": 98600000.0,
        "Other Gand A": 98600000.0,
        "Gross Profit": 660400000.0,
        "Cost Of Revenue": 379500000.0,
        "Total Revenue": 1039900000.0,
        "Operating Revenue": 1039900000.0
    },
    "2022-09-30": {
        "Tax Effect Of Unusual Items": -1092000.0,
        "Tax Rate For Calcs": 0.21,
        "Normalized EBITDA": 186500000.0,
        "Total Unusual Items": -5200000.0,
        "Total Unusual Items Excluding Goodwill": -5200000.0,
        "Net Income From Continuing Operation Net Minority Interest": 99800000.0,
        "Reconciled Depreciation": 48500000.0,
        "Reconciled Cost Of Revenue": 374300000.0,
        "EBITDA": 181300000.0,
        "EBIT": 132800000.0,
        "Net Interest Income": -35600000.0,
        "Interest Expense": 35600000.0,
        "Normalized Income": 103908000.0,
        "Net Income From Continuing And Discontinued Operation": 99800000.0,
        "Total Expenses": 898300000.0,
        "Total Operating Income As Reported": 129700000.0,
        "Diluted Average Shares": 158418000.0,
        "Basic Average Shares": 156393000.0,
        "Diluted EPS": 0.63,
        "Basic EPS": 0.64,
        "Diluted NI Availto Com Stockholders": 99800000.0,
        "Net Income Common Stockholders": 99800000.0,
        "Net Income": 99800000.0,
        "Minority Interests": -200000.0,
        "Net Income Including Noncontrolling Interests": 100000000.0,
        "Net Income Continuous Operations": 100000000.0,
        "Tax Provision": -2800000.0,
        "Pretax Income": 97200000.0,
        "Other Income Expense": -2100000.0,
        "Other Non Operating Income Expenses": 3100000.0,
        "Special Income Charges": -5200000.0,
        "Other Special Charges": NaN,
        "Restructuring And Mergern Acquisition": 5200000.0,
        "Net Non Operating Interest Income Expense": -35600000.0,
        "Interest Expense Non Operating": 35600000.0,
        "Operating Income": 134900000.0,
        "Operating Expense": 524000000.0,
        "Other Operating Expenses": 74000000.0,
        "Depreciation Amortization Depletion Income Statement": 48500000.0,
        "Depreciation And Amortization In Income Statement": 48500000.0,
        "Research And Development": 199500000.0,
        "Selling General And Administration": 202000000.0,
        "Selling And Marketing Expense": 100400000.0,
        "General And Administrative Expense": 101600000.0,
        "Other Gand A": 101600000.0,
        "Gross Profit": 658900000.0,
        "Cost Of Revenue": 374300000.0,
        "Total Revenue": 1033200000.0,
        "Operating Revenue": 1033200000.0
    },
    "2022-06-30": {
        "Tax Effect Of Unusual Items": -3840000.0,
        "Tax Rate For Calcs": 0.4,
        "Normalized EBITDA": 181400000.0,
        "Total Unusual Items": -9600000.0,
        "Total Unusual Items Excluding Goodwill": -9600000.0,
        "Net Income From Continuing Operation Net Minority Interest": 90400000.0,
        "Reconciled Depreciation": 48400000.0,
        "Reconciled Cost Of Revenue": 360500000.0,
        "EBITDA": 171800000.0,
        "EBIT": 123400000.0,
        "Net Interest Income": -34900000.0,
        "Interest Expense": 34900000.0,
        "Normalized Income": 96160000.0,
        "Net Income From Continuing And Discontinued Operation": 90400000.0,
        "Total Expenses": 881300000.0,
        "Total Operating Income As Reported": 124600000.0,
        "Diluted Average Shares": 161739000.0,
        "Basic Average Shares": 159822000.0,
        "Diluted EPS": 0.56,
        "Basic EPS": 0.57,
        "Diluted NI Availto Com Stockholders": 90400000.0,
        "Net Income Common Stockholders": 90400000.0,
        "Net Income": 90400000.0,
        "Minority Interests": -100000.0,
        "Net Income Including Noncontrolling Interests": 90500000.0,
        "Net Income Continuous Operations": 90500000.0,
        "Tax Provision": -2000000.0,
        "Pretax Income": 88500000.0,
        "Other Income Expense": -10800000.0,
        "Other Non Operating Income Expenses": -1200000.0,
        "Special Income Charges": -9600000.0,
        "Other Special Charges": NaN,
        "Restructuring And Mergern Acquisition": 9600000.0,
        "Net Non Operating Interest Income Expense": -34900000.0,
        "Interest Expense Non Operating": 34900000.0,
        "Operating Income": 134200000.0,
        "Operating Expense": 520800000.0,
        "Other Operating Expenses": 78900000.0,
        "Depreciation Amortization Depletion Income Statement": 48400000.0,
        "Depreciation And Amortization In Income Statement": 48400000.0,
        "Research And Development": 198100000.0,
        "Selling General And Administration": 195400000.0,
        "Selling And Marketing Expense": 100700000.0,
        "General And Administrative Expense": 94700000.0,
        "Other Gand A": 94700000.0,
        "Gross Profit": 655000000.0,
        "Cost Of Revenue": 360500000.0,
        "Total Revenue": 1015500000.0,
        "Operating Revenue": 1015500000.0
    },
    "2023-06-30": {
        "Tax Effect Of Unusual Items": -3675000.0,
        "Tax Rate For Calcs": 0.21,
        "Normalized EBITDA": 187400000.0,
        "Total Unusual Items": -17500000.0,
        "Total Unusual Items Excluding Goodwill": -17500000.0,
        "Net Income From Continuing Operation Net Minority Interest": 82900000.0,
        "Reconciled Depreciation": 43500000.0,
        "Reconciled Cost Of Revenue": 388400000.0,
        "EBITDA": 169900000.0,
        "EBIT": 126400000.0,
        "Net Interest Income": -45600000.0,
        "Interest Expense": 45600000.0,
        "Normalized Income": 96725000.0,
        "Net Income From Continuing And Discontinued Operation": 82900000.0,
        "Total Expenses": 911000000.0,
        "Total Operating Income As Reported": 119600000.0,
        "Diluted Average Shares": 154064000.0,
        "Basic Average Shares": 152328000.0,
        "Diluted EPS": 0.54,
        "Basic EPS": 0.54,
        "Diluted NI Availto Com Stockholders": 82900000.0,
        "Net Income Common Stockholders": 82900000.0,
        "Net Income": 82900000.0,
        "Minority Interests": -200000.0,
        "Net Income Including Noncontrolling Interests": 83100000.0,
        "Net Income Continuous Operations": 83100000.0,
        "Tax Provision": -2300000.0,
        "Pretax Income": 80800000.0,
        "Other Income Expense": -10700000.0,
        "Other Non Operating Income Expenses": 6800000.0,
        "Special Income Charges": -17500000.0,
        "Other Special Charges": NaN,
        "Restructuring And Mergern Acquisition": 17500000.0,
        "Net Non Operating Interest Income Expense": -45600000.0,
        "Interest Expense Non Operating": 45600000.0,
        "Operating Income": 137100000.0,
        "Operating Expense": 522600000.0,
        "Other Operating Expenses": 77700000.0,
        "Depreciation Amortization Depletion Income Statement": 43500000.0,
        "Depreciation And Amortization In Income Statement": 43500000.0,
        "Research And Development": 219200000.0,
        "Selling General And Administration": 182200000.0,
        "Selling And Marketing Expense": 89500000.0,
        "General And Administrative Expense": 92700000.0,
        "Other Gand A": 92700000.0,
        "Gross Profit": 659700000.0,
        "Cost Of Revenue": 388400000.0,
        "Total Revenue": 1048100000.0,
        "Operating Revenue": 1048100000.0
    },
    "2022-03-31": {
        "Diluted EPS": 0.41,
        "Total Revenue": NaN,
        "Gross Profit": 633,
        "Operating Income": 110,
        "EBIT": 158,
        "Net Income": 68
    },
    "2021-12-31": {
        "Diluted EPS": 0.51,
        "Total Revenue": NaN,
        "Gross Profit": 646,
        "Operating Income": 125,
        "EBIT": 175,
        "Net Income": 87
    },
    "2021-09-30": {
        "Diluted EPS": 0.58,
        "Total Revenue": 964,
        "Gross Profit": 618,
        "Operating Income": 131,
        "EBIT": 182,
        "Net Income": 98
    },
    "2021-06-30": {
        "Diluted EPS": 0.27,
        "Total Revenue": 931,
        "Gross Profit": 599,
        "Operating Income": 88,
        "EBIT": 138,
        "Net Income": 47
    },
    "2021-03-31": {
        "Diluted EPS": 0.06,
        "Total Revenue": 901,
        "Gross Profit": 580,
        "Operating Income": 38,
        "EBIT": 87,
        "Net Income": 11
    },
    "2020-12-31": {
        "Diluted EPS": 0.5,
        "Total Revenue": 874,
        "Gross Profit": 572,
        "Operating Income": 93,
        "EBIT": 144,
        "Net Income": 71
    },
    "2020-09-30": {
        "Diluted EPS": 0.38,
        "Total Revenue": 844,
        "Gross Profit": 554,
        "Operating Income": 92,
        "EBIT": 143,
        "Net Income": 65
    },
    "2020-06-30": {
        "Diluted EPS": -4.06,
        "Total Revenue": 806,
        "Gross Profit": 517,
        "Operating Income": 23,
        "EBIT": 71,
        "Net Income": -673
    },
    "2020-03-31": {
        "Diluted EPS": 0.24,
        "Total Revenue": 792,
        "Gross Profit": 515,
        "Operating Income": 64,
        "EBIT": 117,
        "Net Income": 43
    },
    "2019-12-31": {
        "Diluted EPS": 0.34,
        "Total Revenue": 780,
        "Gross Profit": 510,
        "Operating Income": 74,
        "EBIT": 122,
        "Net Income": 61
    },
    "2019-09-30": {
        "Diluted EPS": 0.42,
        "Total Revenue": 761,
        "Gross Profit": 496,
        "Operating Income": 91,
        "EBIT": 141,
        "Net Income": 76
    },
    "2019-06-30": {
        "Diluted EPS": -0.07,
        "Total Revenue": 737,
        "Gross Profit": 483,
        "Operating Income": 19,
        "EBIT": 73,
        "Net Income": -13
    },
    "2019-03-31": {
        "Diluted EPS": 0.07,
        "Total Revenue": 710,
        "Gross Profit": 474,
        "Operating Income": 19,
        "EBIT": 76,
        "Net Income": 13
    },
    "2018-12-31": {
        "Diluted EPS": 0.24,
        "Total Revenue": 696,
        "Gross Profit": 465,
        "Operating Income": 42,
        "EBIT": 100,
        "Net Income": 43
    },
    "2018-09-30": {
        "Diluted EPS": 0.08,
        "Total Revenue": 680,
        "Gross Profit": 453,
        "Operating Income": 38,
        "EBIT": 99,
        "Net Income": 13
    },
    "2018-06-30": {
        "Diluted EPS": 0.11,
        "Total Revenue": 652,
        "Gross Profit": 430,
        "Operating Income": 44,
        "EBIT": 101,
        "Net Income": 18
    },
    "2018-03-31": {
        "Diluted EPS": 0.02,
        "Total Revenue": 633,
        "Gross Profit": 418,
        "Operating Income": 27,
        "EBIT": 85,
        "Net Income": 3
    },
    "2017-12-31": {
        "Diluted EPS": 0.51,
        "Total Revenue": 602,
        "Gross Profit": 400,
        "Operating Income": 23,
        "EBIT": 82,
        "Net Income": 93
    },
    "2017-09-30": {
        "Diluted EPS": 0.17,
        "Total Revenue": 582,
        "Gross Profit": 382,
        "Operating Income": 32,
        "EBIT": 92,
        "Net Income": 22
    },
    "2017-06-30": {
        "Diluted EPS": 0.1,
        "Total Revenue": 558,
        "Gross Profit": 361,
        "Operating Income": 6,
        "EBIT": 62,
        "Net Income": 21
    },
    "2017-03-31": {
        "Diluted EPS": 0.01,
        "Total Revenue": 490,
        "Gross Profit": 313,
        "Operating Income": 6,
        "EBIT": 37,
        "Net Income": 1
    },
    "2016-12-31": {
        "Diluted EPS": 0.0,
        "Total Revenue": 486,
        "Gross Profit": 314,
        "Operating Income": 18,
        "EBIT": 56,
        "Net Income": -2
    },
    "2016-09-30": {
        "Diluted EPS": 0.05,
        "Total Revenue": 472,
        "Gross Profit": 303,
        "Operating Income": 21,
        "EBIT": 65,
        "Net Income": 5
    },
    "2016-06-30": {
        "Diluted EPS": -0.11,
        "Total Revenue": 456,
        "Gross Profit": 294,
        "Operating Income": 10,
        "EBIT": 49,
        "Net Income": -9
    },
    "2016-03-31": {
        "Diluted EPS": -0.15,
        "Total Revenue": 434,
        "Gross Profit": 279,
        "Operating Income": 1,
        "EBIT": 40,
        "Net Income": -11
    },
    "2015-12-31": {
        "Diluted EPS": 0.03,
        "Total Revenue": 425,
        "Gross Profit": 280,
        "Operating Income": 12,
        "EBIT": 55,
        "Net Income": -2
    },
    "2015-09-30": {
        "Diluted EPS": -0.04,
        "Total Revenue": 411,
        "Gross Profit": 267,
        "Operating Income": 11,
        "EBIT": 52,
        "Net Income": -3
    },
    "2015-06-30": {
        "Diluted EPS": -0.46,
        "Total Revenue": 395,
        "Gross Profit": 255,
        "Operating Income": -34,
        "EBIT": 5,
        "Net Income": -30
    },
    "2015-03-31": {
        "Diluted EPS": -0.34,
        "Total Revenue": 376,
        "Gross Profit": 239,
        "Operating Income": -21,
        "EBIT": 17,
        "Net Income": -13
    },
    "2014-12-31": {
        "Diluted EPS": -0.21,
        "Total Revenue": 372,
        "Gross Profit": 238,
        "Operating Income": -6,
        "EBIT": 42,
        "Net Income": -27
    },
    "2014-09-30": {
        "Diluted EPS": -0.21,
        "Total Revenue": 357,
        "Gross Profit": 225,
        "Operating Income": -7,
        "EBIT": 32,
        "Net Income": -28
    },
    "2014-06-30": {
        "Diluted EPS": -0.29,
        "Total Revenue": 339,
        "Gross Profit": 211,
        "Operating Income": -19,
        "EBIT": 19,
        "Net Income": -11
    },
    "2014-03-31": {
        "Diluted EPS": -0.4,
        "Total Revenue": 320,
        "Gross Profit": 194,
        "Operating Income": -34,
        "EBIT": 3,
        "Net Income": -51
    },
    "2013-12-31": {
        "Diluted EPS": 0.0,
        "Total Revenue": NaN,
        "Gross Profit": NaN,
        "Operating Income": NaN,
        "EBIT": NaN,
        "Net Income": NaN
    },
    "2012-12-31": {
        "Diluted EPS": 0.0,
        "Total Revenue": NaN,
        "Gross Profit": NaN,
        "Operating Income": NaN,
        "EBIT": NaN,
        "Net Income": NaN
    },
    "2023-09-30": {
        "Tax Effect Of Unusual Items": NaN,
        "Tax Rate For Calcs": NaN,
        "Normalized EBITDA": NaN,
        "Total Unusual Items": NaN,
        "Total Unusual Items Excluding Goodwill": NaN,
        "Net Income From Continuing Operation Net Minority Interest": NaN,
        "Reconciled Depreciation": NaN,
        "Reconciled Cost Of Revenue": NaN,
        "EBITDA": NaN,
        "EBIT": NaN,
        "Net Interest Income": NaN,
        "Interest Expense": NaN,
        "Normalized Income": NaN,
        "Net Income From Continuing And Discontinued Operation": NaN,
        "Total Expenses": NaN,
        "Total Operating Income As Reported": NaN,
        "Diluted Average Shares": 147291000.0,
        "Basic Average Shares": 145484000.0,
        "Diluted EPS": 0.89,
        "Basic EPS": 0.9,
        "Diluted NI Availto Com Stockholders": NaN,
        "Net Income Common Stockholders": NaN,
        "Net Income": NaN,
        "Minority Interests": NaN,
        "Net Income Including Noncontrolling Interests": NaN,
        "Net Income Continuous Operations": NaN,
        "Tax Provision": NaN,
        "Pretax Income": NaN,
        "Other Income Expense": NaN,
        "Other Non Operating Income Expenses": NaN,
        "Special Income Charges": NaN,
        "Other Special Charges": 1500000.0,
        "Restructuring And Mergern Acquisition": NaN,
        "Net Non Operating Interest Income Expense": NaN,
        "Interest Expense Non Operating": NaN,
        "Operating Income": NaN,
        "Operating Expense": NaN,
        "Other Operating Expenses": NaN,
        "Depreciation Amortization Depletion Income Statement": NaN,
        "Depreciation And Amortization In Income Statement": NaN,
        "Research And Development": NaN,
        "Selling General And Administration": NaN,
        "Selling And Marketing Expense": NaN,
        "General And Administrative Expense": NaN,
        "Other Gand A": NaN,
        "Gross Profit": NaN,
        "Cost Of Revenue": NaN,
        "Total Revenue": NaN,
        "Operating Revenue": NaN
    },
    "2023-12-31": {
        "Tax Effect Of Unusual Items": -2352000.0,
        "Tax Rate For Calcs": 0.21,
        "Normalized EBITDA": 241000000.0,
        "Total Unusual Items": -11200000.0,
        "Total Unusual Items Excluding Goodwill": -11200000.0,
        "Net Income From Continuing Operation Net Minority Interest": 1113900000.0,
        "Reconciled Depreciation": 38700000.0,
        "Reconciled Cost Of Revenue": 402200000.0,
        "EBITDA": 229800000.0,
        "EBIT": 191100000.0,
        "Net Interest Income": -43600000.0,
        "Interest Expense": 43600000.0,
        "Normalized Income": 1122748000.0,
        "Net Income From Continuing And Discontinued Operation": 1113900000.0,
        "Total Expenses": 899200000.0,
        "Total Operating Income As Reported": 189900000.0,
        "Diluted Average Shares": 144253000.0,
        "Basic Average Shares": 141418000.0,
        "Diluted EPS": 7.85,
        "Basic EPS": 8.01,
        "Diluted NI Availto Com Stockholders": 1113900000.0,
        "Net Income Common Stockholders": 1113900000.0,
        "Net Income": 1113900000.0,
        "Minority Interests": -200000.0,
        "Net Income Including Noncontrolling Interests": 1114100000.0,
        "Net Income Continuous Operations": 1114100000.0,
        "Tax Provision": -966600000.0,
        "Pretax Income": 147500000.0,
        "Other Income Expense": -10000000.0,
        "Other Non Operating Income Expenses": 1200000.0,
        "Special Income Charges": -11200000.0,
        "Other Special Charges": 0.0,
        "Restructuring And Mergern Acquisition": 11200000.0,
        "Net Non Operating Interest Income Expense": -43600000.0,
        "Interest Expense Non Operating": 43600000.0,
        "Operating Income": 201100000.0,
        "Operating Expense": 497000000.0,
        "Other Operating Expenses": 74300000.0,
        "Depreciation Amortization Depletion Income Statement": 38700000.0,
        "Depreciation And Amortization In Income Statement": 38700000.0,
        "Research And Development": 203800000.0,
        "Selling General And Administration": 180200000.0,
        "Selling And Marketing Expense": 84600000.0,
        "General And Administrative Expense": 95600000.0,
        "Other Gand A": 95600000.0,
        "Gross Profit": 698100000.0,
        "Cost Of Revenue": 402200000.0,
        "Total Revenue": 1100300000.0,
        "Operating Revenue": 1100300000.0
    },
    "2024-03-31": {
        "Tax Effect Of Unusual Items": -4914000.0,
        "Tax Rate For Calcs": 0.21,
        "Normalized EBITDA": 245100000.0,
        "Total Unusual Items": -23400000.0,
        "Total Unusual Items Excluding Goodwill": -23400000.0,
        "Net Income From Continuing Operation Net Minority Interest": 401500000.0,
        "Reconciled Depreciation": 37200000.0,
        "Reconciled Cost Of Revenue": 414500000.0,
        "EBITDA": 221700000.0,
        "EBIT": 184500000.0,
        "Net Interest Income": -41300000.0,
        "Interest Expense": 41300000.0,
        "Normalized Income": 419986000.0,
        "Net Income From Continuing And Discontinued Operation": 401500000.0,
        "Total Expenses": 910200000.0,
        "Total Operating Income As Reported": 175900000.0,
        "Diluted Average Shares": 145676000.0,
        "Basic Average Shares": 142528000.0,
        "Diluted EPS": 2.76,
        "Basic EPS": 2.82,
        "Diluted NI Availto Com Stockholders": 401500000.0,
        "Net Income Common Stockholders": 401500000.0,
        "Net Income": 401500000.0,
        "Minority Interests": 0.0,
        "Net Income Including Noncontrolling Interests": 401500000.0,
        "Net Income Continuous Operations": 401500000.0,
        "Tax Provision": -258300000.0,
        "Pretax Income": 143200000.0,
        "Other Income Expense": -13800000.0,
        "Other Non Operating Income Expenses": 9600000.0,
        "Special Income Charges": -23400000.0,
        "Other Special Charges": 1000000.0,
        "Restructuring And Mergern Acquisition": 22400000.0,
        "Net Non Operating Interest Income Expense": -41300000.0,
        "Interest Expense Non Operating": 41300000.0,
        "Operating Income": 198300000.0,
        "Operating Expense": 495700000.0,
        "Other Operating Expenses": 76400000.0,
        "Depreciation Amortization Depletion Income Statement": 37200000.0,
        "Depreciation And Amortization In Income Statement": 37200000.0,
        "Research And Development": 202900000.0,
        "Selling General And Administration": 179200000.0,
        "Selling And Marketing Expense": 87500000.0,
        "General And Administrative Expense": 91700000.0,
        "Other Gand A": 91700000.0,
        "Gross Profit": 694000000.0,
        "Cost Of Revenue": 414500000.0,
        "Total Revenue": 1108500000.0,
        "Operating Revenue": 1108500000.0
    },
    "2024-06-30": {
        "Tax Effect Of Unusual Items": -1471698.113208,
        "Tax Rate For Calcs": 0.163522,
        "Normalized EBITDA": 256500000.0,
        "Total Unusual Items": -9000000.0,
        "Total Unusual Items Excluding Goodwill": -9000000.0,
        "Net Income From Continuing Operation Net Minority Interest": 146300000.0,
        "Reconciled Depreciation": 33100000.0,
        "Reconciled Cost Of Revenue": 408300000.0,
        "EBITDA": 247500000.0,
        "EBIT": 214400000.0,
        "Net Interest Income": -39500000.0,
        "Interest Expense": 39500000.0,
        "Normalized Income": 153828301.886792,
        "Net Income From Continuing And Discontinued Operation": 146300000.0,
        "Total Expenses": 909400000.0,
        "Total Operating Income As Reported": 208200000.0,
        "Diluted Average Shares": 144644000.0,
        "Basic Average Shares": 141269000.0,
        "Diluted EPS": 1.01,
        "Basic EPS": 1.04,
        "Diluted NI Availto Com Stockholders": 146300000.0,
        "Net Income Common Stockholders": 146300000.0,
        "Net Income": 146300000.0,
        "Minority Interests": 0.0,
        "Net Income Including Noncontrolling Interests": 146300000.0,
        "Net Income Continuous Operations": 146300000.0,
        "Tax Provision": 28600000.0,
        "Pretax Income": 174900000.0,
        "Other Income Expense": -700000.0,
        "Other Non Operating Income Expenses": 8300000.0,
        "Special Income Charges": -9000000.0,
        "Other Special Charges": 2100000.0,
        "Restructuring And Mergern Acquisition": 6900000.0,
        "Net Non Operating Interest Income Expense": -39500000.0,
        "Interest Expense Non Operating": 39500000.0,
        "Operating Income": 215100000.0,
        "Operating Expense": 501100000.0,
        "Other Operating Expenses": 73300000.0,
        "Depreciation Amortization Depletion Income Statement": 33100000.0,
        "Depreciation And Amortization In Income Statement": 33100000.0,
        "Research And Development": 205900000.0,
        "Selling General And Administration": 188800000.0,
        "Selling And Marketing Expense": 93200000.0,
        "General And Administrative Expense": 95600000.0,
        "Other Gand A": 95600000.0,
        "Gross Profit": 716200000.0,
        "Cost Of Revenue": 408300000.0,
        "Total Revenue": 1124500000.0,
        "Operating Revenue": 1124500000.0
    },
    "2024-09-30": {
        "Tax Effect Of Unusual Items": -55203.61991,
        "Tax Rate For Calcs": 0.138009,
        "Normalized EBITDA": 293600000.0,
        "Total Unusual Items": -400000.0,
        "Total Unusual Items Excluding Goodwill": -400000.0,
        "Net Income From Continuing Operation Net Minority Interest": 190500000.0,
        "Reconciled Depreciation": 32800000.0,
        "Reconciled Cost Of Revenue": 407400000.0,
        "EBITDA": 293200000.0,
        "EBIT": 260400000.0,
        "Net Interest Income": -39400000.0,
        "Interest Expense": 39400000.0,
        "Normalized Income": 190844796.38009,
        "Net Income From Continuing And Discontinued Operation": 190500000.0,
        "Total Expenses": 893400000.0,
        "Total Operating Income As Reported": 253800000.0,
        "Diluted Average Shares": 144138000.0,
        "Basic Average Shares": 140523000.0,
        "Diluted EPS": 1.32,
        "Basic EPS": 1.36,
        "Diluted NI Availto Com Stockholders": 190500000.0,
        "Net Income Common Stockholders": 190500000.0,
        "Net Income": 190500000.0,
        "Minority Interests": 0.0,
        "Net Income Including Noncontrolling Interests": 190500000.0,
        "Net Income Continuous Operations": 190500000.0,
        "Tax Provision": 30500000.0,
        "Pretax Income": 221000000.0,
        "Other Income Expense": 6200000.0,
        "Other Non Operating Income Expenses": 6600000.0,
        "Special Income Charges": -400000.0,
        "Other Special Charges": NaN,
        "Restructuring And Mergern Acquisition": 400000.0,
        "Net Non Operating Interest Income Expense": -39400000.0,
        "Interest Expense Non Operating": 39400000.0,
        "Operating Income": 254200000.0,
        "Operating Expense": 486000000.0,
        "Other Operating Expenses": 68900000.0,
        "Depreciation Amortization Depletion Income Statement": 32800000.0,
        "Depreciation And Amortization In Income Statement": 32800000.0,
        "Research And Development": 205100000.0,
        "Selling General And Administration": 179200000.0,
        "Selling And Marketing Expense": 84400000.0,
        "General And Administrative Expense": 94800000.0,
        "Other Gand A": 94800000.0,
        "Gross Profit": 740200000.0,
        "Cost Of Revenue": 407400000.0,
        "Total Revenue": 1147600000.0,
        "Operating Revenue": 1147600000.0
    },
    "2024-12-31": {
        "Tax Effect Of Unusual Items": -1370923.552806,
        "Tax Rate For Calcs": 0.122404,
        "Normalized EBITDA": 307800000.0,
        "Total Unusual Items": -11200000.0,
        "Total Unusual Items Excluding Goodwill": -11200000.0,
        "Net Income From Continuing Operation Net Minority Interest": 198600000.0,
        "Reconciled Depreciation": 32200000.0,
        "Reconciled Cost Of Revenue": 421800000.0,
        "EBITDA": 296600000.0,
        "EBIT": 264400000.0,
        "Net Interest Income": -38100000.0,
        "Interest Expense": 38100000.0,
        "Normalized Income": 208429076.447194,
        "Net Income From Continuing And Discontinued Operation": 198600000.0,
        "Total Expenses": 927300000.0,
        "Total Operating Income As Reported": 255600000.0,
        "Diluted Average Shares": NaN,
        "Basic Average Shares": NaN,
        "Diluted EPS": NaN,
        "Basic EPS": NaN,
        "Diluted NI Availto Com Stockholders": 198600000.0,
        "Net Income Common Stockholders": 198600000.0,
        "Net Income": 198600000.0,
        "Minority Interests": 0.0,
        "Net Income Including Noncontrolling Interests": 198600000.0,
        "Net Income Continuous Operations": 198600000.0,
        "Tax Provision": 27700000.0,
        "Pretax Income": 226300000.0,
        "Other Income Expense": -900000.0,
        "Other Non Operating Income Expenses": 10300000.0,
        "Special Income Charges": -11200000.0,
        "Other Special Charges": 1500000.0,
        "Restructuring And Mergern Acquisition": 9700000.0,
        "Net Non Operating Interest Income Expense": -38100000.0,
        "Interest Expense Non Operating": 38100000.0,
        "Operating Income": 265300000.0,
        "Operating Expense": 505500000.0,
        "Other Operating Expenses": 68900000.0,
        "Depreciation Amortization Depletion Income Statement": 32200000.0,
        "Depreciation And Amortization In Income Statement": 32200000.0,
        "Research And Development": 200500000.0,
        "Selling General And Administration": 203900000.0,
        "Selling And Marketing Expense": 91800000.0,
        "General And Administrative Expense": 112100000.0,
        "Other Gand A": 112100000.0,
        "Gross Profit": 770800000.0,
        "Cost Of Revenue": 421800000.0,
        "Total Revenue": 1192600000.0,
        "Operating Revenue": 1192600000.0
    }
}