{
    "2023-06-30": {
        "Tax Effect Of Unusual Items": NaN,
        "Tax Rate For Calcs": NaN,
        "Normalized EBITDA": NaN,
        "Total Unusual Items": NaN,
        "Total Unusual Items Excluding Goodwill": NaN,
        "Net Income From Continuing Operation Net Minority Interest": NaN,
        "Reconciled Depreciation": NaN,
        "Reconciled Cost Of Revenue": NaN,
        "EBITDA": NaN,
        "EBIT": NaN,
        "Net Interest Income": NaN,
        "Interest Expense": NaN,
        "Normalized Income": NaN,
        "Net Income From Continuing And Discontinued Operation": NaN,
        "Total Expenses": NaN,
        "Total Operating Income As Reported": NaN,
        "Diluted Average Shares": 30717000.0,
        "Basic Average Shares": 28845000.0,
        "Diluted EPS": 0.4,
        "Basic EPS": 0.43,
        "Diluted NI Availto Com Stockholders": NaN,
        "Net Income Common Stockholders": NaN,
        "Net Income": NaN,
        "Net Income Including Noncontrolling Interests": NaN,
        "Net Income Continuous Operations": NaN,
        "Tax Provision": NaN,
        "Pretax Income": NaN,
        "Other Income Expense": NaN,
        "Special Income Charges": NaN,
        "Gain On Sale Of Ppe": NaN,
        "Gain On Sale Of Business": NaN,
        "Other Special Charges": NaN,
        "Net Non Operating Interest Income Expense": NaN,
        "Interest Expense Non Operating": NaN,
        "Operating Income": NaN,
        "Operating Expense": NaN,
        "Other Operating Expenses": NaN,
        "Depreciation Amortization Depletion Income Statement": NaN,
        "Depreciation And Amortization In Income Statement": NaN,
        "Selling General And Administration": NaN,
        "Gross Profit": NaN,
        "Cost Of Revenue": NaN,
        "Total Revenue": NaN,
        "Operating Revenue": NaN
    },
    "2023-03-31": {
        "Tax Effect Of Unusual Items": NaN,
        "Tax Rate For Calcs": NaN,
        "Normalized EBITDA": NaN,
        "Total Unusual Items": NaN,
        "Total Unusual Items Excluding Goodwill": NaN,
        "Net Income From Continuing Operation Net Minority Interest": NaN,
        "Reconciled Depreciation": NaN,
        "Reconciled Cost Of Revenue": NaN,
        "EBITDA": NaN,
        "EBIT": NaN,
        "Net Interest Income": NaN,
        "Interest Expense": NaN,
        "Normalized Income": NaN,
        "Net Income From Continuing And Discontinued Operation": NaN,
        "Total Expenses": NaN,
        "Total Operating Income As Reported": NaN,
        "Diluted Average Shares": 30904000.0,
        "Basic Average Shares": 28308000.0,
        "Diluted EPS": 0.38,
        "Basic EPS": 0.41,
        "Diluted NI Availto Com Stockholders": NaN,
        "Net Income Common Stockholders": NaN,
        "Net Income": NaN,
        "Net Income Including Noncontrolling Interests": NaN,
        "Net Income Continuous Operations": NaN,
        "Tax Provision": NaN,
        "Pretax Income": NaN,
        "Other Income Expense": NaN,
        "Special Income Charges": NaN,
        "Gain On Sale Of Ppe": NaN,
        "Gain On Sale Of Business": NaN,
        "Other Special Charges": NaN,
        "Net Non Operating Interest Income Expense": NaN,
        "Interest Expense Non Operating": NaN,
        "Operating Income": NaN,
        "Operating Expense": NaN,
        "Other Operating Expenses": NaN,
        "Depreciation Amortization Depletion Income Statement": NaN,
        "Depreciation And Amortization In Income Statement": NaN,
        "Selling General And Administration": NaN,
        "Gross Profit": NaN,
        "Cost Of Revenue": NaN,
        "Total Revenue": NaN,
        "Operating Revenue": NaN
    },
    "2022-12-31": {
        "Tax Effect Of Unusual Items": NaN,
        "Tax Rate For Calcs": NaN,
        "Normalized EBITDA": NaN,
        "Total Unusual Items": NaN,
        "Total Unusual Items Excluding Goodwill": NaN,
        "Net Income From Continuing Operation Net Minority Interest": NaN,
        "Reconciled Depreciation": NaN,
        "Reconciled Cost Of Revenue": NaN,
        "EBITDA": NaN,
        "EBIT": NaN,
        "Net Interest Income": NaN,
        "Interest Expense": NaN,
        "Normalized Income": NaN,
        "Net Income From Continuing And Discontinued Operation": NaN,
        "Total Expenses": NaN,
        "Total Operating Income As Reported": NaN,
        "Diluted Average Shares": 31230000.0,
        "Basic Average Shares": 28507000.0,
        "Diluted EPS": 0.35,
        "Basic EPS": 0.39,
        "Diluted NI Availto Com Stockholders": NaN,
        "Net Income Common Stockholders": NaN,
        "Net Income": NaN,
        "Net Income Including Noncontrolling Interests": NaN,
        "Net Income Continuous Operations": NaN,
        "Tax Provision": NaN,
        "Pretax Income": NaN,
        "Other Income Expense": NaN,
        "Special Income Charges": NaN,
        "Gain On Sale Of Ppe": NaN,
        "Gain On Sale Of Business": NaN,
        "Other Special Charges": NaN,
        "Net Non Operating Interest Income Expense": NaN,
        "Interest Expense Non Operating": NaN,
        "Operating Income": NaN,
        "Operating Expense": NaN,
        "Other Operating Expenses": NaN,
        "Depreciation Amortization Depletion Income Statement": NaN,
        "Depreciation And Amortization In Income Statement": NaN,
        "Selling General And Administration": NaN,
        "Gross Profit": NaN,
        "Cost Of Revenue": NaN,
        "Total Revenue": NaN,
        "Operating Revenue": NaN
    },
    "2022-09-30": {
        "Tax Effect Of Unusual Items": NaN,
        "Tax Rate For Calcs": NaN,
        "Normalized EBITDA": NaN,
        "Total Unusual Items": NaN,
        "Total Unusual Items Excluding Goodwill": NaN,
        "Net Income From Continuing Operation Net Minority Interest": NaN,
        "Reconciled Depreciation": NaN,
        "Reconciled Cost Of Revenue": NaN,
        "EBITDA": NaN,
        "EBIT": NaN,
        "Net Interest Income": NaN,
        "Interest Expense": NaN,
        "Normalized Income": NaN,
        "Net Income From Continuing And Discontinued Operation": NaN,
        "Total Expenses": NaN,
        "Total Operating Income As Reported": NaN,
        "Diluted Average Shares": NaN,
        "Basic Average Shares": NaN,
        "Diluted EPS": NaN,
        "Basic EPS": NaN,
        "Diluted NI Availto Com Stockholders": NaN,
        "Net Income Common Stockholders": NaN,
        "Net Income": NaN,
        "Net Income Including Noncontrolling Interests": NaN,
        "Net Income Continuous Operations": NaN,
        "Tax Provision": NaN,
        "Pretax Income": NaN,
        "Other Income Expense": NaN,
        "Special Income Charges": NaN,
        "Gain On Sale Of Ppe": NaN,
        "Gain On Sale Of Business": 0.0,
        "Other Special Charges": NaN,
        "Net Non Operating Interest Income Expense": NaN,
        "Interest Expense Non Operating": NaN,
        "Operating Income": NaN,
        "Operating Expense": NaN,
        "Other Operating Expenses": NaN,
        "Depreciation Amortization Depletion Income Statement": NaN,
        "Depreciation And Amortization In Income Statement": NaN,
        "Selling General And Administration": NaN,
        "Gross Profit": NaN,
        "Cost Of Revenue": NaN,
        "Total Revenue": NaN,
        "Operating Revenue": NaN
    },
    "2022-06-30": {
        "Tax Effect Of Unusual Items": -468362.751911,
        "Tax Rate For Calcs": 0.262682,
        "Normalized EBITDA": 70633000.0,
        "Total Unusual Items": -1783000.0,
        "Total Unusual Items Excluding Goodwill": -1783000.0,
        "Net Income From Continuing Operation Net Minority Interest": 21220000.0,
        "Reconciled Depreciation": 25332000.0,
        "Reconciled Cost Of Revenue": 156102000.0,
        "EBITDA": 68850000.0,
        "EBIT": 43518000.0,
        "Net Interest Income": -14738000.0,
        "Interest Expense": 14738000.0,
        "Normalized Income": 22534637.248089,
        "Net Income From Continuing And Discontinued Operation": 21220000.0,
        "Total Expenses": 244071000.0,
        "Total Operating Income As Reported": 44591000.0,
        "Diluted Average Shares": 31633000.0,
        "Basic Average Shares": 28877000.0,
        "Diluted EPS": 0.67,
        "Basic EPS": 0.73,
        "Diluted NI Availto Com Stockholders": 21220000.0,
        "Net Income Common Stockholders": 21220000.0,
        "Net Income": 21220000.0,
        "Net Income Including Noncontrolling Interests": 21220000.0,
        "Net Income Continuous Operations": 21220000.0,
        "Tax Provision": 7560000.0,
        "Pretax Income": 28780000.0,
        "Other Income Expense": -1783000.0,
        "Special Income Charges": -1783000.0,
        "Gain On Sale Of Ppe": -710000.0,
        "Other Special Charges": 1073000.0,
        "Net Non Operating Interest Income Expense": -14738000.0,
        "Interest Expense Non Operating": 14738000.0,
        "Operating Income": 45301000.0,
        "Operating Expense": 87969000.0,
        "Other Operating Expenses": 5350000.0,
        "Depreciation Amortization Depletion Income Statement": 25332000.0,
        "Depreciation And Amortization In Income Statement": 25332000.0,
        "Selling General And Administration": 57287000.0,
        "Gross Profit": 133270000.0,
        "Cost Of Revenue": 156102000.0,
        "Total Revenue": 289372000.0,
        "Operating Revenue": 274304000.0
    },
    "2022-03-31": {
        "Diluted EPS": 1.12,
        "Total Revenue": 274,
        "Gross Profit": 120,
        "Operating Income": 33,
        "EBIT": 60,
        "Net Income": 36
    },
    "2021-12-31": {
        "Diluted EPS": 0.52,
        "Total Revenue": 282,
        "Gross Profit": 122,
        "Operating Income": 34,
        "EBIT": 62,
        "Net Income": 19
    },
    "2021-09-30": {
        "Diluted EPS": 0.91,
        "Total Revenue": 282,
        "Gross Profit": 126,
        "Operating Income": 45,
        "EBIT": 73,
        "Net Income": 29
    },
    "2021-06-30": {
        "Diluted EPS": 3.26,
        "Total Revenue": 292,
        "Gross Profit": 141,
        "Operating Income": 60,
        "EBIT": 88,
        "Net Income": 103
    },
    "2021-03-31": {
        "Diluted EPS": 0.35,
        "Total Revenue": 240,
        "Gross Profit": 107,
        "Operating Income": 26,
        "EBIT": 55,
        "Net Income": 11
    },
    "2020-12-31": {
        "Diluted EPS": -0.65,
        "Total Revenue": 206,
        "Gross Profit": 82,
        "Operating Income": -1,
        "EBIT": 36,
        "Net Income": -18
    },
    "2020-09-30": {
        "Diluted EPS": -0.25,
        "Total Revenue": 205,
        "Gross Profit": 93,
        "Operating Income": 9,
        "EBIT": 42,
        "Net Income": -7
    },
    "2020-06-30": {
        "Diluted EPS": -2.8,
        "Total Revenue": 76,
        "Gross Profit": 25,
        "Operating Income": -62,
        "EBIT": -7,
        "Net Income": -79
    },
    "2020-03-31": {
        "Diluted EPS": -1.17,
        "Total Revenue": 207,
        "Gross Profit": 75,
        "Operating Income": -14,
        "EBIT": 25,
        "Net Income": -33
    },
    "2019-12-31": {
        "Diluted EPS": -0.28,
        "Total Revenue": 242,
        "Gross Profit": 97,
        "Operating Income": 11,
        "EBIT": 41,
        "Net Income": -8
    },
    "2019-09-30": {
        "Diluted EPS": -0.34,
        "Total Revenue": 243,
        "Gross Profit": 97,
        "Operating Income": 10,
        "EBIT": 40,
        "Net Income": -9
    },
    "2019-06-30": {
        "Diluted EPS": -0.52,
        "Total Revenue": 248,
        "Gross Profit": 103,
        "Operating Income": 14,
        "EBIT": 45,
        "Net Income": -14
    },
    "2019-03-31": {
        "Diluted EPS": -0.29,
        "Total Revenue": 240,
        "Gross Profit": 98,
        "Operating Income": 12,
        "EBIT": 40,
        "Net Income": -8
    },
    "2018-12-31": {
        "Diluted EPS": -0.9,
        "Total Revenue": 210,
        "Gross Profit": 80,
        "Operating Income": 5,
        "EBIT": 30,
        "Net Income": -25
    },
    "2018-09-30": {
        "Diluted EPS": -0.11,
        "Total Revenue": 210,
        "Gross Profit": 82,
        "Operating Income": 10,
        "EBIT": 34,
        "Net Income": -3
    },
    "2018-06-30": {
        "Diluted EPS": 0.12,
        "Total Revenue": 217,
        "Gross Profit": 87,
        "Operating Income": 19,
        "EBIT": 43,
        "Net Income": 4
    },
    "2018-03-31": {
        "Diluted EPS": 0.13,
        "Total Revenue": 215,
        "Gross Profit": 88,
        "Operating Income": 17,
        "EBIT": 43,
        "Net Income": 4
    },
    "2017-12-31": {
        "Diluted EPS": -0.58,
        "Total Revenue": 184,
        "Gross Profit": 68,
        "Operating Income": 5,
        "EBIT": 25,
        "Net Income": -14
    },
    "2017-09-30": {
        "Diluted EPS": 0.36,
        "Total Revenue": 108,
        "Gross Profit": 31,
        "Operating Income": 2,
        "EBIT": 10,
        "Net Income": 9
    },
    "2017-06-30": {
        "Diluted EPS": 0.07,
        "Total Revenue": 110,
        "Gross Profit": 32,
        "Operating Income": 3,
        "EBIT": 10,
        "Net Income": 2
    },
    "2017-03-31": {
        "Diluted EPS": 0.23,
        "Total Revenue": 106,
        "Gross Profit": 30,
        "Operating Income": 5,
        "EBIT": 12,
        "Net Income": 5
    },
    "2016-12-31": {
        "Diluted EPS": 0.45,
        "Total Revenue": 102,
        "Gross Profit": 27,
        "Operating Income": 1,
        "EBIT": 9,
        "Net Income": 10
    },
    "2016-09-30": {
        "Diluted EPS": 0.06,
        "Total Revenue": 104,
        "Gross Profit": 29,
        "Operating Income": 3,
        "EBIT": 10,
        "Net Income": 1
    },
    "2016-06-30": {
        "Diluted EPS": 0.12,
        "Total Revenue": 103,
        "Gross Profit": 29,
        "Operating Income": 5,
        "EBIT": 12,
        "Net Income": 3
    },
    "2016-03-31": {
        "Diluted EPS": 0.1,
        "Total Revenue": 91,
        "Gross Profit": 26,
        "Operating Income": 4,
        "EBIT": 10,
        "Net Income": 2
    },
    "2015-12-31": {
        "Diluted EPS": 1.41,
        "Total Revenue": 86,
        "Gross Profit": 25,
        "Operating Income": 27,
        "EBIT": 32,
        "Net Income": 23
    },
    "2015-09-30": {
        "Diluted EPS": 0.16,
        "Total Revenue": 63,
        "Gross Profit": 19,
        "Operating Income": -8,
        "EBIT": -2,
        "Net Income": 3
    },
    "2015-06-30": {
        "Diluted EPS": -0.01,
        "Total Revenue": 15,
        "Gross Profit": 7,
        "Operating Income": 0,
        "EBIT": 1,
        "Net Income": 0
    },
    "2015-03-31": {
        "Diluted EPS": -0.13,
        "Total Revenue": 13,
        "Gross Profit": 5,
        "Operating Income": -1,
        "EBIT": 0,
        "Net Income": -2
    },
    "2014-12-31": {
        "Diluted EPS": -0.01,
        "Total Revenue": 13,
        "Gross Profit": 5,
        "Operating Income": 0,
        "EBIT": 1,
        "Net Income": 0
    },
    "2014-09-30": {
        "Diluted EPS": -1.72,
        "Total Revenue": 16,
        "Gross Profit": 7,
        "Operating Income": -23,
        "EBIT": -22,
        "Net Income": -23
    },
    "2014-06-30": {
        "Diluted EPS": 0.0,
        "Total Revenue": 14,
        "Gross Profit": 6,
        "Operating Income": 0,
        "EBIT": 1,
        "Net Income": 0
    },
    "2014-03-31": {
        "Diluted EPS": -0.13,
        "Total Revenue": 12,
        "Gross Profit": 5,
        "Operating Income": -2,
        "EBIT": -1,
        "Net Income": -2
    },
    "2013-12-31": {
        "Diluted EPS": -0.06,
        "Total Revenue": 11,
        "Gross Profit": 4,
        "Operating Income": -2,
        "EBIT": -2,
        "Net Income": -1
    },
    "2013-09-30": {
        "Diluted EPS": 1.46,
        "Total Revenue": 15,
        "Gross Profit": 7,
        "Operating Income": 19,
        "EBIT": 19,
        "Net Income": 20
    },
    "2013-06-30": {
        "Diluted EPS": 0.02,
        "Total Revenue": 9,
        "Gross Profit": 5,
        "Operating Income": -1,
        "EBIT": -2,
        "Net Income": 0
    },
    "2013-03-31": {
        "Diluted EPS": -0.02,
        "Total Revenue": 3,
        "Gross Profit": 3,
        "Operating Income": -2,
        "EBIT": -2,
        "Net Income": 0
    },
    "2012-12-31": {
        "Diluted EPS": 0.14,
        "Total Revenue": 3,
        "Gross Profit": 2,
        "Operating Income": -2,
        "EBIT": -2,
        "Net Income": 2
    },
    "2012-09-30": {
        "Diluted EPS": -0.08,
        "Total Revenue": 4,
        "Gross Profit": 3,
        "Operating Income": -3,
        "EBIT": -3,
        "Net Income": -1
    },
    "2012-06-30": {
        "Diluted EPS": 0.04,
        "Total Revenue": 3,
        "Gross Profit": 3,
        "Operating Income": -1,
        "EBIT": -2,
        "Net Income": 0
    },
    "2012-03-31": {
        "Diluted EPS": 0.14,
        "Total Revenue": 2,
        "Gross Profit": 2,
        "Operating Income": -2,
        "EBIT": -2,
        "Net Income": 2
    },
    "2011-12-31": {
        "Diluted EPS": -0.96,
        "Total Revenue": 1,
        "Gross Profit": 1,
        "Operating Income": -17,
        "EBIT": -14,
        "Net Income": -13
    },
    "2011-09-30": {
        "Diluted EPS": -0.0,
        "Total Revenue": 0,
        "Gross Profit": 0,
        "Operating Income": -10,
        "EBIT": -11,
        "Net Income": 0
    },
    "2011-06-30": {
        "Diluted EPS": 0.72,
        "Total Revenue": 28,
        "Gross Profit": 28,
        "Operating Income": 16,
        "EBIT": 25,
        "Net Income": 9
    },
    "2011-03-31": {
        "Diluted EPS": 0.1,
        "Total Revenue": 6,
        "Gross Profit": 6,
        "Operating Income": 1,
        "EBIT": 3,
        "Net Income": 1
    },
    "2010-12-31": {
        "Diluted EPS": -2.12,
        "Total Revenue": 5,
        "Gross Profit": 5,
        "Operating Income": -39,
        "EBIT": -34,
        "Net Income": -28
    },
    "2010-09-30": {
        "Diluted EPS": 1.14,
        "Total Revenue": 8,
        "Gross Profit": 8,
        "Operating Income": 2,
        "EBIT": 3,
        "Net Income": 15
    },
    "2010-06-30": {
        "Diluted EPS": 0.3,
        "Total Revenue": 5,
        "Gross Profit": 5,
        "Operating Income": -3,
        "EBIT": 0,
        "Net Income": 4
    },
    "2010-03-31": {
        "Diluted EPS": -0.36,
        "Total Revenue": 7,
        "Gross Profit": 7,
        "Operating Income": 0,
        "EBIT": 3,
        "Net Income": -5
    },
    "2009-12-31": {
        "Diluted EPS": -0.2,
        "Total Revenue": 5,
        "Gross Profit": 5,
        "Operating Income": -3,
        "EBIT": 2,
        "Net Income": -2
    },
    "2009-09-30": {
        "Diluted EPS": 0.18,
        "Total Revenue": 7,
        "Gross Profit": 7,
        "Operating Income": 1,
        "EBIT": 1,
        "Net Income": 2
    },
    "2009-06-30": {
        "Diluted EPS": 0.22,
        "Total Revenue": 7,
        "Gross Profit": 7,
        "Operating Income": 1,
        "EBIT": 4,
        "Net Income": 3
    },
    "2009-03-31": {
        "Diluted EPS": 0.08,
        "Total Revenue": 7,
        "Gross Profit": 7,
        "Operating Income": 0,
        "EBIT": 3,
        "Net Income": 1
    },
    "2023-09-30": {
        "Tax Effect Of Unusual Items": NaN,
        "Tax Rate For Calcs": NaN,
        "Normalized EBITDA": NaN,
        "Total Unusual Items": NaN,
        "Total Unusual Items Excluding Goodwill": NaN,
        "Net Income From Continuing Operation Net Minority Interest": NaN,
        "Reconciled Depreciation": NaN,
        "Reconciled Cost Of Revenue": NaN,
        "EBITDA": NaN,
        "EBIT": NaN,
        "Net Interest Income": NaN,
        "Interest Expense": NaN,
        "Normalized Income": NaN,
        "Net Income From Continuing And Discontinued Operation": NaN,
        "Total Expenses": NaN,
        "Total Operating Income As Reported": NaN,
        "Diluted Average Shares": 30794000.0,
        "Basic Average Shares": 28827000.0,
        "Diluted EPS": 7.83,
        "Basic EPS": 8.37,
        "Diluted NI Availto Com Stockholders": NaN,
        "Net Income Common Stockholders": NaN,
        "Net Income": NaN,
        "Net Income Including Noncontrolling Interests": NaN,
        "Net Income Continuous Operations": NaN,
        "Tax Provision": NaN,
        "Pretax Income": NaN,
        "Other Income Expense": NaN,
        "Special Income Charges": NaN,
        "Gain On Sale Of Ppe": NaN,
        "Gain On Sale Of Business": NaN,
        "Other Special Charges": NaN,
        "Net Non Operating Interest Income Expense": NaN,
        "Interest Expense Non Operating": NaN,
        "Operating Income": NaN,
        "Operating Expense": NaN,
        "Other Operating Expenses": NaN,
        "Depreciation Amortization Depletion Income Statement": NaN,
        "Depreciation And Amortization In Income Statement": NaN,
        "Selling General And Administration": NaN,
        "Gross Profit": NaN,
        "Cost Of Revenue": NaN,
        "Total Revenue": NaN,
        "Operating Revenue": NaN
    },
    "2023-12-31": {
        "Tax Effect Of Unusual Items": -3387930.0,
        "Tax Rate For Calcs": 0.21,
        "Normalized EBITDA": 43677000.0,
        "Total Unusual Items": -16133000.0,
        "Total Unusual Items Excluding Goodwill": -16133000.0,
        "Net Income From Continuing Operation Net Minority Interest": -9372000.0,
        "Reconciled Depreciation": 21758000.0,
        "Reconciled Cost Of Revenue": 123112000.0,
        "EBITDA": 27544000.0,
        "EBIT": 5786000.0,
        "Net Interest Income": -13170000.0,
        "Interest Expense": 13170000.0,
        "Normalized Income": 3373070.0,
        "Net Income From Continuing And Discontinued Operation": -9372000.0,
        "Total Expenses": 208772000.0,
        "Total Operating Income As Reported": 7115000.0,
        "Diluted Average Shares": NaN,
        "Basic Average Shares": NaN,
        "Diluted EPS": NaN,
        "Basic EPS": NaN,
        "Diluted NI Availto Com Stockholders": -9372000.0,
        "Net Income Common Stockholders": -9372000.0,
        "Net Income": -9372000.0,
        "Net Income Including Noncontrolling Interests": -9372000.0,
        "Net Income Continuous Operations": -9372000.0,
        "Tax Provision": 1988000.0,
        "Pretax Income": -7384000.0,
        "Other Income Expense": -16133000.0,
        "Special Income Charges": -16133000.0,
        "Gain On Sale Of Ppe": 103000.0,
        "Gain On Sale Of Business": -2650000.0,
        "Other Special Charges": 1514000.0,
        "Net Non Operating Interest Income Expense": -13170000.0,
        "Interest Expense Non Operating": 13170000.0,
        "Operating Income": 21919000.0,
        "Operating Expense": 85660000.0,
        "Other Operating Expenses": 5193000.0,
        "Depreciation Amortization Depletion Income Statement": 21758000.0,
        "Depreciation And Amortization In Income Statement": 21758000.0,
        "Selling General And Administration": 58709000.0,
        "Gross Profit": 107579000.0,
        "Cost Of Revenue": 123112000.0,
        "Total Revenue": 230691000.0,
        "Operating Revenue": 215515000.0
    },
    "2024-03-31": {
        "Tax Effect Of Unusual Items": NaN,
        "Tax Rate For Calcs": NaN,
        "Normalized EBITDA": NaN,
        "Total Unusual Items": NaN,
        "Total Unusual Items Excluding Goodwill": NaN,
        "Net Income From Continuing Operation Net Minority Interest": NaN,
        "Reconciled Depreciation": NaN,
        "Reconciled Cost Of Revenue": NaN,
        "EBITDA": NaN,
        "EBIT": NaN,
        "Net Interest Income": NaN,
        "Interest Expense": NaN,
        "Normalized Income": NaN,
        "Net Income From Continuing And Discontinued Operation": NaN,
        "Total Expenses": NaN,
        "Total Operating Income As Reported": NaN,
        "Diluted Average Shares": NaN,
        "Basic Average Shares": NaN,
        "Diluted EPS": NaN,
        "Basic EPS": NaN,
        "Diluted NI Availto Com Stockholders": NaN,
        "Net Income Common Stockholders": NaN,
        "Net Income": NaN,
        "Net Income Including Noncontrolling Interests": NaN,
        "Net Income Continuous Operations": NaN,
        "Tax Provision": NaN,
        "Pretax Income": NaN,
        "Other Income Expense": NaN,
        "Special Income Charges": NaN,
        "Gain On Sale Of Ppe": NaN,
        "Gain On Sale Of Business": NaN,
        "Other Special Charges": NaN,
        "Net Non Operating Interest Income Expense": NaN,
        "Interest Expense Non Operating": NaN,
        "Operating Income": NaN,
        "Operating Expense": NaN,
        "Other Operating Expenses": 4080000.0,
        "Depreciation Amortization Depletion Income Statement": NaN,
        "Depreciation And Amortization In Income Statement": NaN,
        "Selling General And Administration": NaN,
        "Gross Profit": NaN,
        "Cost Of Revenue": NaN,
        "Total Revenue": NaN,
        "Operating Revenue": NaN
    },
    "2024-06-30": {
        "Tax Effect Of Unusual Items": NaN,
        "Tax Rate For Calcs": NaN,
        "Normalized EBITDA": NaN,
        "Total Unusual Items": NaN,
        "Total Unusual Items Excluding Goodwill": NaN,
        "Net Income From Continuing Operation Net Minority Interest": NaN,
        "Reconciled Depreciation": NaN,
        "Reconciled Cost Of Revenue": NaN,
        "EBITDA": NaN,
        "EBIT": NaN,
        "Net Interest Income": NaN,
        "Interest Expense": NaN,
        "Normalized Income": NaN,
        "Net Income From Continuing And Discontinued Operation": NaN,
        "Total Expenses": NaN,
        "Total Operating Income As Reported": NaN,
        "Diluted Average Shares": NaN,
        "Basic Average Shares": NaN,
        "Diluted EPS": NaN,
        "Basic EPS": NaN,
        "Diluted NI Availto Com Stockholders": NaN,
        "Net Income Common Stockholders": NaN,
        "Net Income": NaN,
        "Net Income Including Noncontrolling Interests": NaN,
        "Net Income Continuous Operations": NaN,
        "Tax Provision": NaN,
        "Pretax Income": NaN,
        "Other Income Expense": NaN,
        "Special Income Charges": NaN,
        "Gain On Sale Of Ppe": NaN,
        "Gain On Sale Of Business": NaN,
        "Other Special Charges": NaN,
        "Net Non Operating Interest Income Expense": NaN,
        "Interest Expense Non Operating": NaN,
        "Operating Income": NaN,
        "Operating Expense": NaN,
        "Other Operating Expenses": 2784000.0,
        "Depreciation Amortization Depletion Income Statement": NaN,
        "Depreciation And Amortization In Income Statement": NaN,
        "Selling General And Administration": NaN,
        "Gross Profit": NaN,
        "Cost Of Revenue": NaN,
        "Total Revenue": NaN,
        "Operating Revenue": NaN
    },
    "2024-09-30": {
        "Tax Effect Of Unusual Items": 4620.0,
        "Tax Rate For Calcs": 0.21,
        "Normalized EBITDA": 29332000.0,
        "Total Unusual Items": 22000.0,
        "Total Unusual Items Excluding Goodwill": 22000.0,
        "Net Income From Continuing Operation Net Minority Interest": 5167000.0,
        "Reconciled Depreciation": 22626000.0,
        "Reconciled Cost Of Revenue": 74845000.0,
        "EBITDA": 29354000.0,
        "EBIT": 6728000.0,
        "Net Interest Income": -7959000.0,
        "Interest Expense": 7959000.0,
        "Normalized Income": 5149620.0,
        "Net Income From Continuing And Discontinued Operation": 5167000.0,
        "Total Expenses": 154527000.0,
        "Total Operating Income As Reported": 6728000.0,
        "Diluted Average Shares": 29408000.0,
        "Basic Average Shares": 28153000.0,
        "Diluted EPS": 0.18,
        "Basic EPS": 0.18,
        "Diluted NI Availto Com Stockholders": 5167000.0,
        "Net Income Common Stockholders": 5167000.0,
        "Net Income": 5167000.0,
        "Net Income Including Noncontrolling Interests": 5167000.0,
        "Net Income Continuous Operations": 5167000.0,
        "Tax Provision": -6398000.0,
        "Pretax Income": -1231000.0,
        "Other Income Expense": 22000.0,
        "Special Income Charges": 22000.0,
        "Gain On Sale Of Ppe": 256000.0,
        "Gain On Sale Of Business": 0.0,
        "Other Special Charges": 234000.0,
        "Net Non Operating Interest Income Expense": -7959000.0,
        "Interest Expense Non Operating": 7959000.0,
        "Operating Income": 6706000.0,
        "Operating Expense": 79682000.0,
        "Other Operating Expenses": 4276000.0,
        "Depreciation Amortization Depletion Income Statement": 22626000.0,
        "Depreciation And Amortization In Income Statement": 22626000.0,
        "Selling General And Administration": 57056000.0,
        "Gross Profit": 86388000.0,
        "Cost Of Revenue": 74845000.0,
        "Total Revenue": 161233000.0,
        "Operating Revenue": 146471000.0
    },
    "2024-12-31": {
        "Tax Effect Of Unusual Items": -615814.180929,
        "Tax Rate For Calcs": 0.271883,
        "Normalized EBITDA": 36656000.0,
        "Total Unusual Items": -2265000.0,
        "Total Unusual Items Excluding Goodwill": -2265000.0,
        "Net Income From Continuing Operation Net Minority Interest": 2978000.0,
        "Reconciled Depreciation": 22672000.0,
        "Reconciled Cost Of Revenue": 75365000.0,
        "EBITDA": 34391000.0,
        "EBIT": 11719000.0,
        "Net Interest Income": -7629000.0,
        "Interest Expense": 7629000.0,
        "Normalized Income": 4627185.819071,
        "Net Income From Continuing And Discontinued Operation": 2978000.0,
        "Total Expenses": 150220000.0,
        "Total Operating Income As Reported": 11719000.0,
        "Diluted Average Shares": 28401000.0,
        "Basic Average Shares": 27115000.0,
        "Diluted EPS": 0.1,
        "Basic EPS": 0.11,
        "Diluted NI Availto Com Stockholders": 2978000.0,
        "Net Income Common Stockholders": 2978000.0,
        "Net Income": 2978000.0,
        "Net Income Including Noncontrolling Interests": 2978000.0,
        "Net Income Continuous Operations": 2978000.0,
        "Tax Provision": 1112000.0,
        "Pretax Income": 4090000.0,
        "Other Income Expense": -2265000.0,
        "Special Income Charges": -2265000.0,
        "Gain On Sale Of Ppe": -29000.0,
        "Gain On Sale Of Business": 294000.0,
        "Other Special Charges": 131000.0,
        "Net Non Operating Interest Income Expense": -7629000.0,
        "Interest Expense Non Operating": 7629000.0,
        "Operating Income": 13984000.0,
        "Operating Expense": 74855000.0,
        "Other Operating Expenses": 3223000.0,
        "Depreciation Amortization Depletion Income Statement": 22672000.0,
        "Depreciation And Amortization In Income Statement": 22672000.0,
        "Selling General And Administration": 52183000.0,
        "Gross Profit": 88839000.0,
        "Cost Of Revenue": 75365000.0,
        "Total Revenue": 164204000.0,
        "Operating Revenue": 151494000.0
    },
    "2025-03-31": {
        "Tax Effect Of Unusual Items": -39000.0,
        "Tax Rate For Calcs": 0.3,
        "Normalized EBITDA": 33668000.0,
        "Total Unusual Items": -130000.0,
        "Total Unusual Items Excluding Goodwill": -130000.0,
        "Net Income From Continuing Operation Net Minority Interest": 2499000.0,
        "Reconciled Depreciation": 22469000.0,
        "Reconciled Cost Of Revenue": 73037000.0,
        "EBITDA": 33538000.0,
        "EBIT": 11069000.0,
        "Net Interest Income": -7499000.0,
        "Interest Expense": 7499000.0,
        "Normalized Income": 2590000.0,
        "Net Income From Continuing And Discontinued Operation": 2499000.0,
        "Total Expenses": 149644000.0,
        "Total Operating Income As Reported": 11069000.0,
        "Diluted Average Shares": 27801000.0,
        "Basic Average Shares": 26512000.0,
        "Diluted EPS": 0.09,
        "Basic EPS": 0.09,
        "Diluted NI Availto Com Stockholders": 2499000.0,
        "Net Income Common Stockholders": 2499000.0,
        "Net Income": 2499000.0,
        "Net Income Including Noncontrolling Interests": 2499000.0,
        "Net Income Continuous Operations": 2499000.0,
        "Tax Provision": 1071000.0,
        "Pretax Income": 3570000.0,
        "Other Income Expense": -130000.0,
        "Special Income Charges": -130000.0,
        "Gain On Sale Of Ppe": 27000.0,
        "Gain On Sale Of Business": 0.0,
        "Other Special Charges": 157000.0,
        "Net Non Operating Interest Income Expense": -7499000.0,
        "Interest Expense Non Operating": 7499000.0,
        "Operating Income": 11199000.0,
        "Operating Expense": 76607000.0,
        "Other Operating Expenses": 3014000.0,
        "Depreciation Amortization Depletion Income Statement": 22469000.0,
        "Depreciation And Amortization In Income Statement": 22469000.0,
        "Selling General And Administration": 54138000.0,
        "Gross Profit": 87806000.0,
        "Cost Of Revenue": 73037000.0,
        "Total Revenue": 160843000.0,
        "Operating Revenue": 149714000.0
    },
    "2025-06-30": {
        "Tax Effect Of Unusual Items": -29820.0,
        "Tax Rate For Calcs": 0.21,
        "Normalized EBITDA": 34533000.0,
        "Total Unusual Items": -142000.0,
        "Total Unusual Items Excluding Goodwill": -142000.0,
        "Net Income From Continuing Operation Net Minority Interest": 4632000.0,
        "Reconciled Depreciation": 22475000.0,
        "Reconciled Cost Of Revenue": 74521000.0,
        "EBITDA": 34391000.0,
        "EBIT": 11916000.0,
        "Net Interest Income": -7727000.0,
        "Interest Expense": 7727000.0,
        "Normalized Income": 4744180.0,
        "Net Income From Continuing And Discontinued Operation": 4632000.0,
        "Total Expenses": 151562000.0,
        "Total Operating Income As Reported": 11916000.0,
        "Diluted Average Shares": 27254000.0,
        "Basic Average Shares": 26283000.0,
        "Diluted EPS": 0.17,
        "Basic EPS": 0.18,
        "Diluted NI Availto Com Stockholders": 4632000.0,
        "Net Income Common Stockholders": 4632000.0,
        "Net Income": 4632000.0,
        "Net Income Including Noncontrolling Interests": 4632000.0,
        "Net Income Continuous Operations": 4632000.0,
        "Tax Provision": -443000.0,
        "Pretax Income": 4189000.0,
        "Other Income Expense": -142000.0,
        "Special Income Charges": -142000.0,
        "Gain On Sale Of Ppe": -79000.0,
        "Gain On Sale Of Business": 0.0,
        "Other Special Charges": 63000.0,
        "Net Non Operating Interest Income Expense": -7727000.0,
        "Interest Expense Non Operating": 7727000.0,
        "Operating Income": 12058000.0,
        "Operating Expense": 77041000.0,
        "Other Operating Expenses": NaN,
        "Depreciation Amortization Depletion Income Statement": 22475000.0,
        "Depreciation And Amortization In Income Statement": 22475000.0,
        "Selling General And Administration": 54566000.0,
        "Gross Profit": 89099000.0,
        "Cost Of Revenue": 74521000.0,
        "Total Revenue": 163620000.0,
        "Operating Revenue": 149222000.0
    },
    "2025-09-30": {
        "Tax Effect Of Unusual Items": -717740.0,
        "Tax Rate For Calcs": 0.34,
        "Normalized EBITDA": 25861000.0,
        "Total Unusual Items": -2111000.0,
        "Total Unusual Items Excluding Goodwill": -2111000.0,
        "Net Income From Continuing Operation Net Minority Interest": -4658000.0,
        "Reconciled Depreciation": 22868000.0,
        "Reconciled Cost Of Revenue": 73440000.0,
        "EBITDA": 23750000.0,
        "EBIT": 882000.0,
        "Net Interest Income": -7941000.0,
        "Interest Expense": 7941000.0,
        "Normalized Income": -3264740.0,
        "Net Income From Continuing And Discontinued Operation": -4658000.0,
        "Total Expenses": 151825000.0,
        "Total Operating Income As Reported": 882000.0,
        "Diluted Average Shares": 26166000.0,
        "Basic Average Shares": 26166000.0,
        "Diluted EPS": -0.18,
        "Basic EPS": -0.18,
        "Diluted NI Availto Com Stockholders": -4658000.0,
        "Net Income Common Stockholders": -4658000.0,
        "Net Income": -4658000.0,
        "Net Income Including Noncontrolling Interests": -4658000.0,
        "Net Income Continuous Operations": -4658000.0,
        "Tax Provision": -2401000.0,
        "Pretax Income": -7059000.0,
        "Other Income Expense": -2111000.0,
        "Special Income Charges": -2111000.0,
        "Gain On Sale Of Ppe": -1901000.0,
        "Gain On Sale Of Business": 0.0,
        "Other Special Charges": 210000.0,
        "Net Non Operating Interest Income Expense": -7941000.0,
        "Interest Expense Non Operating": 7941000.0,
        "Operating Income": 2993000.0,
        "Operating Expense": 78385000.0,
        "Other Operating Expenses": NaN,
        "Depreciation Amortization Depletion Income Statement": 22868000.0,
        "Depreciation And Amortization In Income Statement": 22868000.0,
        "Selling General And Administration": 55517000.0,
        "Gross Profit": 81378000.0,
        "Cost Of Revenue": 73440000.0,
        "Total Revenue": 154818000.0,
        "Operating Revenue": 142095000.0
    }
}