{
    "2023-03-31": {
        "Tax Effect Of Unusual Items": NaN,
        "Tax Rate For Calcs": NaN,
        "Normalized EBITDA": NaN,
        "Net Income From Continuing Operation Net Minority Interest": NaN,
        "Reconciled Depreciation": NaN,
        "Reconciled Cost Of Revenue": NaN,
        "EBITDA": NaN,
        "EBIT": NaN,
        "Net Interest Income": -1644000.0,
        "Interest Expense": 1644000.0,
        "Normalized Income": NaN,
        "Net Income From Continuing And Discontinued Operation": NaN,
        "Total Expenses": NaN,
        "Total Operating Income As Reported": NaN,
        "Diluted Average Shares": NaN,
        "Basic Average Shares": NaN,
        "Diluted EPS": NaN,
        "Basic EPS": NaN,
        "Diluted NI Availto Com Stockholders": NaN,
        "Average Dilution Earnings": NaN,
        "Net Income Common Stockholders": NaN,
        "Otherunder Preferred Stock Dividend": NaN,
        "Net Income": NaN,
        "Net Income Including Noncontrolling Interests": NaN,
        "Net Income Continuous Operations": NaN,
        "Tax Provision": NaN,
        "Pretax Income": NaN,
        "Other Income Expense": NaN,
        "Other Non Operating Income Expenses": NaN,
        "Net Non Operating Interest Income Expense": -1644000.0,
        "Interest Expense Non Operating": 1644000.0,
        "Operating Income": NaN,
        "Operating Expense": NaN,
        "Selling General And Administration": NaN,
        "Selling And Marketing Expense": NaN,
        "General And Administrative Expense": NaN,
        "Other Gand A": NaN,
        "Gross Profit": NaN,
        "Cost Of Revenue": NaN,
        "Total Revenue": NaN,
        "Operating Revenue": NaN
    },
    "2022-12-31": {
        "Tax Effect Of Unusual Items": NaN,
        "Tax Rate For Calcs": NaN,
        "Normalized EBITDA": NaN,
        "Net Income From Continuing Operation Net Minority Interest": NaN,
        "Reconciled Depreciation": NaN,
        "Reconciled Cost Of Revenue": NaN,
        "EBITDA": NaN,
        "EBIT": NaN,
        "Net Interest Income": -112000.0,
        "Interest Expense": 112000.0,
        "Normalized Income": NaN,
        "Net Income From Continuing And Discontinued Operation": NaN,
        "Total Expenses": NaN,
        "Total Operating Income As Reported": NaN,
        "Diluted Average Shares": NaN,
        "Basic Average Shares": NaN,
        "Diluted EPS": NaN,
        "Basic EPS": NaN,
        "Diluted NI Availto Com Stockholders": NaN,
        "Average Dilution Earnings": 0.0,
        "Net Income Common Stockholders": NaN,
        "Otherunder Preferred Stock Dividend": -26000.0,
        "Net Income": NaN,
        "Net Income Including Noncontrolling Interests": NaN,
        "Net Income Continuous Operations": NaN,
        "Tax Provision": NaN,
        "Pretax Income": NaN,
        "Other Income Expense": NaN,
        "Other Non Operating Income Expenses": NaN,
        "Net Non Operating Interest Income Expense": -112000.0,
        "Interest Expense Non Operating": 112000.0,
        "Operating Income": NaN,
        "Operating Expense": NaN,
        "Selling General And Administration": NaN,
        "Selling And Marketing Expense": NaN,
        "General And Administrative Expense": NaN,
        "Other Gand A": NaN,
        "Gross Profit": NaN,
        "Cost Of Revenue": NaN,
        "Total Revenue": NaN,
        "Operating Revenue": NaN
    },
    "2022-09-30": {
        "Tax Effect Of Unusual Items": NaN,
        "Tax Rate For Calcs": NaN,
        "Normalized EBITDA": NaN,
        "Net Income From Continuing Operation Net Minority Interest": NaN,
        "Reconciled Depreciation": NaN,
        "Reconciled Cost Of Revenue": NaN,
        "EBITDA": NaN,
        "EBIT": NaN,
        "Net Interest Income": -27000.0,
        "Interest Expense": 27000.0,
        "Normalized Income": NaN,
        "Net Income From Continuing And Discontinued Operation": NaN,
        "Total Expenses": NaN,
        "Total Operating Income As Reported": NaN,
        "Diluted Average Shares": NaN,
        "Basic Average Shares": NaN,
        "Diluted EPS": NaN,
        "Basic EPS": NaN,
        "Diluted NI Availto Com Stockholders": NaN,
        "Average Dilution Earnings": 0.0,
        "Net Income Common Stockholders": NaN,
        "Otherunder Preferred Stock Dividend": 10000.0,
        "Net Income": NaN,
        "Net Income Including Noncontrolling Interests": NaN,
        "Net Income Continuous Operations": NaN,
        "Tax Provision": NaN,
        "Pretax Income": NaN,
        "Other Income Expense": NaN,
        "Other Non Operating Income Expenses": NaN,
        "Net Non Operating Interest Income Expense": -27000.0,
        "Interest Expense Non Operating": 27000.0,
        "Operating Income": NaN,
        "Operating Expense": NaN,
        "Selling General And Administration": NaN,
        "Selling And Marketing Expense": NaN,
        "General And Administrative Expense": NaN,
        "Other Gand A": NaN,
        "Gross Profit": NaN,
        "Cost Of Revenue": NaN,
        "Total Revenue": NaN,
        "Operating Revenue": NaN
    },
    "2022-06-30": {
        "Tax Effect Of Unusual Items": 0.0,
        "Tax Rate For Calcs": 0.244767,
        "Normalized EBITDA": 40160000.0,
        "Net Income From Continuing Operation Net Minority Interest": 15008000.0,
        "Reconciled Depreciation": 20259000.0,
        "Reconciled Cost Of Revenue": 169999000.0,
        "EBITDA": 40160000.0,
        "EBIT": 19901000.0,
        "Net Interest Income": -29000.0,
        "Interest Expense": 29000.0,
        "Normalized Income": 15008000.0,
        "Net Income From Continuing And Discontinued Operation": 15008000.0,
        "Total Expenses": 338830000.0,
        "Total Operating Income As Reported": 23939000.0,
        "Diluted Average Shares": 54389000.0,
        "Basic Average Shares": 53928000.0,
        "Diluted EPS": 0.27,
        "Basic EPS": 0.28,
        "Diluted NI Availto Com Stockholders": 15008000.0,
        "Average Dilution Earnings": 1000.0,
        "Net Income Common Stockholders": 15008000.0,
        "Otherunder Preferred Stock Dividend": 53000.0,
        "Net Income": 15008000.0,
        "Net Income Including Noncontrolling Interests": 15008000.0,
        "Net Income Continuous Operations": 15008000.0,
        "Tax Provision": 4864000.0,
        "Pretax Income": 19872000.0,
        "Other Income Expense": -4038000.0,
        "Other Non Operating Income Expenses": -4038000.0,
        "Net Non Operating Interest Income Expense": -29000.0,
        "Interest Expense Non Operating": 29000.0,
        "Operating Income": 23939000.0,
        "Operating Expense": 168831000.0,
        "Selling General And Administration": 168831000.0,
        "Selling And Marketing Expense": 77376000.0,
        "General And Administrative Expense": 91455000.0,
        "Other Gand A": 91455000.0,
        "Gross Profit": 192770000.0,
        "Cost Of Revenue": 169999000.0,
        "Total Revenue": 362769000.0,
        "Operating Revenue": 362769000.0
    },
    "2022-03-31": {
        "Diluted EPS": 0.7,
        "Total Revenue": 401,
        "Gross Profit": 401,
        "Operating Income": 52,
        "EBIT": 72,
        "Net Income": 39
    },
    "2021-12-31": {
        "Diluted EPS": -0.19,
        "Total Revenue": 331,
        "Gross Profit": 331,
        "Operating Income": -8,
        "EBIT": 14,
        "Net Income": -11
    },
    "2021-09-30": {
        "Diluted EPS": 0.13,
        "Total Revenue": 339,
        "Gross Profit": 339,
        "Operating Income": 9,
        "EBIT": 32,
        "Net Income": 7
    },
    "2021-06-30": {
        "Diluted EPS": 0.45,
        "Total Revenue": 369,
        "Gross Profit": 369,
        "Operating Income": 32,
        "EBIT": 54,
        "Net Income": 25
    },
    "2021-03-31": {
        "Diluted EPS": 0.46,
        "Total Revenue": 393,
        "Gross Profit": 393,
        "Operating Income": 34,
        "EBIT": 55,
        "Net Income": 26
    },
    "2020-12-31": {
        "Diluted EPS": -0.45,
        "Total Revenue": 284,
        "Gross Profit": 284,
        "Operating Income": -32,
        "EBIT": -9,
        "Net Income": -24
    },
    "2020-09-30": {
        "Diluted EPS": -0.06,
        "Total Revenue": 291,
        "Gross Profit": 291,
        "Operating Income": -3,
        "EBIT": 19,
        "Net Income": -3
    },
    "2020-06-30": {
        "Diluted EPS": 0.06,
        "Total Revenue": 316,
        "Gross Profit": 316,
        "Operating Income": 5,
        "EBIT": 27,
        "Net Income": 3
    },
    "2020-03-31": {
        "Diluted EPS": 0.87,
        "Total Revenue": 362,
        "Gross Profit": 362,
        "Operating Income": 59,
        "EBIT": 80,
        "Net Income": 47
    },
    "2019-12-31": {
        "Diluted EPS": 0.08,
        "Total Revenue": 249,
        "Gross Profit": 249,
        "Operating Income": 0,
        "EBIT": 20,
        "Net Income": 2
    },
    "2019-09-30": {
        "Diluted EPS": -0.01,
        "Total Revenue": 240,
        "Gross Profit": 240,
        "Operating Income": -2,
        "EBIT": 19,
        "Net Income": -1
    },
    "2019-06-30": {
        "Diluted EPS": 0.64,
        "Total Revenue": 278,
        "Gross Profit": 278,
        "Operating Income": 44,
        "EBIT": 64,
        "Net Income": 35
    },
    "2019-03-31": {
        "Diluted EPS": 1.17,
        "Total Revenue": 341,
        "Gross Profit": 341,
        "Operating Income": 81,
        "EBIT": 101,
        "Net Income": 64
    },
    "2018-12-31": {
        "Diluted EPS": 0.26,
        "Total Revenue": 245,
        "Gross Profit": 245,
        "Operating Income": 15,
        "EBIT": 35,
        "Net Income": 14
    },
    "2018-09-30": {
        "Diluted EPS": 0.08,
        "Total Revenue": 236,
        "Gross Profit": 236,
        "Operating Income": 1,
        "EBIT": 19,
        "Net Income": 5
    },
    "2018-06-30": {
        "Diluted EPS": 0.55,
        "Total Revenue": 264,
        "Gross Profit": 264,
        "Operating Income": 33,
        "EBIT": 51,
        "Net Income": 30
    },
    "2018-03-31": {
        "Diluted EPS": 1.29,
        "Total Revenue": 320,
        "Gross Profit": 320,
        "Operating Income": 82,
        "EBIT": 100,
        "Net Income": 70
    },
    "2017-12-31": {
        "Diluted EPS": 0.2,
        "Total Revenue": 224,
        "Gross Profit": 224,
        "Operating Income": 15,
        "EBIT": 32,
        "Net Income": 12
    },
    "2017-09-30": {
        "Diluted EPS": 0.26,
        "Total Revenue": 202,
        "Gross Profit": 202,
        "Operating Income": 13,
        "EBIT": 30,
        "Net Income": 14
    },
    "2017-06-30": {
        "Diluted EPS": 0.37,
        "Total Revenue": 223,
        "Gross Profit": 223,
        "Operating Income": 20,
        "EBIT": 38,
        "Net Income": 19
    },
    "2017-03-31": {
        "Diluted EPS": 0.78,
        "Total Revenue": 253,
        "Gross Profit": 253,
        "Operating Income": 61,
        "EBIT": 77,
        "Net Income": 41
    },
    "2016-12-31": {
        "Diluted EPS": -0.03,
        "Total Revenue": 163,
        "Gross Profit": 163,
        "Operating Income": -4,
        "EBIT": 12,
        "Net Income": -1
    },
    "2016-09-30": {
        "Diluted EPS": 0.04,
        "Total Revenue": 154,
        "Gross Profit": 154,
        "Operating Income": -1,
        "EBIT": 15,
        "Net Income": 2
    },
    "2016-06-30": {
        "Diluted EPS": 0.16,
        "Total Revenue": 173,
        "Gross Profit": 173,
        "Operating Income": 13,
        "EBIT": 30,
        "Net Income": 8
    },
    "2016-03-31": {
        "Diluted EPS": 0.63,
        "Total Revenue": 228,
        "Gross Profit": 228,
        "Operating Income": 54,
        "EBIT": 72,
        "Net Income": 32
    },
    "2015-12-31": {
        "Diluted EPS": -0.1,
        "Total Revenue": 151,
        "Gross Profit": 151,
        "Operating Income": -12,
        "EBIT": 5,
        "Net Income": -6
    },
    "2015-09-30": {
        "Diluted EPS": 0.0,
        "Total Revenue": 146,
        "Gross Profit": 146,
        "Operating Income": -2,
        "EBIT": 14,
        "Net Income": 0
    },
    "2015-06-30": {
        "Diluted EPS": 0.06,
        "Total Revenue": 170,
        "Gross Profit": 170,
        "Operating Income": 7,
        "EBIT": 23,
        "Net Income": 3
    },
    "2015-03-31": {
        "Diluted EPS": 0.76,
        "Total Revenue": 227,
        "Gross Profit": 227,
        "Operating Income": 66,
        "EBIT": 81,
        "Net Income": 40
    },
    "2014-12-31": {
        "Diluted EPS": -0.04,
        "Total Revenue": 151,
        "Gross Profit": 151,
        "Operating Income": 0,
        "EBIT": 14,
        "Net Income": 0
    },
    "2014-09-30": {
        "Diluted EPS": 0.3,
        "Total Revenue": 145,
        "Gross Profit": 145,
        "Operating Income": 13,
        "EBIT": 22,
        "Net Income": 12
    },
    "2014-06-30": {
        "Diluted EPS": 0.31,
        "Total Revenue": 147,
        "Gross Profit": 147,
        "Operating Income": 22,
        "EBIT": 30,
        "Net Income": 13
    },
    "2014-03-31": {
        "Diluted EPS": 0.33,
        "Total Revenue": 159,
        "Gross Profit": 159,
        "Operating Income": 24,
        "EBIT": 32,
        "Net Income": 13
    },
    "2013-12-31": {
        "Diluted EPS": 0.03,
        "Total Revenue": 142,
        "Gross Profit": 142,
        "Operating Income": 0,
        "EBIT": 8,
        "Net Income": 1
    },
    "2013-09-30": {
        "Diluted EPS": 0.13,
        "Total Revenue": 137,
        "Gross Profit": 137,
        "Operating Income": 8,
        "EBIT": 15,
        "Net Income": 5
    },
    "2013-06-30": {
        "Diluted EPS": 0.25,
        "Total Revenue": 141,
        "Gross Profit": 141,
        "Operating Income": 17,
        "EBIT": 24,
        "Net Income": 10
    },
    "2013-03-31": {
        "Diluted EPS": 0.35,
        "Total Revenue": 154,
        "Gross Profit": 154,
        "Operating Income": 23,
        "EBIT": 30,
        "Net Income": 13
    },
    "2012-12-31": {
        "Diluted EPS": 0.32,
        "Total Revenue": 137,
        "Gross Profit": 137,
        "Operating Income": 14,
        "EBIT": 20,
        "Net Income": 9
    },
    "2012-09-30": {
        "Diluted EPS": 0.22,
        "Total Revenue": 133,
        "Gross Profit": 133,
        "Operating Income": 15,
        "EBIT": 20,
        "Net Income": 8
    },
    "2012-06-30": {
        "Diluted EPS": 0.22,
        "Total Revenue": 135,
        "Gross Profit": 135,
        "Operating Income": 17,
        "EBIT": 22,
        "Net Income": 9
    },
    "2012-03-31": {
        "Diluted EPS": 0.32,
        "Total Revenue": 141,
        "Gross Profit": 141,
        "Operating Income": 26,
        "EBIT": 30,
        "Net Income": 14
    },
    "2011-12-31": {
        "Diluted EPS": 0.23,
        "Total Revenue": 120,
        "Gross Profit": 120,
        "Operating Income": 22,
        "EBIT": 26,
        "Net Income": 13
    },
    "2011-09-30": {
        "Diluted EPS": 0.22,
        "Total Revenue": 115,
        "Gross Profit": 115,
        "Operating Income": 21,
        "EBIT": 25,
        "Net Income": 13
    },
    "2011-06-30": {
        "Diluted EPS": 0.19,
        "Total Revenue": 115,
        "Gross Profit": 115,
        "Operating Income": 19,
        "EBIT": 22,
        "Net Income": 12
    },
    "2011-03-31": {
        "Diluted EPS": 0.19,
        "Total Revenue": 117,
        "Gross Profit": 117,
        "Operating Income": 21,
        "EBIT": 23,
        "Net Income": 13
    },
    "2010-12-31": {
        "Diluted EPS": 0.1,
        "Total Revenue": 92,
        "Gross Profit": 92,
        "Operating Income": 13,
        "EBIT": 15,
        "Net Income": 8
    },
    "2010-09-30": {
        "Diluted EPS": 0.11,
        "Total Revenue": 89,
        "Gross Profit": 89,
        "Operating Income": 15,
        "EBIT": 17,
        "Net Income": 8
    },
    "2010-06-30": {
        "Diluted EPS": 0.14,
        "Total Revenue": 90,
        "Gross Profit": 90,
        "Operating Income": 17,
        "EBIT": 19,
        "Net Income": 5
    },
    "2010-03-31": {
        "Diluted EPS": 0.27,
        "Total Revenue": 93,
        "Gross Profit": 93,
        "Operating Income": 24,
        "EBIT": 26,
        "Net Income": 4
    },
    "2009-12-31": {
        "Diluted EPS": 0.15,
        "Total Revenue": 70,
        "Gross Profit": 70,
        "Operating Income": 12,
        "EBIT": 13,
        "Net Income": 2
    },
    "2009-09-30": {
        "Diluted EPS": 0.22,
        "Total Revenue": 65,
        "Gross Profit": 65,
        "Operating Income": 18,
        "EBIT": 19,
        "Net Income": 3
    },
    "2009-07-31": {
        "Diluted EPS": 0.0,
        "Total Revenue": NaN,
        "Gross Profit": NaN,
        "Operating Income": NaN,
        "EBIT": NaN,
        "Net Income": NaN
    },
    "2009-06-30": {
        "Diluted EPS": 0.25,
        "Total Revenue": 63,
        "Gross Profit": 63,
        "Operating Income": 22,
        "EBIT": 23,
        "Net Income": 4
    },
    "2009-03-31": {
        "Diluted EPS": 0.22,
        "Total Revenue": 61,
        "Gross Profit": 61,
        "Operating Income": 18,
        "EBIT": 20,
        "Net Income": 3
    },
    "2023-06-30": {
        "Tax Effect Of Unusual Items": NaN,
        "Tax Rate For Calcs": NaN,
        "Normalized EBITDA": NaN,
        "Net Income From Continuing Operation Net Minority Interest": NaN,
        "Reconciled Depreciation": NaN,
        "Reconciled Cost Of Revenue": NaN,
        "EBITDA": NaN,
        "EBIT": NaN,
        "Net Interest Income": -238000.0,
        "Interest Expense": 238000.0,
        "Normalized Income": NaN,
        "Net Income From Continuing And Discontinued Operation": NaN,
        "Total Expenses": NaN,
        "Total Operating Income As Reported": NaN,
        "Diluted Average Shares": NaN,
        "Basic Average Shares": NaN,
        "Diluted EPS": NaN,
        "Basic EPS": NaN,
        "Diluted NI Availto Com Stockholders": NaN,
        "Average Dilution Earnings": 0.0,
        "Net Income Common Stockholders": NaN,
        "Otherunder Preferred Stock Dividend": 0.0,
        "Net Income": NaN,
        "Net Income Including Noncontrolling Interests": NaN,
        "Net Income Continuous Operations": NaN,
        "Tax Provision": NaN,
        "Pretax Income": NaN,
        "Other Income Expense": NaN,
        "Other Non Operating Income Expenses": NaN,
        "Net Non Operating Interest Income Expense": -238000.0,
        "Interest Expense Non Operating": 238000.0,
        "Operating Income": NaN,
        "Operating Expense": NaN,
        "Selling General And Administration": NaN,
        "Selling And Marketing Expense": NaN,
        "General And Administrative Expense": NaN,
        "Other Gand A": NaN,
        "Gross Profit": NaN,
        "Cost Of Revenue": NaN,
        "Total Revenue": NaN,
        "Operating Revenue": NaN
    },
    "2023-09-30": {
        "Tax Effect Of Unusual Items": NaN,
        "Tax Rate For Calcs": NaN,
        "Normalized EBITDA": NaN,
        "Net Income From Continuing Operation Net Minority Interest": NaN,
        "Reconciled Depreciation": NaN,
        "Reconciled Cost Of Revenue": NaN,
        "EBITDA": NaN,
        "EBIT": NaN,
        "Normalized Income": NaN,
        "Net Income From Continuing And Discontinued Operation": NaN,
        "Total Expenses": NaN,
        "Total Operating Income As Reported": NaN,
        "Diluted Average Shares": NaN,
        "Basic Average Shares": NaN,
        "Diluted EPS": NaN,
        "Basic EPS": NaN,
        "Diluted NI Availto Com Stockholders": NaN,
        "Average Dilution Earnings": 0.0,
        "Net Income Common Stockholders": NaN,
        "Otherunder Preferred Stock Dividend": 0.0,
        "Net Income": NaN,
        "Net Income Including Noncontrolling Interests": NaN,
        "Net Income Continuous Operations": NaN,
        "Tax Provision": NaN,
        "Pretax Income": NaN,
        "Other Income Expense": NaN,
        "Other Non Operating Income Expenses": NaN,
        "Operating Income": NaN,
        "Operating Expense": NaN,
        "Selling General And Administration": NaN,
        "Selling And Marketing Expense": NaN,
        "General And Administrative Expense": NaN,
        "Other Gand A": NaN,
        "Gross Profit": NaN,
        "Cost Of Revenue": NaN,
        "Total Revenue": NaN,
        "Operating Revenue": NaN
    },
    "2023-12-31": {
        "Tax Effect Of Unusual Items": NaN,
        "Tax Rate For Calcs": NaN,
        "Normalized EBITDA": NaN,
        "Net Income From Continuing Operation Net Minority Interest": NaN,
        "Reconciled Depreciation": NaN,
        "Reconciled Cost Of Revenue": NaN,
        "EBITDA": NaN,
        "EBIT": NaN,
        "Normalized Income": NaN,
        "Net Income From Continuing And Discontinued Operation": NaN,
        "Total Expenses": NaN,
        "Total Operating Income As Reported": NaN,
        "Diluted Average Shares": NaN,
        "Basic Average Shares": NaN,
        "Diluted EPS": NaN,
        "Basic EPS": NaN,
        "Diluted NI Availto Com Stockholders": NaN,
        "Average Dilution Earnings": 0.0,
        "Net Income Common Stockholders": NaN,
        "Otherunder Preferred Stock Dividend": 0.0,
        "Net Income": NaN,
        "Net Income Including Noncontrolling Interests": NaN,
        "Net Income Continuous Operations": NaN,
        "Tax Provision": NaN,
        "Pretax Income": NaN,
        "Other Income Expense": NaN,
        "Other Non Operating Income Expenses": NaN,
        "Operating Income": NaN,
        "Operating Expense": NaN,
        "Selling General And Administration": NaN,
        "Selling And Marketing Expense": NaN,
        "General And Administrative Expense": NaN,
        "Other Gand A": NaN,
        "Gross Profit": NaN,
        "Cost Of Revenue": NaN,
        "Total Revenue": NaN,
        "Operating Revenue": NaN
    },
    "2024-03-31": {
        "Tax Effect Of Unusual Items": 0.0,
        "Tax Rate For Calcs": 0.348154,
        "Normalized EBITDA": 31193000.0,
        "Net Income From Continuing Operation Net Minority Interest": 4750000.0,
        "Reconciled Depreciation": 22096000.0,
        "Reconciled Cost Of Revenue": 263947000.0,
        "EBITDA": 31193000.0,
        "EBIT": 9097000.0,
        "Normalized Income": 4750000.0,
        "Net Income From Continuing And Discontinued Operation": 4750000.0,
        "Total Expenses": 442891000.0,
        "Total Operating Income As Reported": 10554000.0,
        "Diluted Average Shares": 53270000.0,
        "Basic Average Shares": 52942000.0,
        "Diluted EPS": 0.09,
        "Basic EPS": 0.09,
        "Diluted NI Availto Com Stockholders": 4750000.0,
        "Average Dilution Earnings": NaN,
        "Net Income Common Stockholders": 4750000.0,
        "Otherunder Preferred Stock Dividend": NaN,
        "Net Income": 4750000.0,
        "Net Income Including Noncontrolling Interests": 4750000.0,
        "Net Income Continuous Operations": 4750000.0,
        "Tax Provision": 2537000.0,
        "Pretax Income": 7287000.0,
        "Other Income Expense": -1810000.0,
        "Other Non Operating Income Expenses": -1810000.0,
        "Operating Income": 9097000.0,
        "Operating Expense": 178944000.0,
        "Selling General And Administration": 178944000.0,
        "Selling And Marketing Expense": 62375000.0,
        "General And Administrative Expense": 116569000.0,
        "Other Gand A": 116569000.0,
        "Gross Profit": 188041000.0,
        "Cost Of Revenue": 263947000.0,
        "Total Revenue": 451988000.0,
        "Operating Revenue": 451988000.0
    },
    "2024-06-30": {
        "Tax Effect Of Unusual Items": 0.0,
        "Tax Rate For Calcs": 0.025586,
        "Normalized EBITDA": -3727000.0,
        "Net Income From Continuing Operation Net Minority Interest": -28715000.0,
        "Reconciled Depreciation": 21212000.0,
        "Reconciled Cost Of Revenue": 270516000.0,
        "EBITDA": -3727000.0,
        "EBIT": -24939000.0,
        "Normalized Income": -28715000.0,
        "Net Income From Continuing And Discontinued Operation": -28715000.0,
        "Total Expenses": 432060000.0,
        "Total Operating Income As Reported": -23667000.0,
        "Diluted Average Shares": 53452000.0,
        "Basic Average Shares": 53452000.0,
        "Diluted EPS": -0.54,
        "Basic EPS": -0.54,
        "Diluted NI Availto Com Stockholders": -28715000.0,
        "Net Income Common Stockholders": -28715000.0,
        "Net Income": -28715000.0,
        "Net Income Including Noncontrolling Interests": -28715000.0,
        "Net Income Continuous Operations": -28715000.0,
        "Tax Provision": -754000.0,
        "Pretax Income": -29469000.0,
        "Other Income Expense": -4530000.0,
        "Other Non Operating Income Expenses": -4530000.0,
        "Operating Income": -24939000.0,
        "Operating Expense": 161544000.0,
        "Selling General And Administration": 161544000.0,
        "Selling And Marketing Expense": 52947000.0,
        "General And Administrative Expense": 108597000.0,
        "Other Gand A": 108597000.0,
        "Gross Profit": 136605000.0,
        "Cost Of Revenue": 270516000.0,
        "Total Revenue": 407121000.0,
        "Operating Revenue": 407121000.0
    },
    "2024-09-30": {
        "Tax Effect Of Unusual Items": 0.0,
        "Tax Rate For Calcs": 0.045532,
        "Normalized EBITDA": 16210000.0,
        "Total Unusual Items": 0.0,
        "Total Unusual Items Excluding Goodwill": 0.0,
        "Net Income From Continuing Operation Net Minority Interest": -7840000.0,
        "Reconciled Depreciation": 20719000.0,
        "Reconciled Cost Of Revenue": 291599000.0,
        "EBITDA": 16210000.0,
        "EBIT": -4509000.0,
        "Normalized Income": -7840000.0,
        "Net Income From Continuing And Discontinued Operation": -7840000.0,
        "Total Expenses": 414252000.0,
        "Total Operating Income As Reported": -2932000.0,
        "Diluted Average Shares": 53722000.0,
        "Basic Average Shares": 53722000.0,
        "Diluted EPS": -0.15,
        "Basic EPS": -0.15,
        "Diluted NI Availto Com Stockholders": -7840000.0,
        "Net Income Common Stockholders": -7840000.0,
        "Net Income": -7840000.0,
        "Net Income Including Noncontrolling Interests": -7840000.0,
        "Net Income Continuous Operations": -7840000.0,
        "Tax Provision": -374000.0,
        "Pretax Income": -8214000.0,
        "Other Income Expense": -3705000.0,
        "Other Non Operating Income Expenses": -3705000.0,
        "Special Income Charges": 0.0,
        "Restructuring And Mergern Acquisition": 0.0,
        "Operating Income": -4509000.0,
        "Operating Expense": 122653000.0,
        "Selling General And Administration": 122653000.0,
        "Selling And Marketing Expense": 52626000.0,
        "General And Administrative Expense": 70027000.0,
        "Other Gand A": 70027000.0,
        "Gross Profit": 118144000.0,
        "Cost Of Revenue": 291599000.0,
        "Total Revenue": 409743000.0,
        "Operating Revenue": 409743000.0
    },
    "2024-12-31": {
        "Tax Effect Of Unusual Items": 0.0,
        "Tax Rate For Calcs": 0.350515,
        "Normalized EBITDA": 33849000.0,
        "Total Unusual Items": NaN,
        "Total Unusual Items Excluding Goodwill": NaN,
        "Net Income From Continuing Operation Net Minority Interest": 5103000.0,
        "Reconciled Depreciation": 20672000.0,
        "Reconciled Cost Of Revenue": 317737000.0,
        "EBITDA": 33849000.0,
        "EBIT": 13177000.0,
        "Normalized Income": 5103000.0,
        "Net Income From Continuing And Discontinued Operation": 5103000.0,
        "Total Expenses": 441847000.0,
        "Total Operating Income As Reported": 14377000.0,
        "Diluted Average Shares": 55153000.0,
        "Basic Average Shares": 53989000.0,
        "Diluted EPS": 0.09,
        "Basic EPS": 0.09,
        "Diluted NI Availto Com Stockholders": 5103000.0,
        "Net Income Common Stockholders": 5103000.0,
        "Net Income": 5103000.0,
        "Net Income Including Noncontrolling Interests": 5103000.0,
        "Net Income Continuous Operations": 5103000.0,
        "Tax Provision": 2754000.0,
        "Pretax Income": 7857000.0,
        "Other Income Expense": -5320000.0,
        "Other Non Operating Income Expenses": -5320000.0,
        "Special Income Charges": NaN,
        "Restructuring And Mergern Acquisition": NaN,
        "Operating Income": 13177000.0,
        "Operating Expense": 124110000.0,
        "Selling General And Administration": 124110000.0,
        "Selling And Marketing Expense": 49262000.0,
        "General And Administrative Expense": 74848000.0,
        "Other Gand A": 74848000.0,
        "Gross Profit": 137287000.0,
        "Cost Of Revenue": 317737000.0,
        "Total Revenue": 455024000.0,
        "Operating Revenue": 455024000.0
    },
    "2025-03-31": {
        "Tax Effect Of Unusual Items": 0.0,
        "Tax Rate For Calcs": 0.234,
        "Normalized EBITDA": 79743000.0,
        "Total Unusual Items": NaN,
        "Total Unusual Items Excluding Goodwill": NaN,
        "Net Income From Continuing Operation Net Minority Interest": 25773000.0,
        "Reconciled Depreciation": 20384000.0,
        "Reconciled Cost Of Revenue": 352917000.0,
        "EBITDA": 79743000.0,
        "EBIT": 59359000.0,
        "Normalized Income": 25773000.0,
        "Net Income From Continuing And Discontinued Operation": 25773000.0,
        "Total Expenses": 499515000.0,
        "Total Operating Income As Reported": 60745000.0,
        "Diluted Average Shares": 55282000.0,
        "Basic Average Shares": 54361000.0,
        "Diluted EPS": 0.47,
        "Basic EPS": 0.47,
        "Diluted NI Availto Com Stockholders": 25773000.0,
        "Net Income Common Stockholders": 25773000.0,
        "Net Income": 25773000.0,
        "Net Income Including Noncontrolling Interests": 25773000.0,
        "Net Income Continuous Operations": 25773000.0,
        "Tax Provision": 7882000.0,
        "Pretax Income": 33655000.0,
        "Other Income Expense": -25704000.0,
        "Other Non Operating Income Expenses": -25704000.0,
        "Special Income Charges": NaN,
        "Restructuring And Mergern Acquisition": NaN,
        "Operating Income": 59359000.0,
        "Operating Expense": 146598000.0,
        "Selling General And Administration": 146598000.0,
        "Selling And Marketing Expense": 59688000.0,
        "General And Administrative Expense": 86910000.0,
        "Other Gand A": 86910000.0,
        "Gross Profit": 205957000.0,
        "Cost Of Revenue": 352917000.0,
        "Total Revenue": 558874000.0,
        "Operating Revenue": 558874000.0
    },
    "2025-06-30": {
        "Tax Effect Of Unusual Items": 0.0,
        "Tax Rate For Calcs": 0.253,
        "Normalized EBITDA": 33045000.0,
        "Total Unusual Items": NaN,
        "Total Unusual Items Excluding Goodwill": NaN,
        "Net Income From Continuing Operation Net Minority Interest": -47025000.0,
        "Reconciled Depreciation": 21277000.0,
        "Reconciled Cost Of Revenue": 358691000.0,
        "EBITDA": 33045000.0,
        "EBIT": 11768000.0,
        "Normalized Income": -47025000.0,
        "Net Income From Continuing And Discontinued Operation": -47025000.0,
        "Total Expenses": 492408000.0,
        "Total Operating Income As Reported": 13399000.0,
        "Diluted Average Shares": 55127000.0,
        "Basic Average Shares": 55127000.0,
        "Diluted EPS": -0.85,
        "Basic EPS": -0.85,
        "Diluted NI Availto Com Stockholders": -47025000.0,
        "Net Income Common Stockholders": -47025000.0,
        "Net Income": -47025000.0,
        "Net Income Including Noncontrolling Interests": -47025000.0,
        "Net Income Continuous Operations": -47025000.0,
        "Tax Provision": -15898000.0,
        "Pretax Income": -62923000.0,
        "Other Income Expense": -74691000.0,
        "Other Non Operating Income Expenses": -74691000.0,
        "Special Income Charges": NaN,
        "Restructuring And Mergern Acquisition": NaN,
        "Operating Income": 11768000.0,
        "Operating Expense": 133717000.0,
        "Selling General And Administration": 133717000.0,
        "Selling And Marketing Expense": 50159000.0,
        "General And Administrative Expense": 83558000.0,
        "Other Gand A": 83558000.0,
        "Gross Profit": 145485000.0,
        "Cost Of Revenue": 358691000.0,
        "Total Revenue": 504176000.0,
        "Operating Revenue": 504176000.0
    },
    "2025-09-30": {
        "Tax Effect Of Unusual Items": -2748196.338596,
        "Tax Rate For Calcs": 0.138086,
        "Normalized EBITDA": 26886000.0,
        "Total Unusual Items": -19902000.0,
        "Total Unusual Items Excluding Goodwill": -19902000.0,
        "Net Income From Continuing Operation Net Minority Interest": -30791000.0,
        "Reconciled Depreciation": 21468000.0,
        "Reconciled Cost Of Revenue": 374277000.0,
        "EBITDA": 6984000.0,
        "EBIT": -14484000.0,
        "Normalized Income": -13637196.338596,
        "Net Income From Continuing And Discontinued Operation": -30791000.0,
        "Total Expenses": 509310000.0,
        "Total Operating Income As Reported": -32831000.0,
        "Diluted Average Shares": 55400000.0,
        "Basic Average Shares": 55400000.0,
        "Diluted EPS": -0.56,
        "Basic EPS": -0.56,
        "Diluted NI Availto Com Stockholders": -30791000.0,
        "Net Income Common Stockholders": -30791000.0,
        "Net Income": -30791000.0,
        "Net Income Including Noncontrolling Interests": -30791000.0,
        "Net Income Continuous Operations": -30791000.0,
        "Tax Provision": -4933000.0,
        "Pretax Income": -35724000.0,
        "Other Income Expense": -21240000.0,
        "Other Non Operating Income Expenses": -1338000.0,
        "Special Income Charges": -19902000.0,
        "Restructuring And Mergern Acquisition": 19902000.0,
        "Operating Income": -14484000.0,
        "Operating Expense": 135033000.0,
        "Selling General And Administration": 135033000.0,
        "Selling And Marketing Expense": 48243000.0,
        "General And Administrative Expense": 86790000.0,
        "Other Gand A": 86790000.0,
        "Gross Profit": 120549000.0,
        "Cost Of Revenue": 374277000.0,
        "Total Revenue": 494826000.0,
        "Operating Revenue": 494826000.0
    }
}