{
    "2023-03-31": {
        "Tax Effect Of Unusual Items": NaN,
        "Tax Rate For Calcs": NaN,
        "Normalized EBITDA": NaN,
        "Total Unusual Items": NaN,
        "Total Unusual Items Excluding Goodwill": NaN,
        "Net Income From Continuing Operation Net Minority Interest": NaN,
        "Reconciled Depreciation": NaN,
        "Reconciled Cost Of Revenue": NaN,
        "EBITDA": NaN,
        "EBIT": NaN,
        "Net Interest Income": NaN,
        "Interest Expense": NaN,
        "Normalized Income": NaN,
        "Net Income From Continuing And Discontinued Operation": NaN,
        "Total Expenses": NaN,
        "Total Operating Income As Reported": NaN,
        "Diluted Average Shares": NaN,
        "Basic Average Shares": NaN,
        "Diluted EPS": NaN,
        "Basic EPS": NaN,
        "Diluted NI Availto Com Stockholders": NaN,
        "Net Income Common Stockholders": NaN,
        "Preferred Stock Dividends": NaN,
        "Net Income": NaN,
        "Minority Interests": NaN,
        "Net Income Including Noncontrolling Interests": NaN,
        "Net Income Continuous Operations": NaN,
        "Tax Provision": NaN,
        "Pretax Income": NaN,
        "Other Income Expense": NaN,
        "Other Non Operating Income Expenses": NaN,
        "Special Income Charges": 0.0,
        "Impairment Of Capital Assets": 0.0,
        "Restructuring And Mergern Acquisition": 0.0,
        "Gain On Sale Of Security": NaN,
        "Net Non Operating Interest Income Expense": NaN,
        "Interest Expense Non Operating": NaN,
        "Operating Income": NaN,
        "Operating Expense": NaN,
        "Research And Development": NaN,
        "Selling General And Administration": NaN,
        "Selling And Marketing Expense": NaN,
        "General And Administrative Expense": NaN,
        "Other Gand A": NaN,
        "Gross Profit": NaN,
        "Cost Of Revenue": NaN,
        "Total Revenue": NaN,
        "Operating Revenue": NaN
    },
    "2022-12-31": {
        "Tax Effect Of Unusual Items": NaN,
        "Tax Rate For Calcs": NaN,
        "Normalized EBITDA": NaN,
        "Total Unusual Items": NaN,
        "Total Unusual Items Excluding Goodwill": NaN,
        "Net Income From Continuing Operation Net Minority Interest": NaN,
        "Reconciled Depreciation": NaN,
        "Reconciled Cost Of Revenue": NaN,
        "EBITDA": NaN,
        "EBIT": NaN,
        "Net Interest Income": NaN,
        "Interest Expense": NaN,
        "Normalized Income": NaN,
        "Net Income From Continuing And Discontinued Operation": NaN,
        "Total Expenses": NaN,
        "Total Operating Income As Reported": NaN,
        "Diluted Average Shares": 183400046.0,
        "Basic Average Shares": 183400046.0,
        "Diluted EPS": -1.04,
        "Basic EPS": -1.04,
        "Diluted NI Availto Com Stockholders": NaN,
        "Net Income Common Stockholders": NaN,
        "Preferred Stock Dividends": NaN,
        "Net Income": NaN,
        "Minority Interests": NaN,
        "Net Income Including Noncontrolling Interests": NaN,
        "Net Income Continuous Operations": NaN,
        "Tax Provision": NaN,
        "Pretax Income": NaN,
        "Other Income Expense": NaN,
        "Other Non Operating Income Expenses": NaN,
        "Special Income Charges": NaN,
        "Impairment Of Capital Assets": NaN,
        "Restructuring And Mergern Acquisition": NaN,
        "Gain On Sale Of Security": NaN,
        "Net Non Operating Interest Income Expense": NaN,
        "Interest Expense Non Operating": NaN,
        "Operating Income": NaN,
        "Operating Expense": NaN,
        "Research And Development": NaN,
        "Selling General And Administration": NaN,
        "Selling And Marketing Expense": NaN,
        "General And Administrative Expense": NaN,
        "Other Gand A": NaN,
        "Gross Profit": NaN,
        "Cost Of Revenue": NaN,
        "Total Revenue": NaN,
        "Operating Revenue": NaN
    },
    "2022-09-30": {
        "Tax Effect Of Unusual Items": NaN,
        "Tax Rate For Calcs": NaN,
        "Normalized EBITDA": NaN,
        "Total Unusual Items": NaN,
        "Total Unusual Items Excluding Goodwill": NaN,
        "Net Income From Continuing Operation Net Minority Interest": NaN,
        "Reconciled Depreciation": NaN,
        "Reconciled Cost Of Revenue": NaN,
        "EBITDA": NaN,
        "EBIT": NaN,
        "Net Interest Income": NaN,
        "Interest Expense": NaN,
        "Normalized Income": NaN,
        "Net Income From Continuing And Discontinued Operation": NaN,
        "Total Expenses": NaN,
        "Total Operating Income As Reported": NaN,
        "Diluted Average Shares": 183316130.0,
        "Basic Average Shares": 183316130.0,
        "Diluted EPS": -1.92,
        "Basic EPS": -1.92,
        "Diluted NI Availto Com Stockholders": NaN,
        "Net Income Common Stockholders": NaN,
        "Preferred Stock Dividends": NaN,
        "Net Income": NaN,
        "Minority Interests": NaN,
        "Net Income Including Noncontrolling Interests": NaN,
        "Net Income Continuous Operations": NaN,
        "Tax Provision": NaN,
        "Pretax Income": NaN,
        "Other Income Expense": NaN,
        "Other Non Operating Income Expenses": NaN,
        "Special Income Charges": NaN,
        "Impairment Of Capital Assets": NaN,
        "Restructuring And Mergern Acquisition": NaN,
        "Gain On Sale Of Security": NaN,
        "Net Non Operating Interest Income Expense": NaN,
        "Interest Expense Non Operating": NaN,
        "Operating Income": NaN,
        "Operating Expense": NaN,
        "Research And Development": NaN,
        "Selling General And Administration": NaN,
        "Selling And Marketing Expense": NaN,
        "General And Administrative Expense": NaN,
        "Other Gand A": NaN,
        "Gross Profit": NaN,
        "Cost Of Revenue": NaN,
        "Total Revenue": NaN,
        "Operating Revenue": NaN
    },
    "2022-06-30": {
        "Tax Effect Of Unusual Items": 1454400.0,
        "Tax Rate For Calcs": 0.4,
        "Normalized EBITDA": 942287000.0,
        "Total Unusual Items": 3636000.0,
        "Total Unusual Items Excluding Goodwill": 3636000.0,
        "Net Income From Continuing Operation Net Minority Interest": -375357000.0,
        "Reconciled Depreciation": 791547000.0,
        "Reconciled Cost Of Revenue": 1841809000.0,
        "EBITDA": 945923000.0,
        "EBIT": 154376000.0,
        "Net Interest Income": -470838000.0,
        "Interest Expense": 470838000.0,
        "Normalized Income": -377538600.0,
        "Net Income From Continuing And Discontinued Operation": -375357000.0,
        "Total Expenses": 2177283000.0,
        "Total Operating Income As Reported": 133127000.0,
        "Diluted Average Shares": 182881485.0,
        "Basic Average Shares": 182881485.0,
        "Diluted EPS": -2.16,
        "Basic EPS": -2.16,
        "Diluted NI Availto Com Stockholders": -387875000.0,
        "Net Income Common Stockholders": -387875000.0,
        "Preferred Stock Dividends": 12518000.0,
        "Net Income": -375357000.0,
        "Minority Interests": -50000.0,
        "Net Income Including Noncontrolling Interests": -375307000.0,
        "Net Income Continuous Operations": -375307000.0,
        "Tax Provision": 58845000.0,
        "Pretax Income": -316462000.0,
        "Other Income Expense": 21249000.0,
        "Other Non Operating Income Expenses": 17613000.0,
        "Special Income Charges": NaN,
        "Impairment Of Capital Assets": NaN,
        "Restructuring And Mergern Acquisition": NaN,
        "Gain On Sale Of Security": 3636000.0,
        "Net Non Operating Interest Income Expense": -470838000.0,
        "Interest Expense Non Operating": 470838000.0,
        "Operating Income": 133127000.0,
        "Operating Expense": 335474000.0,
        "Research And Development": 9371000.0,
        "Selling General And Administration": 326103000.0,
        "Selling And Marketing Expense": 38924000.0,
        "General And Administrative Expense": 287179000.0,
        "Other Gand A": 287179000.0,
        "Gross Profit": 468601000.0,
        "Cost Of Revenue": 1841809000.0,
        "Total Revenue": 2310410000.0,
        "Operating Revenue": 2310410000.0
    },
    "2022-03-31": {
        "Diluted EPS": -0.48,
        "Total Revenue": 354,
        "Gross Profit": 77,
        "Operating Income": 21,
        "EBIT": 151,
        "Net Income": -91
    },
    "2021-09-30": {
        "Diluted EPS": -0.32,
        "Total Revenue": 320,
        "Gross Profit": 71,
        "Operating Income": 23,
        "EBIT": 137,
        "Net Income": -52
    },
    "2021-06-30": {
        "Diluted EPS": -0.24,
        "Total Revenue": 289,
        "Gross Profit": 68,
        "Operating Income": 23,
        "EBIT": 23,
        "Net Income": -50
    },
    "2020-12-31": {
        "Diluted EPS": -0.28,
        "Total Revenue": 242,
        "Gross Profit": 64,
        "Operating Income": 23,
        "EBIT": 101,
        "Net Income": -45
    },
    "2020-09-30": {
        "Diluted EPS": -0.24,
        "Total Revenue": 225,
        "Gross Profit": 60,
        "Operating Income": 23,
        "EBIT": 98,
        "Net Income": -31
    },
    "2020-06-30": {
        "Diluted EPS": -0.08,
        "Total Revenue": 190,
        "Gross Profit": 51,
        "Operating Income": 23,
        "EBIT": 85,
        "Net Income": -16
    },
    "2020-03-31": {
        "Diluted EPS": -0.08,
        "Total Revenue": 175,
        "Gross Profit": 49,
        "Operating Income": 27,
        "EBIT": 75,
        "Net Income": -15
    },
    "2019-12-31": {
        "Diluted EPS": -0.12,
        "Total Revenue": 171,
        "Gross Profit": 43,
        "Operating Income": 19,
        "EBIT": 71,
        "Net Income": -17
    },
    "2019-09-30": {
        "Diluted EPS": -0.16,
        "Total Revenue": 149,
        "Gross Profit": 38,
        "Operating Income": 18,
        "EBIT": 61,
        "Net Income": -17
    },
    "2019-06-30": {
        "Diluted EPS": -0.08,
        "Total Revenue": 144,
        "Gross Profit": 38,
        "Operating Income": 19,
        "EBIT": 63,
        "Net Income": -15
    },
    "2019-03-31": {
        "Diluted EPS": -0.16,
        "Total Revenue": 133,
        "Gross Profit": 32,
        "Operating Income": 13,
        "EBIT": 54,
        "Net Income": -23
    },
    "2018-12-31": {
        "Diluted EPS": -0.12,
        "Total Revenue": 125,
        "Gross Profit": 29,
        "Operating Income": 9,
        "EBIT": 52,
        "Net Income": -19
    },
    "2018-09-30": {
        "Diluted EPS": -0.16,
        "Total Revenue": 111,
        "Gross Profit": 25,
        "Operating Income": 7,
        "EBIT": 38,
        "Net Income": -17
    },
    "2018-06-30": {
        "Diluted EPS": -0.16,
        "Total Revenue": 96,
        "Gross Profit": 21,
        "Operating Income": 4,
        "EBIT": 29,
        "Net Income": -15
    },
    "2018-03-31": {
        "Diluted EPS": -0.08,
        "Total Revenue": 90,
        "Gross Profit": 20,
        "Operating Income": 5,
        "EBIT": 28,
        "Net Income": -14
    },
    "2017-12-31": {
        "Diluted EPS": -0.18,
        "Total Revenue": 75,
        "Gross Profit": 18,
        "Operating Income": 4,
        "EBIT": 25,
        "Net Income": -17
    },
    "2017-09-30": {
        "Diluted EPS": -0.16,
        "Total Revenue": 64,
        "Gross Profit": 15,
        "Operating Income": 2,
        "EBIT": 20,
        "Net Income": -14
    },
    "2017-06-30": {
        "Diluted EPS": -0.08,
        "Total Revenue": 50,
        "Gross Profit": 12,
        "Operating Income": 1,
        "EBIT": 14,
        "Net Income": -11
    },
    "2017-03-31": {
        "Diluted EPS": -0.08,
        "Total Revenue": 51,
        "Gross Profit": 15,
        "Operating Income": 5,
        "EBIT": 17,
        "Net Income": -6
    },
    "2016-12-31": {
        "Diluted EPS": 0.07,
        "Total Revenue": 46,
        "Gross Profit": 46,
        "Operating Income": 46,
        "EBIT": 58,
        "Net Income": -25
    },
    "2016-09-30": {
        "Diluted EPS": -0.48,
        "Total Revenue": 45,
        "Gross Profit": 11,
        "Operating Income": 2,
        "EBIT": 2,
        "Net Income": -13
    },
    "2016-06-30": {
        "Diluted EPS": -0.81,
        "Total Revenue": 36,
        "Gross Profit": 36,
        "Operating Income": 36,
        "EBIT": 36,
        "Net Income": -18
    },
    "2016-03-31": {
        "Diluted EPS": -0.4,
        "Total Revenue": 32,
        "Gross Profit": 32,
        "Operating Income": 32,
        "EBIT": 32,
        "Net Income": -6
    },
    "2015-12-31": {
        "Diluted EPS": -0.33,
        "Total Revenue": 33,
        "Gross Profit": 33,
        "Operating Income": 33,
        "EBIT": 33,
        "Net Income": -4
    },
    "2015-09-30": {
        "Diluted EPS": -0.31,
        "Total Revenue": 30,
        "Gross Profit": 30,
        "Operating Income": 30,
        "EBIT": 30,
        "Net Income": -4
    },
    "2023-06-30": {
        "Tax Effect Of Unusual Items": 1238250.0,
        "Tax Rate For Calcs": 0.25,
        "Normalized EBITDA": 1138584000.0,
        "Total Unusual Items": 4953000.0,
        "Total Unusual Items Excluding Goodwill": 4953000.0,
        "Net Income From Continuing Operation Net Minority Interest": -226576000.0,
        "Reconciled Depreciation": 874109000.0,
        "Reconciled Cost Of Revenue": 1921023000.0,
        "EBITDA": 1143537000.0,
        "EBIT": 269428000.0,
        "Net Interest Income": -469472000.0,
        "Interest Expense": 469472000.0,
        "Normalized Income": -230290750.0,
        "Net Income From Continuing And Discontinued Operation": -226576000.0,
        "Total Expenses": 2227788000.0,
        "Total Operating Income As Reported": 244232000.0,
        "Diluted Average Shares": 183400046.0,
        "Basic Average Shares": 183400046.0,
        "Diluted EPS": -1.28,
        "Basic EPS": -1.28,
        "Diluted NI Availto Com Stockholders": -239882000.0,
        "Net Income Common Stockholders": -239882000.0,
        "Preferred Stock Dividends": 13306000.0,
        "Net Income": -226576000.0,
        "Minority Interests": -1270000.0,
        "Net Income Including Noncontrolling Interests": -225306000.0,
        "Net Income Continuous Operations": -225306000.0,
        "Tax Provision": 25262000.0,
        "Pretax Income": -200044000.0,
        "Other Income Expense": 25196000.0,
        "Other Non Operating Income Expenses": 20243000.0,
        "Special Income Charges": NaN,
        "Impairment Of Capital Assets": NaN,
        "Restructuring And Mergern Acquisition": NaN,
        "Gain On Sale Of Security": 4953000.0,
        "Net Non Operating Interest Income Expense": -469472000.0,
        "Interest Expense Non Operating": 469472000.0,
        "Operating Income": 244232000.0,
        "Operating Expense": 306765000.0,
        "Research And Development": 5045000.0,
        "Selling General And Administration": 301720000.0,
        "Selling And Marketing Expense": 32193000.0,
        "General And Administrative Expense": 269527000.0,
        "Other Gand A": 269527000.0,
        "Gross Profit": 550997000.0,
        "Cost Of Revenue": 1921023000.0,
        "Total Revenue": 2472020000.0,
        "Operating Revenue": 2472020000.0
    },
    "2023-09-30": {
        "Tax Effect Of Unusual Items": NaN,
        "Tax Rate For Calcs": NaN,
        "Normalized EBITDA": NaN,
        "Total Unusual Items": NaN,
        "Total Unusual Items Excluding Goodwill": NaN,
        "Net Income From Continuing Operation Net Minority Interest": NaN,
        "Reconciled Depreciation": NaN,
        "Reconciled Cost Of Revenue": NaN,
        "EBITDA": NaN,
        "EBIT": NaN,
        "Net Interest Income": NaN,
        "Interest Expense": NaN,
        "Normalized Income": NaN,
        "Net Income From Continuing And Discontinued Operation": NaN,
        "Total Expenses": NaN,
        "Total Operating Income As Reported": NaN,
        "Diluted Average Shares": 183542109.0,
        "Basic Average Shares": 183542109.0,
        "Diluted EPS": -2.4,
        "Basic EPS": -2.4,
        "Diluted NI Availto Com Stockholders": NaN,
        "Net Income Common Stockholders": NaN,
        "Preferred Stock Dividends": NaN,
        "Net Income": NaN,
        "Minority Interests": NaN,
        "Net Income Including Noncontrolling Interests": NaN,
        "Net Income Continuous Operations": NaN,
        "Tax Provision": NaN,
        "Pretax Income": NaN,
        "Other Income Expense": NaN,
        "Other Non Operating Income Expenses": NaN,
        "Special Income Charges": NaN,
        "Impairment Of Capital Assets": NaN,
        "Gain On Sale Of Security": NaN,
        "Net Non Operating Interest Income Expense": NaN,
        "Interest Expense Non Operating": NaN,
        "Operating Income": NaN,
        "Operating Expense": NaN,
        "Research And Development": NaN,
        "Selling General And Administration": NaN,
        "Selling And Marketing Expense": NaN,
        "General And Administrative Expense": NaN,
        "Other Gand A": NaN,
        "Gross Profit": NaN,
        "Cost Of Revenue": NaN,
        "Total Revenue": NaN,
        "Operating Revenue": NaN
    },
    "2023-12-31": {
        "Tax Effect Of Unusual Items": NaN,
        "Tax Rate For Calcs": NaN,
        "Normalized EBITDA": NaN,
        "Total Unusual Items": NaN,
        "Total Unusual Items Excluding Goodwill": NaN,
        "Net Income From Continuing Operation Net Minority Interest": NaN,
        "Reconciled Depreciation": NaN,
        "Reconciled Cost Of Revenue": NaN,
        "EBITDA": NaN,
        "EBIT": NaN,
        "Net Interest Income": NaN,
        "Interest Expense": NaN,
        "Normalized Income": NaN,
        "Net Income From Continuing And Discontinued Operation": NaN,
        "Total Expenses": NaN,
        "Total Operating Income As Reported": NaN,
        "Diluted Average Shares": 183747752.0,
        "Basic Average Shares": 183747752.0,
        "Diluted EPS": -17.28,
        "Basic EPS": -17.28,
        "Diluted NI Availto Com Stockholders": NaN,
        "Net Income Common Stockholders": NaN,
        "Preferred Stock Dividends": NaN,
        "Net Income": NaN,
        "Minority Interests": NaN,
        "Net Income Including Noncontrolling Interests": NaN,
        "Net Income Discontinuous Operations": NaN,
        "Net Income Continuous Operations": NaN,
        "Earnings From Equity Interest Net Of Tax": NaN,
        "Tax Provision": NaN,
        "Pretax Income": NaN,
        "Other Income Expense": NaN,
        "Other Non Operating Income Expenses": NaN,
        "Special Income Charges": NaN,
        "Gain On Sale Of Business": NaN,
        "Impairment Of Capital Assets": NaN,
        "Gain On Sale Of Security": NaN,
        "Net Non Operating Interest Income Expense": NaN,
        "Interest Expense Non Operating": NaN,
        "Operating Income": NaN,
        "Operating Expense": NaN,
        "Research And Development": NaN,
        "Selling General And Administration": NaN,
        "Selling And Marketing Expense": NaN,
        "General And Administrative Expense": NaN,
        "Other Gand A": NaN,
        "Gross Profit": NaN,
        "Cost Of Revenue": NaN,
        "Total Revenue": NaN,
        "Operating Revenue": NaN
    },
    "2024-03-31": {
        "Tax Effect Of Unusual Items": NaN,
        "Tax Rate For Calcs": NaN,
        "Normalized EBITDA": NaN,
        "Total Unusual Items": NaN,
        "Total Unusual Items Excluding Goodwill": NaN,
        "Net Income From Continuing Operation Net Minority Interest": NaN,
        "Reconciled Depreciation": NaN,
        "Reconciled Cost Of Revenue": NaN,
        "EBITDA": NaN,
        "EBIT": NaN,
        "Net Interest Income": NaN,
        "Interest Expense": NaN,
        "Interest Income": 14690000.0,
        "Normalized Income": NaN,
        "Net Income From Continuing And Discontinued Operation": NaN,
        "Total Expenses": NaN,
        "Total Operating Income As Reported": NaN,
        "Diluted Average Shares": NaN,
        "Basic Average Shares": NaN,
        "Diluted EPS": NaN,
        "Basic EPS": NaN,
        "Diluted NI Availto Com Stockholders": NaN,
        "Average Dilution Earnings": 0.0,
        "Net Income Common Stockholders": NaN,
        "Otherunder Preferred Stock Dividend": 0.0,
        "Preferred Stock Dividends": NaN,
        "Net Income": NaN,
        "Minority Interests": NaN,
        "Net Income Including Noncontrolling Interests": NaN,
        "Net Income Discontinuous Operations": NaN,
        "Net Income Continuous Operations": NaN,
        "Earnings From Equity Interest Net Of Tax": NaN,
        "Tax Provision": NaN,
        "Pretax Income": NaN,
        "Other Income Expense": NaN,
        "Other Non Operating Income Expenses": NaN,
        "Special Income Charges": NaN,
        "Gain On Sale Of Business": NaN,
        "Impairment Of Capital Assets": 0.0,
        "Gain On Sale Of Security": NaN,
        "Net Non Operating Interest Income Expense": NaN,
        "Interest Expense Non Operating": NaN,
        "Interest Income Non Operating": 14690000.0,
        "Operating Income": NaN,
        "Operating Expense": NaN,
        "Other Operating Expenses": -5475000.0,
        "Depreciation Amortization Depletion Income Statement": 19391000.0,
        "Depreciation And Amortization In Income Statement": 19391000.0,
        "Depreciation Income Statement": 19391000.0,
        "Research And Development": NaN,
        "Selling General And Administration": NaN,
        "Selling And Marketing Expense": NaN,
        "General And Administrative Expense": NaN,
        "Other Gand A": NaN,
        "Gross Profit": NaN,
        "Cost Of Revenue": NaN,
        "Total Revenue": NaN,
        "Operating Revenue": NaN
    },
    "2024-06-30": {
        "Tax Effect Of Unusual Items": NaN,
        "Tax Rate For Calcs": NaN,
        "Normalized EBITDA": NaN,
        "Total Unusual Items": NaN,
        "Total Unusual Items Excluding Goodwill": NaN,
        "Net Income From Continuing Operation Net Minority Interest": NaN,
        "Reconciled Depreciation": NaN,
        "Reconciled Cost Of Revenue": NaN,
        "EBITDA": NaN,
        "EBIT": NaN,
        "Net Interest Income": NaN,
        "Interest Expense": NaN,
        "Interest Income": NaN,
        "Normalized Income": NaN,
        "Net Income From Continuing And Discontinued Operation": NaN,
        "Total Expenses": NaN,
        "Total Operating Income As Reported": NaN,
        "Diluted Average Shares": NaN,
        "Basic Average Shares": NaN,
        "Diluted EPS": NaN,
        "Basic EPS": NaN,
        "Diluted NI Availto Com Stockholders": NaN,
        "Average Dilution Earnings": NaN,
        "Net Income Common Stockholders": NaN,
        "Otherunder Preferred Stock Dividend": NaN,
        "Preferred Stock Dividends": NaN,
        "Net Income": NaN,
        "Minority Interests": NaN,
        "Net Income Including Noncontrolling Interests": NaN,
        "Net Income Discontinuous Operations": -58923000.0,
        "Net Income Continuous Operations": NaN,
        "Earnings From Equity Interest Net Of Tax": 0.0,
        "Tax Provision": NaN,
        "Pretax Income": NaN,
        "Other Income Expense": NaN,
        "Other Non Operating Income Expenses": NaN,
        "Special Income Charges": 0.0,
        "Gain On Sale Of Business": 0.0,
        "Gain On Sale Of Security": NaN,
        "Net Non Operating Interest Income Expense": NaN,
        "Interest Expense Non Operating": NaN,
        "Interest Income Non Operating": NaN,
        "Operating Income": NaN,
        "Operating Expense": NaN,
        "Other Operating Expenses": NaN,
        "Depreciation Amortization Depletion Income Statement": NaN,
        "Depreciation And Amortization In Income Statement": NaN,
        "Depreciation Income Statement": NaN,
        "Research And Development": NaN,
        "Selling General And Administration": NaN,
        "Selling And Marketing Expense": NaN,
        "General And Administrative Expense": NaN,
        "Other Gand A": NaN,
        "Gross Profit": NaN,
        "Cost Of Revenue": NaN,
        "Total Revenue": NaN,
        "Operating Revenue": NaN
    },
    "2024-09-30": {
        "Tax Effect Of Unusual Items": 1333.451372,
        "Tax Rate For Calcs": 0.002276,
        "Normalized EBITDA": 1113783000.0,
        "Total Unusual Items": 586000.0,
        "Total Unusual Items Excluding Goodwill": 586000.0,
        "Net Income From Continuing Operation Net Minority Interest": -113377000.0,
        "Reconciled Depreciation": 803535000.0,
        "Reconciled Cost Of Revenue": 2061995000.0,
        "EBITDA": 1114369000.0,
        "EBIT": 310834000.0,
        "Net Interest Income": -463327000.0,
        "Interest Expense": 463327000.0,
        "Interest Income": NaN,
        "Normalized Income": -113961666.548628,
        "Net Income From Continuing And Discontinued Operation": -192340000.0,
        "Total Expenses": 2314331000.0,
        "Total Operating Income As Reported": 305247000.0,
        "Diluted Average Shares": 184516266.0,
        "Basic Average Shares": 184516266.0,
        "Diluted EPS": -1.12,
        "Basic EPS": -1.12,
        "Diluted NI Availto Com Stockholders": -205958000.0,
        "Average Dilution Earnings": NaN,
        "Net Income Common Stockholders": -205958000.0,
        "Otherunder Preferred Stock Dividend": NaN,
        "Preferred Stock Dividends": 13618000.0,
        "Net Income": -192340000.0,
        "Minority Interests": 38769000.0,
        "Net Income Including Noncontrolling Interests": -231109000.0,
        "Net Income Discontinuous Operations": -78963000.0,
        "Net Income Continuous Operations": -152146000.0,
        "Earnings From Equity Interest Net Of Tax": 0.0,
        "Tax Provision": -347000.0,
        "Pretax Income": -152493000.0,
        "Other Income Expense": 5587000.0,
        "Other Non Operating Income Expenses": 5001000.0,
        "Special Income Charges": 0.0,
        "Gain On Sale Of Business": 0.0,
        "Gain On Sale Of Security": 586000.0,
        "Net Non Operating Interest Income Expense": -463327000.0,
        "Interest Expense Non Operating": 463327000.0,
        "Interest Income Non Operating": NaN,
        "Operating Income": 305247000.0,
        "Operating Expense": 252336000.0,
        "Other Operating Expenses": NaN,
        "Depreciation Amortization Depletion Income Statement": NaN,
        "Depreciation And Amortization In Income Statement": NaN,
        "Depreciation Income Statement": NaN,
        "Research And Development": 8588000.0,
        "Selling General And Administration": 243748000.0,
        "Selling And Marketing Expense": 32356000.0,
        "General And Administrative Expense": 211392000.0,
        "Other Gand A": 211392000.0,
        "Gross Profit": 557583000.0,
        "Cost Of Revenue": 2061995000.0,
        "Total Revenue": 2619578000.0,
        "Operating Revenue": 2619578000.0
    },
    "2024-12-31": {
        "Tax Effect Of Unusual Items": 11035000.0,
        "Tax Rate For Calcs": 0.25,
        "Normalized EBITDA": 1128414000.0,
        "Total Unusual Items": 44140000.0,
        "Total Unusual Items Excluding Goodwill": 44140000.0,
        "Net Income From Continuing Operation Net Minority Interest": -13213000.0,
        "Reconciled Depreciation": 710949000.0,
        "Reconciled Cost Of Revenue": 1548410000.0,
        "EBITDA": 1172554000.0,
        "EBIT": 461605000.0,
        "Net Interest Income": -291136000.0,
        "Interest Expense": 380916000.0,
        "Interest Income": NaN,
        "Normalized Income": -46318000.0,
        "Net Income From Continuing And Discontinued Operation": 4189294000.0,
        "Total Expenses": 1578488000.0,
        "Total Operating Income As Reported": 296878000.0,
        "Diluted Average Shares": 185510398.0,
        "Basic Average Shares": 185510398.0,
        "Diluted EPS": 22.48,
        "Basic EPS": 22.48,
        "Diluted NI Availto Com Stockholders": 4175615000.0,
        "Average Dilution Earnings": NaN,
        "Net Income Common Stockholders": 4175615000.0,
        "Otherunder Preferred Stock Dividend": NaN,
        "Preferred Stock Dividends": 13679000.0,
        "Net Income": 4189294000.0,
        "Minority Interests": -50109000.0,
        "Net Income Including Noncontrolling Interests": 4239403000.0,
        "Net Income Discontinuous Operations": NaN,
        "Net Income Continuous Operations": 36896000.0,
        "Earnings From Equity Interest Net Of Tax": NaN,
        "Tax Provision": 43793000.0,
        "Pretax Income": 80689000.0,
        "Other Income Expense": 47694000.0,
        "Other Non Operating Income Expenses": 3554000.0,
        "Special Income Charges": NaN,
        "Gain On Sale Of Business": NaN,
        "Gain On Sale Of Security": 44140000.0,
        "Net Non Operating Interest Income Expense": -291136000.0,
        "Interest Expense Non Operating": 380916000.0,
        "Interest Income Non Operating": NaN,
        "Operating Income": 324131000.0,
        "Operating Expense": 30078000.0,
        "Other Operating Expenses": NaN,
        "Depreciation Amortization Depletion Income Statement": NaN,
        "Depreciation And Amortization In Income Statement": NaN,
        "Depreciation Income Statement": NaN,
        "Research And Development": 6822000.0,
        "Selling General And Administration": 50509000.0,
        "Selling And Marketing Expense": 21276000.0,
        "General And Administrative Expense": 29233000.0,
        "Other Gand A": 29233000.0,
        "Gross Profit": 354209000.0,
        "Cost Of Revenue": 1548410000.0,
        "Total Revenue": 1902619000.0,
        "Operating Revenue": 1902619000.0
    },
    "2025-03-31": {
        "Tax Effect Of Unusual Items": 213106149.692337,
        "Tax Rate For Calcs": 0.201412,
        "Normalized EBITDA": 1247064000.0,
        "Total Unusual Items": 1058063000.0,
        "Total Unusual Items Excluding Goodwill": 1058063000.0,
        "Net Income From Continuing Operation Net Minority Interest": 763021000.0,
        "Reconciled Depreciation": 856519000.0,
        "Reconciled Cost Of Revenue": 1237316000.0,
        "EBITDA": 2305127000.0,
        "EBIT": 1448608000.0,
        "Net Interest Income": -441477000.0,
        "Interest Expense": 457101000.0,
        "Interest Income": 15624000.0,
        "Normalized Income": -81935850.307663,
        "Net Income From Continuing And Discontinued Operation": 763021000.0,
        "Total Expenses": 2354866000.0,
        "Total Operating Income As Reported": 365236000.0,
        "Diluted Average Shares": 224709471.0,
        "Basic Average Shares": 185532131.0,
        "Diluted EPS": 3.44,
        "Basic EPS": 3.92,
        "Diluted NI Availto Com Stockholders": 778747000.0,
        "Average Dilution Earnings": 53720000.0,
        "Net Income Common Stockholders": 725027000.0,
        "Otherunder Preferred Stock Dividend": 24539000.0,
        "Preferred Stock Dividends": 13455000.0,
        "Net Income": 763021000.0,
        "Minority Interests": -1053000.0,
        "Net Income Including Noncontrolling Interests": 764074000.0,
        "Net Income Discontinuous Operations": 0.0,
        "Net Income Continuous Operations": 764074000.0,
        "Earnings From Equity Interest Net Of Tax": -27732000.0,
        "Tax Provision": 199701000.0,
        "Pretax Income": 991507000.0,
        "Other Income Expense": 1064692000.0,
        "Other Non Operating Income Expenses": 6629000.0,
        "Special Income Charges": 1057045000.0,
        "Gain On Sale Of Business": 1057045000.0,
        "Gain On Sale Of Security": 1018000.0,
        "Net Non Operating Interest Income Expense": -441477000.0,
        "Interest Expense Non Operating": 457101000.0,
        "Interest Income Non Operating": 15624000.0,
        "Operating Income": 368292000.0,
        "Operating Expense": 276533000.0,
        "Other Operating Expenses": -3056000.0,
        "Depreciation Amortization Depletion Income Statement": 15502000.0,
        "Depreciation And Amortization In Income Statement": 15502000.0,
        "Depreciation Income Statement": 15502000.0,
        "Research And Development": 7889000.0,
        "Selling General And Administration": 256198000.0,
        "Selling And Marketing Expense": 32764000.0,
        "General And Administrative Expense": 223434000.0,
        "Other Gand A": 223434000.0,
        "Gross Profit": 644825000.0,
        "Cost Of Revenue": 2078333000.0,
        "Total Revenue": 2723158000.0,
        "Operating Revenue": 2723158000.0
    },
    "2025-06-30": {
        "Tax Effect Of Unusual Items": 344000.0,
        "Tax Rate For Calcs": 0.25,
        "Normalized EBITDA": 1280447000.0,
        "Total Unusual Items": 1376000.0,
        "Total Unusual Items Excluding Goodwill": 1376000.0,
        "Net Income From Continuing Operation Net Minority Interest": -72300000.0,
        "Reconciled Depreciation": 856615000.0,
        "Reconciled Cost Of Revenue": 2211362000.0,
        "EBITDA": 1281823000.0,
        "EBIT": 425208000.0,
        "Net Interest Income": -404989000.0,
        "Interest Expense": 404989000.0,
        "Interest Income": NaN,
        "Normalized Income": -73332000.0,
        "Net Income From Continuing And Discontinued Operation": -72300000.0,
        "Total Expenses": 2485701000.0,
        "Total Operating Income As Reported": 414587000.0,
        "Diluted Average Shares": 187609110.0,
        "Basic Average Shares": 187609110.0,
        "Diluted EPS": -0.48,
        "Basic EPS": -0.48,
        "Diluted NI Availto Com Stockholders": -85921000.0,
        "Average Dilution Earnings": NaN,
        "Net Income Common Stockholders": -85921000.0,
        "Otherunder Preferred Stock Dividend": NaN,
        "Preferred Stock Dividends": 13621000.0,
        "Net Income": -72300000.0,
        "Minority Interests": -1716000.0,
        "Net Income Including Noncontrolling Interests": -70584000.0,
        "Net Income Discontinuous Operations": 0.0,
        "Net Income Continuous Operations": -70584000.0,
        "Earnings From Equity Interest Net Of Tax": -25945000.0,
        "Tax Provision": 64858000.0,
        "Pretax Income": 20219000.0,
        "Other Income Expense": 10621000.0,
        "Other Non Operating Income Expenses": 9245000.0,
        "Special Income Charges": 0.0,
        "Gain On Sale Of Business": 0.0,
        "Gain On Sale Of Security": 1376000.0,
        "Net Non Operating Interest Income Expense": -404989000.0,
        "Interest Expense Non Operating": 404989000.0,
        "Interest Income Non Operating": NaN,
        "Operating Income": 414587000.0,
        "Operating Expense": 274339000.0,
        "Other Operating Expenses": NaN,
        "Depreciation Amortization Depletion Income Statement": NaN,
        "Depreciation And Amortization In Income Statement": NaN,
        "Depreciation Income Statement": NaN,
        "Research And Development": 8826000.0,
        "Selling General And Administration": 265513000.0,
        "Selling And Marketing Expense": 33977000.0,
        "General And Administrative Expense": 231536000.0,
        "Other Gand A": 231536000.0,
        "Gross Profit": 688926000.0,
        "Cost Of Revenue": 2211362000.0,
        "Total Revenue": 2900288000.0,
        "Operating Revenue": 2900288000.0
    },
    "2025-09-30": {
        "Tax Effect Of Unusual Items": 181478406.314726,
        "Tax Rate For Calcs": 0.132596,
        "Normalized EBITDA": 1239394000.0,
        "Total Unusual Items": 1368660000.0,
        "Total Unusual Items Excluding Goodwill": 1368660000.0,
        "Net Income From Continuing Operation Net Minority Interest": 725975000.0,
        "Reconciled Depreciation": 860931000.0,
        "Reconciled Cost Of Revenue": 2247889000.0,
        "EBITDA": 2608054000.0,
        "EBIT": 1747123000.0,
        "Net Interest Income": -375472000.0,
        "Interest Expense": 375472000.0,
        "Interest Income": NaN,
        "Normalized Income": -461206593.685274,
        "Net Income From Continuing And Discontinued Operation": 725975000.0,
        "Total Expenses": 2524731000.0,
        "Total Operating Income As Reported": 362395000.0,
        "Diluted Average Shares": 248032048.0,
        "Basic Average Shares": 192713153.0,
        "Diluted EPS": 3.2,
        "Basic EPS": 3.68,
        "Diluted NI Availto Com Stockholders": 712312000.0,
        "Average Dilution Earnings": NaN,
        "Net Income Common Stockholders": 712312000.0,
        "Otherunder Preferred Stock Dividend": NaN,
        "Preferred Stock Dividends": 13663000.0,
        "Net Income": 725975000.0,
        "Minority Interests": -2657000.0,
        "Net Income Including Noncontrolling Interests": 728632000.0,
        "Net Income Discontinuous Operations": 0.0,
        "Net Income Continuous Operations": 728632000.0,
        "Earnings From Equity Interest Net Of Tax": -461144000.0,
        "Tax Provision": 181875000.0,
        "Pretax Income": 1371651000.0,
        "Other Income Expense": 1384728000.0,
        "Other Non Operating Income Expenses": 16068000.0,
        "Special Income Charges": 1369304000.0,
        "Gain On Sale Of Business": 1369304000.0,
        "Gain On Sale Of Security": -644000.0,
        "Net Non Operating Interest Income Expense": -375472000.0,
        "Interest Expense Non Operating": 375472000.0,
        "Interest Income Non Operating": NaN,
        "Operating Income": 362395000.0,
        "Operating Expense": 276842000.0,
        "Other Operating Expenses": NaN,
        "Depreciation Amortization Depletion Income Statement": NaN,
        "Depreciation And Amortization In Income Statement": NaN,
        "Depreciation Income Statement": NaN,
        "Research And Development": 8253000.0,
        "Selling General And Administration": 268589000.0,
        "Selling And Marketing Expense": 40232000.0,
        "General And Administrative Expense": 228357000.0,
        "Other Gand A": 228357000.0,
        "Gross Profit": 639237000.0,
        "Cost Of Revenue": 2247889000.0,
        "Total Revenue": 2887126000.0,
        "Operating Revenue": 2887126000.0
    }
}