{
    "2023-03-31": {
        "Tax Effect Of Unusual Items": 0.0,
        "Tax Rate For Calcs": 0.21,
        "Normalized EBITDA": -3697000.0,
        "Net Income From Continuing Operation Net Minority Interest": -7970000.0,
        "Reconciled Depreciation": 2295000.0,
        "Reconciled Cost Of Revenue": 51505000.0,
        "EBITDA": -3697000.0,
        "EBIT": -5992000.0,
        "Normalized Income": -7970000.0,
        "Net Income From Continuing And Discontinued Operation": -7970000.0,
        "Total Expenses": 86072000.0,
        "Total Operating Income As Reported": -5992000.0,
        "Diluted Average Shares": 74459000.0,
        "Basic Average Shares": 74459000.0,
        "Diluted EPS": -0.11,
        "Basic EPS": -0.11,
        "Diluted NI Availto Com Stockholders": -7970000.0,
        "Net Income Common Stockholders": -7970000.0,
        "Net Income": -7970000.0,
        "Net Income Including Noncontrolling Interests": -7970000.0,
        "Net Income Continuous Operations": -7970000.0,
        "Tax Provision": 3660000.0,
        "Pretax Income": -4310000.0,
        "Other Income Expense": 1682000.0,
        "Other Non Operating Income Expenses": 1682000.0,
        "Operating Income": -5992000.0,
        "Operating Expense": 34567000.0,
        "Research And Development": 4203000.0,
        "Selling General And Administration": 30364000.0,
        "Selling And Marketing Expense": 5634000.0,
        "General And Administrative Expense": 24730000.0,
        "Other Gand A": 24730000.0,
        "Gross Profit": 28575000.0,
        "Cost Of Revenue": 51505000.0,
        "Total Revenue": 80080000.0,
        "Operating Revenue": 80080000.0
    },
    "2022-12-31": {
        "Tax Effect Of Unusual Items": 0.0,
        "Tax Rate For Calcs": 0.21,
        "Normalized EBITDA": -3090000.0,
        "Net Income From Continuing Operation Net Minority Interest": -6702000.0,
        "Reconciled Depreciation": 2522000.0,
        "Reconciled Cost Of Revenue": 48296000.0,
        "EBITDA": -3090000.0,
        "EBIT": -5612000.0,
        "Normalized Income": -6702000.0,
        "Net Income From Continuing And Discontinued Operation": -6702000.0,
        "Total Expenses": 86188000.0,
        "Total Operating Income As Reported": -5612000.0,
        "Diluted Average Shares": 74036000.0,
        "Basic Average Shares": 74036000.0,
        "Diluted EPS": -0.09,
        "Basic EPS": -0.09,
        "Diluted NI Availto Com Stockholders": -6702000.0,
        "Net Income Common Stockholders": -6702000.0,
        "Net Income": -6702000.0,
        "Net Income Including Noncontrolling Interests": -6702000.0,
        "Net Income Continuous Operations": -6702000.0,
        "Tax Provision": 1521000.0,
        "Pretax Income": -5181000.0,
        "Other Income Expense": 431000.0,
        "Other Non Operating Income Expenses": 431000.0,
        "Operating Income": -5612000.0,
        "Operating Expense": 37892000.0,
        "Research And Development": 4697000.0,
        "Selling General And Administration": 33195000.0,
        "Selling And Marketing Expense": 5377000.0,
        "General And Administrative Expense": 27818000.0,
        "Other Gand A": 27818000.0,
        "Gross Profit": 32280000.0,
        "Cost Of Revenue": 48296000.0,
        "Total Revenue": 80576000.0,
        "Operating Revenue": 80576000.0
    },
    "2022-09-30": {
        "Tax Effect Of Unusual Items": 0.0,
        "Tax Rate For Calcs": 0.4,
        "Normalized EBITDA": -2336000.0,
        "Net Income From Continuing Operation Net Minority Interest": -6659000.0,
        "Reconciled Depreciation": 2414000.0,
        "Reconciled Cost Of Revenue": 48491000.0,
        "EBITDA": -2336000.0,
        "EBIT": -4750000.0,
        "Normalized Income": -6659000.0,
        "Net Income From Continuing And Discontinued Operation": -6659000.0,
        "Total Expenses": 85911000.0,
        "Total Operating Income As Reported": -4750000.0,
        "Diluted Average Shares": 68623000.0,
        "Basic Average Shares": 68623000.0,
        "Diluted EPS": -0.1,
        "Basic EPS": -0.1,
        "Diluted NI Availto Com Stockholders": -6659000.0,
        "Net Income Common Stockholders": -6659000.0,
        "Net Income": -6659000.0,
        "Net Income Including Noncontrolling Interests": -6659000.0,
        "Net Income Continuous Operations": -6659000.0,
        "Tax Provision": 3359000.0,
        "Pretax Income": -3300000.0,
        "Other Income Expense": 1450000.0,
        "Other Non Operating Income Expenses": 1450000.0,
        "Operating Income": -4750000.0,
        "Operating Expense": 37420000.0,
        "Research And Development": 4139000.0,
        "Selling General And Administration": 33281000.0,
        "Selling And Marketing Expense": 5084000.0,
        "General And Administrative Expense": 28197000.0,
        "Other Gand A": 28197000.0,
        "Gross Profit": 32670000.0,
        "Cost Of Revenue": 48491000.0,
        "Total Revenue": 81161000.0,
        "Operating Revenue": 81161000.0
    },
    "2022-06-30": {
        "Tax Effect Of Unusual Items": 0.0,
        "Tax Rate For Calcs": 0.4,
        "Normalized EBITDA": -8363000.0,
        "Net Income From Continuing Operation Net Minority Interest": -13186000.0,
        "Reconciled Depreciation": 2486000.0,
        "Reconciled Cost Of Revenue": 48474000.0,
        "EBITDA": -8363000.0,
        "EBIT": -10849000.0,
        "Normalized Income": -13186000.0,
        "Net Income From Continuing And Discontinued Operation": -13186000.0,
        "Total Expenses": 88184000.0,
        "Total Operating Income As Reported": -10849000.0,
        "Diluted Average Shares": 67136000.0,
        "Basic Average Shares": 67136000.0,
        "Diluted EPS": -0.2,
        "Basic EPS": -0.2,
        "Diluted NI Availto Com Stockholders": -13186000.0,
        "Net Income Common Stockholders": -13186000.0,
        "Net Income": -13186000.0,
        "Net Income Including Noncontrolling Interests": -13186000.0,
        "Net Income Continuous Operations": -13186000.0,
        "Tax Provision": 1711000.0,
        "Pretax Income": -11475000.0,
        "Other Income Expense": -626000.0,
        "Other Non Operating Income Expenses": -626000.0,
        "Operating Income": -10849000.0,
        "Operating Expense": 39710000.0,
        "Research And Development": 3840000.0,
        "Selling General And Administration": 35870000.0,
        "Selling And Marketing Expense": 5132000.0,
        "General And Administrative Expense": 30738000.0,
        "Other Gand A": 30738000.0,
        "Gross Profit": 28861000.0,
        "Cost Of Revenue": 48474000.0,
        "Total Revenue": 77335000.0,
        "Operating Revenue": 77335000.0
    },
    "2022-03-31": {
        "Diluted EPS": -0.04,
        "Total Revenue": 71,
        "Gross Profit": 27,
        "Operating Income": 0,
        "EBIT": 2,
        "Net Income": -3
    },
    "2021-12-31": {
        "Diluted EPS": -0.05,
        "Total Revenue": 67,
        "Gross Profit": 27,
        "Operating Income": -2,
        "EBIT": 0,
        "Net Income": -4
    },
    "2021-09-30": {
        "Diluted EPS": -0.01,
        "Total Revenue": 58,
        "Gross Profit": 25,
        "Operating Income": 2,
        "EBIT": 3,
        "Net Income": -1
    },
    "2021-06-30": {
        "Diluted EPS": -0.03,
        "Total Revenue": 48,
        "Gross Profit": 20,
        "Operating Income": 1,
        "EBIT": 3,
        "Net Income": -1
    },
    "2021-03-31": {
        "Diluted EPS": -0.04,
        "Total Revenue": 39,
        "Gross Profit": 15,
        "Operating Income": -2,
        "EBIT": -1,
        "Net Income": -2
    },
    "2020-12-31": {
        "Diluted EPS": -0.06,
        "Total Revenue": 30,
        "Gross Profit": 12,
        "Operating Income": -4,
        "EBIT": -3,
        "Net Income": -5
    },
    "2020-09-30": {
        "Diluted EPS": -0.02,
        "Total Revenue": 26,
        "Gross Profit": 11,
        "Operating Income": -2,
        "EBIT": -1,
        "Net Income": -1
    },
    "2020-06-30": {
        "Diluted EPS": -0.04,
        "Total Revenue": 22,
        "Gross Profit": 8,
        "Operating Income": -3,
        "EBIT": -3,
        "Net Income": -2
    },
    "2020-03-31": {
        "Diluted EPS": -0.16,
        "Total Revenue": 32,
        "Gross Profit": 10,
        "Operating Income": -7,
        "EBIT": -6,
        "Net Income": -5
    },
    "2019-12-31": {
        "Diluted EPS": 0.09,
        "Total Revenue": 32,
        "Gross Profit": 13,
        "Operating Income": 4,
        "EBIT": 5,
        "Net Income": 2
    },
    "2019-09-30": {
        "Diluted EPS": 0.2,
        "Total Revenue": 31,
        "Gross Profit": 14,
        "Operating Income": 6,
        "EBIT": 6,
        "Net Income": 4
    },
    "2019-06-30": {
        "Diluted EPS": 0.16,
        "Total Revenue": 29,
        "Gross Profit": 11,
        "Operating Income": 5,
        "EBIT": 5,
        "Net Income": 4
    },
    "2019-03-31": {
        "Diluted EPS": 0.04,
        "Total Revenue": 26,
        "Gross Profit": 10,
        "Operating Income": 1,
        "EBIT": 2,
        "Net Income": 1
    },
    "2018-12-31": {
        "Diluted EPS": 0.0,
        "Total Revenue": NaN,
        "Gross Profit": NaN,
        "Operating Income": NaN,
        "EBIT": NaN,
        "Net Income": NaN
    },
    "2018-09-30": {
        "Diluted EPS": 0.0,
        "Total Revenue": NaN,
        "Gross Profit": NaN,
        "Operating Income": 0,
        "EBIT": 0,
        "Net Income": 0
    },
    "2023-06-30": {
        "Tax Effect Of Unusual Items": 0.0,
        "Tax Rate For Calcs": 0.395,
        "Normalized EBITDA": 4235000.0,
        "Net Income From Continuing Operation Net Minority Interest": 2627000.0,
        "Reconciled Depreciation": 2901000.0,
        "Reconciled Cost Of Revenue": 49037000.0,
        "EBITDA": 4235000.0,
        "EBIT": 1334000.0,
        "Normalized Income": 2627000.0,
        "Net Income From Continuing And Discontinued Operation": 2627000.0,
        "Total Expenses": 76008000.0,
        "Total Operating Income As Reported": 1334000.0,
        "Diluted Average Shares": 76850000.0,
        "Basic Average Shares": 75145000.0,
        "Diluted EPS": 0.03,
        "Basic EPS": 0.03,
        "Diluted NI Availto Com Stockholders": 2627000.0,
        "Net Income Common Stockholders": 2627000.0,
        "Net Income": 2627000.0,
        "Net Income Including Noncontrolling Interests": 2627000.0,
        "Net Income Continuous Operations": 2627000.0,
        "Tax Provision": 1715000.0,
        "Pretax Income": 4342000.0,
        "Other Income Expense": 3008000.0,
        "Other Non Operating Income Expenses": 3008000.0,
        "Operating Income": 1334000.0,
        "Operating Expense": 26971000.0,
        "Research And Development": 3273000.0,
        "Selling General And Administration": 23698000.0,
        "Selling And Marketing Expense": 5963000.0,
        "General And Administrative Expense": 17735000.0,
        "Other Gand A": 17735000.0,
        "Gross Profit": 28305000.0,
        "Cost Of Revenue": 49037000.0,
        "Total Revenue": 77342000.0,
        "Operating Revenue": 77342000.0
    },
    "2023-09-30": {
        "Tax Effect Of Unusual Items": NaN,
        "Tax Rate For Calcs": NaN,
        "Normalized EBITDA": NaN,
        "Net Income From Continuing Operation Net Minority Interest": NaN,
        "Reconciled Depreciation": NaN,
        "Reconciled Cost Of Revenue": NaN,
        "EBITDA": NaN,
        "EBIT": NaN,
        "Normalized Income": NaN,
        "Net Income From Continuing And Discontinued Operation": NaN,
        "Total Expenses": NaN,
        "Total Operating Income As Reported": NaN,
        "Diluted Average Shares": NaN,
        "Basic Average Shares": NaN,
        "Diluted EPS": NaN,
        "Basic EPS": NaN,
        "Diluted NI Availto Com Stockholders": NaN,
        "Net Income Common Stockholders": NaN,
        "Net Income": NaN,
        "Net Income Including Noncontrolling Interests": NaN,
        "Net Income Continuous Operations": NaN,
        "Tax Provision": NaN,
        "Pretax Income": NaN,
        "Other Income Expense": 3159000.0,
        "Other Non Operating Income Expenses": 3159000.0,
        "Operating Income": NaN,
        "Operating Expense": NaN,
        "Research And Development": NaN,
        "Selling General And Administration": NaN,
        "Selling And Marketing Expense": NaN,
        "General And Administrative Expense": NaN,
        "Other Gand A": NaN,
        "Gross Profit": NaN,
        "Cost Of Revenue": NaN,
        "Total Revenue": NaN,
        "Operating Revenue": NaN
    },
    "2023-12-31": {
        "Tax Effect Of Unusual Items": NaN,
        "Tax Rate For Calcs": NaN,
        "Normalized EBITDA": NaN,
        "Net Income From Continuing Operation Net Minority Interest": NaN,
        "Reconciled Depreciation": NaN,
        "Reconciled Cost Of Revenue": NaN,
        "EBITDA": NaN,
        "EBIT": NaN,
        "Normalized Income": NaN,
        "Net Income From Continuing And Discontinued Operation": NaN,
        "Total Expenses": NaN,
        "Total Operating Income As Reported": NaN,
        "Diluted Average Shares": NaN,
        "Basic Average Shares": NaN,
        "Diluted EPS": NaN,
        "Basic EPS": NaN,
        "Diluted NI Availto Com Stockholders": NaN,
        "Net Income Common Stockholders": NaN,
        "Net Income": NaN,
        "Net Income Including Noncontrolling Interests": NaN,
        "Net Income Continuous Operations": NaN,
        "Tax Provision": NaN,
        "Pretax Income": NaN,
        "Other Income Expense": 2569000.0,
        "Other Non Operating Income Expenses": 2569000.0,
        "Operating Income": NaN,
        "Operating Expense": NaN,
        "Research And Development": NaN,
        "Selling General And Administration": NaN,
        "Selling And Marketing Expense": NaN,
        "General And Administrative Expense": NaN,
        "Other Gand A": NaN,
        "Gross Profit": NaN,
        "Cost Of Revenue": NaN,
        "Total Revenue": NaN,
        "Operating Revenue": NaN
    },
    "2024-03-31": {
        "Tax Effect Of Unusual Items": NaN,
        "Tax Rate For Calcs": NaN,
        "Normalized EBITDA": NaN,
        "Net Income From Continuing Operation Net Minority Interest": NaN,
        "Reconciled Depreciation": NaN,
        "Reconciled Cost Of Revenue": NaN,
        "EBITDA": NaN,
        "EBIT": NaN,
        "Normalized Income": NaN,
        "Net Income From Continuing And Discontinued Operation": NaN,
        "Total Expenses": NaN,
        "Total Operating Income As Reported": NaN,
        "Diluted Average Shares": NaN,
        "Basic Average Shares": NaN,
        "Diluted EPS": NaN,
        "Basic EPS": NaN,
        "Diluted NI Availto Com Stockholders": NaN,
        "Net Income Common Stockholders": NaN,
        "Net Income": NaN,
        "Net Income Including Noncontrolling Interests": NaN,
        "Net Income Continuous Operations": NaN,
        "Tax Provision": NaN,
        "Pretax Income": NaN,
        "Other Income Expense": 2525000.0,
        "Other Non Operating Income Expenses": 2525000.0,
        "Operating Income": NaN,
        "Operating Expense": NaN,
        "Research And Development": NaN,
        "Selling General And Administration": NaN,
        "Selling And Marketing Expense": NaN,
        "General And Administrative Expense": NaN,
        "Other Gand A": NaN,
        "Gross Profit": NaN,
        "Cost Of Revenue": NaN,
        "Total Revenue": NaN,
        "Operating Revenue": NaN
    },
    "2024-06-30": {
        "Tax Effect Of Unusual Items": 0.0,
        "Tax Rate For Calcs": 0.21,
        "Normalized EBITDA": 4396000.0,
        "Net Income From Continuing Operation Net Minority Interest": -817000.0,
        "Reconciled Depreciation": 4356000.0,
        "Reconciled Cost Of Revenue": 53474000.0,
        "EBITDA": 4396000.0,
        "EBIT": 40000.0,
        "Normalized Income": -817000.0,
        "Net Income From Continuing And Discontinued Operation": -817000.0,
        "Total Expenses": 82997000.0,
        "Total Operating Income As Reported": 40000.0,
        "Diluted Average Shares": 76604000.0,
        "Basic Average Shares": 76604000.0,
        "Diluted EPS": -0.01,
        "Basic EPS": -0.01,
        "Diluted NI Availto Com Stockholders": -817000.0,
        "Net Income Common Stockholders": -817000.0,
        "Net Income": -817000.0,
        "Net Income Including Noncontrolling Interests": -817000.0,
        "Net Income Continuous Operations": -817000.0,
        "Tax Provision": 3522000.0,
        "Pretax Income": 2705000.0,
        "Other Income Expense": 2665000.0,
        "Other Non Operating Income Expenses": 2665000.0,
        "Operating Income": 40000.0,
        "Operating Expense": 29523000.0,
        "Research And Development": 4127000.0,
        "Selling General And Administration": 25396000.0,
        "Selling And Marketing Expense": 7286000.0,
        "General And Administrative Expense": 18110000.0,
        "Other Gand A": 18110000.0,
        "Gross Profit": 29563000.0,
        "Cost Of Revenue": 53474000.0,
        "Total Revenue": 83037000.0,
        "Operating Revenue": 83037000.0
    },
    "2024-09-30": {
        "Tax Effect Of Unusual Items": 0.0,
        "Tax Rate For Calcs": 0.236,
        "Normalized EBITDA": 6748000.0,
        "Net Income From Continuing Operation Net Minority Interest": 4282000.0,
        "Reconciled Depreciation": 4612000.0,
        "Reconciled Cost Of Revenue": 54706000.0,
        "EBITDA": 6748000.0,
        "EBIT": 2136000.0,
        "Normalized Income": 4282000.0,
        "Net Income From Continuing And Discontinued Operation": 4282000.0,
        "Total Expenses": 85299000.0,
        "Total Operating Income As Reported": 2136000.0,
        "Diluted Average Shares": 78837000.0,
        "Basic Average Shares": 76697000.0,
        "Diluted EPS": 0.05,
        "Basic EPS": 0.06,
        "Diluted NI Availto Com Stockholders": 4282000.0,
        "Net Income Common Stockholders": 4282000.0,
        "Net Income": 4282000.0,
        "Net Income Including Noncontrolling Interests": 4282000.0,
        "Net Income Continuous Operations": 4282000.0,
        "Tax Provision": 1320000.0,
        "Pretax Income": 5602000.0,
        "Other Income Expense": 3466000.0,
        "Other Non Operating Income Expenses": 3466000.0,
        "Operating Income": 2136000.0,
        "Operating Expense": 30593000.0,
        "Research And Development": 4446000.0,
        "Selling General And Administration": 26147000.0,
        "Selling And Marketing Expense": 6817000.0,
        "General And Administrative Expense": 19330000.0,
        "Other Gand A": 19330000.0,
        "Gross Profit": 32729000.0,
        "Cost Of Revenue": 54706000.0,
        "Total Revenue": 87435000.0,
        "Operating Revenue": 87435000.0
    },
    "2024-12-31": {
        "Tax Effect Of Unusual Items": 0.0,
        "Tax Rate For Calcs": 0.215265,
        "Normalized EBITDA": 7118000.0,
        "Net Income From Continuing Operation Net Minority Interest": 4524000.0,
        "Reconciled Depreciation": 5857000.0,
        "Reconciled Cost Of Revenue": 63234000.0,
        "EBITDA": 7118000.0,
        "EBIT": 1261000.0,
        "Normalized Income": 4524000.0,
        "Net Income From Continuing And Discontinued Operation": 4524000.0,
        "Total Expenses": 99021000.0,
        "Total Operating Income As Reported": 5471000.0,
        "Diluted Average Shares": 83808000.0,
        "Basic Average Shares": 80386000.0,
        "Diluted EPS": 0.05,
        "Basic EPS": 0.06,
        "Diluted NI Availto Com Stockholders": 4524000.0,
        "Net Income Common Stockholders": 4524000.0,
        "Net Income": 4524000.0,
        "Net Income Including Noncontrolling Interests": 4524000.0,
        "Net Income Continuous Operations": 4524000.0,
        "Tax Provision": 1241000.0,
        "Pretax Income": 5765000.0,
        "Other Income Expense": NaN,
        "Other Non Operating Income Expenses": NaN,
        "Operating Income": 1261000.0,
        "Operating Expense": 35787000.0,
        "Research And Development": 5402000.0,
        "Selling General And Administration": 30385000.0,
        "Selling And Marketing Expense": 7227000.0,
        "General And Administrative Expense": 23158000.0,
        "Other Gand A": 23158000.0,
        "Gross Profit": 37048000.0,
        "Cost Of Revenue": 63234000.0,
        "Total Revenue": 100282000.0,
        "Operating Revenue": 100282000.0
    },
    "2025-03-31": {
        "Tax Effect Of Unusual Items": 0.0,
        "Tax Rate For Calcs": 0.21,
        "Normalized EBITDA": 3918000.0,
        "Net Income From Continuing Operation Net Minority Interest": 2912000.0,
        "Reconciled Depreciation": 5955000.0,
        "Reconciled Cost Of Revenue": 63418000.0,
        "EBITDA": 3918000.0,
        "EBIT": -2037000.0,
        "Normalized Income": 2912000.0,
        "Net Income From Continuing And Discontinued Operation": 2912000.0,
        "Total Expenses": 102452000.0,
        "Total Operating Income As Reported": -2037000.0,
        "Diluted Average Shares": 87786000.0,
        "Basic Average Shares": 84123000.0,
        "Diluted EPS": 0.03,
        "Basic EPS": 0.03,
        "Diluted NI Availto Com Stockholders": 2912000.0,
        "Net Income Common Stockholders": 2912000.0,
        "Net Income": 2912000.0,
        "Net Income Including Noncontrolling Interests": 2912000.0,
        "Net Income Continuous Operations": 2912000.0,
        "Tax Provision": -443000.0,
        "Pretax Income": 2469000.0,
        "Other Income Expense": 4506000.0,
        "Other Non Operating Income Expenses": 4506000.0,
        "Operating Income": -2037000.0,
        "Operating Expense": 39034000.0,
        "Research And Development": 6486000.0,
        "Selling General And Administration": 32548000.0,
        "Selling And Marketing Expense": 8257000.0,
        "General And Administrative Expense": 24291000.0,
        "Other Gand A": 24291000.0,
        "Gross Profit": 36997000.0,
        "Cost Of Revenue": 63418000.0,
        "Total Revenue": 100415000.0,
        "Operating Revenue": 100415000.0
    },
    "2025-06-30": {
        "Tax Effect Of Unusual Items": 0.0,
        "Tax Rate For Calcs": 0.27777,
        "Normalized EBITDA": 6013000.0,
        "Net Income From Continuing Operation Net Minority Interest": 5273000.0,
        "Reconciled Depreciation": 6136000.0,
        "Reconciled Cost Of Revenue": 66592000.0,
        "EBITDA": 6013000.0,
        "EBIT": -123000.0,
        "Normalized Income": 5273000.0,
        "Net Income From Continuing And Discontinued Operation": 5273000.0,
        "Total Expenses": 101218000.0,
        "Total Operating Income As Reported": -123000.0,
        "Diluted Average Shares": 86447000.0,
        "Basic Average Shares": 84578000.0,
        "Diluted EPS": 0.06,
        "Basic EPS": 0.06,
        "Diluted NI Availto Com Stockholders": 5273000.0,
        "Net Income Common Stockholders": 5273000.0,
        "Net Income": 5273000.0,
        "Net Income Including Noncontrolling Interests": 5273000.0,
        "Net Income Continuous Operations": 5273000.0,
        "Tax Provision": 2028000.0,
        "Pretax Income": 7301000.0,
        "Other Income Expense": 7424000.0,
        "Other Non Operating Income Expenses": 7424000.0,
        "Operating Income": -123000.0,
        "Operating Expense": 34626000.0,
        "Research And Development": 6744000.0,
        "Selling General And Administration": 27882000.0,
        "Selling And Marketing Expense": 7116000.0,
        "General And Administrative Expense": 20766000.0,
        "Other Gand A": 20766000.0,
        "Gross Profit": 34503000.0,
        "Cost Of Revenue": 66592000.0,
        "Total Revenue": 101095000.0,
        "Operating Revenue": 101095000.0
    }
}