{
    "2023-04-30": {
        "Tax Effect Of Unusual Items": 1641795.865633,
        "Tax Rate For Calcs": 0.252584,
        "Normalized EBITDA": 228300000.0,
        "Total Unusual Items": 6500000.0,
        "Total Unusual Items Excluding Goodwill": 6500000.0,
        "Net Income From Continuing Operation Net Minority Interest": 111200000.0,
        "Reconciled Depreciation": 56600000.0,
        "Reconciled Cost Of Revenue": 997100000.0,
        "EBITDA": 234800000.0,
        "EBIT": 178200000.0,
        "Net Interest Income": -23400000.0,
        "Interest Expense": 23400000.0,
        "Normalized Income": 106341795.865633,
        "Net Income From Continuing And Discontinued Operation": 111200000.0,
        "Total Expenses": 1134300000.0,
        "Total Operating Income As Reported": 181100000.0,
        "Diluted Average Shares": 58429506.0,
        "Basic Average Shares": 58015584.0,
        "Diluted EPS": 1.9,
        "Basic EPS": 1.91,
        "Diluted NI Availto Com Stockholders": 111200000.0,
        "Net Income Common Stockholders": 111200000.0,
        "Net Income": 111200000.0,
        "Minority Interests": -4800000.0,
        "Net Income Including Noncontrolling Interests": 116000000.0,
        "Net Income Continuous Operations": 116000000.0,
        "Earnings From Equity Interest Net Of Tax": 300000.0,
        "Tax Provision": 39100000.0,
        "Pretax Income": 154800000.0,
        "Other Income Expense": 3600000.0,
        "Other Non Operating Income Expenses": -2900000.0,
        "Special Income Charges": 6500000.0,
        "Gain On Sale Of Ppe": 5000000.0,
        "Gain On Sale Of Business": 9800000.0,
        "Write Off": 1300000.0,
        "Impairment Of Capital Assets": NaN,
        "Restructuring And Mergern Acquisition": 7000000.0,
        "Net Non Operating Interest Income Expense": -23400000.0,
        "Interest Expense Non Operating": 23400000.0,
        "Operating Income": 174600000.0,
        "Operating Expense": 137200000.0,
        "Selling General And Administration": 137200000.0,
        "General And Administrative Expense": NaN,
        "Other Gand A": NaN,
        "Gross Profit": 311800000.0,
        "Cost Of Revenue": 997100000.0,
        "Total Revenue": 1308900000.0,
        "Operating Revenue": 1308900000.0
    },
    "2023-01-31": {
        "Tax Effect Of Unusual Items": NaN,
        "Tax Rate For Calcs": NaN,
        "Normalized EBITDA": NaN,
        "Total Unusual Items": NaN,
        "Total Unusual Items Excluding Goodwill": NaN,
        "Net Income From Continuing Operation Net Minority Interest": NaN,
        "Reconciled Depreciation": NaN,
        "Reconciled Cost Of Revenue": NaN,
        "EBITDA": NaN,
        "EBIT": NaN,
        "Net Interest Income": NaN,
        "Interest Expense": NaN,
        "Normalized Income": NaN,
        "Net Income From Continuing And Discontinued Operation": NaN,
        "Total Expenses": NaN,
        "Total Operating Income As Reported": NaN,
        "Diluted Average Shares": NaN,
        "Basic Average Shares": NaN,
        "Diluted EPS": NaN,
        "Basic EPS": NaN,
        "Diluted NI Availto Com Stockholders": NaN,
        "Net Income Common Stockholders": NaN,
        "Net Income": NaN,
        "Minority Interests": NaN,
        "Net Income Including Noncontrolling Interests": NaN,
        "Net Income Continuous Operations": NaN,
        "Earnings From Equity Interest Net Of Tax": NaN,
        "Tax Provision": NaN,
        "Pretax Income": NaN,
        "Other Income Expense": NaN,
        "Other Non Operating Income Expenses": NaN,
        "Special Income Charges": NaN,
        "Gain On Sale Of Ppe": NaN,
        "Gain On Sale Of Business": NaN,
        "Write Off": NaN,
        "Impairment Of Capital Assets": 500000.0,
        "Restructuring And Mergern Acquisition": NaN,
        "Net Non Operating Interest Income Expense": NaN,
        "Interest Expense Non Operating": NaN,
        "Operating Income": NaN,
        "Operating Expense": NaN,
        "Selling General And Administration": NaN,
        "General And Administrative Expense": 139400000.0,
        "Other Gand A": 139400000.0,
        "Gross Profit": NaN,
        "Cost Of Revenue": NaN,
        "Total Revenue": NaN,
        "Operating Revenue": NaN
    },
    "2022-10-31": {
        "Tax Effect Of Unusual Items": NaN,
        "Tax Rate For Calcs": NaN,
        "Normalized EBITDA": NaN,
        "Total Unusual Items": NaN,
        "Total Unusual Items Excluding Goodwill": NaN,
        "Net Income From Continuing Operation Net Minority Interest": NaN,
        "Reconciled Depreciation": NaN,
        "Reconciled Cost Of Revenue": NaN,
        "EBITDA": NaN,
        "EBIT": NaN,
        "Net Interest Income": NaN,
        "Interest Expense": NaN,
        "Normalized Income": NaN,
        "Net Income From Continuing And Discontinued Operation": NaN,
        "Total Expenses": NaN,
        "Total Operating Income As Reported": NaN,
        "Diluted Average Shares": NaN,
        "Basic Average Shares": NaN,
        "Diluted EPS": NaN,
        "Basic EPS": NaN,
        "Diluted NI Availto Com Stockholders": NaN,
        "Net Income Common Stockholders": NaN,
        "Net Income": NaN,
        "Minority Interests": NaN,
        "Net Income Including Noncontrolling Interests": NaN,
        "Net Income Continuous Operations": NaN,
        "Earnings From Equity Interest Net Of Tax": NaN,
        "Tax Provision": NaN,
        "Pretax Income": NaN,
        "Other Income Expense": NaN,
        "Other Non Operating Income Expenses": NaN,
        "Special Income Charges": NaN,
        "Gain On Sale Of Ppe": NaN,
        "Gain On Sale Of Business": NaN,
        "Other Special Charges": 0.0,
        "Write Off": NaN,
        "Impairment Of Capital Assets": 7900000.0,
        "Restructuring And Mergern Acquisition": NaN,
        "Net Non Operating Interest Income Expense": NaN,
        "Interest Expense Non Operating": NaN,
        "Operating Income": NaN,
        "Operating Expense": NaN,
        "Selling General And Administration": NaN,
        "General And Administrative Expense": NaN,
        "Other Gand A": NaN,
        "Gross Profit": NaN,
        "Cost Of Revenue": NaN,
        "Total Revenue": NaN,
        "Operating Revenue": NaN
    },
    "2022-07-31": {
        "Tax Effect Of Unusual Items": 86550.976139,
        "Tax Rate For Calcs": 0.216377,
        "Normalized EBITDA": 249400000.0,
        "Total Unusual Items": 400000.0,
        "Total Unusual Items Excluding Goodwill": 400000.0,
        "Net Income From Continuing Operation Net Minority Interest": 141800000.0,
        "Reconciled Depreciation": 51400000.0,
        "Reconciled Cost Of Revenue": 1275200000.0,
        "EBITDA": 249800000.0,
        "EBIT": 198400000.0,
        "Net Interest Income": -14000000.0,
        "Interest Expense": 14000000.0,
        "Normalized Income": 141486550.976139,
        "Net Income From Continuing And Discontinued Operation": 141800000.0,
        "Total Expenses": 1416800000.0,
        "Total Operating Income As Reported": 205700000.0,
        "Diluted Average Shares": 48634708.0,
        "Basic Average Shares": 48215533.0,
        "Diluted EPS": 2.36,
        "Basic EPS": 2.38,
        "Diluted NI Availto Com Stockholders": 141800000.0,
        "Net Income Common Stockholders": 141800000.0,
        "Net Income": 141800000.0,
        "Minority Interests": -4300000.0,
        "Net Income Including Noncontrolling Interests": 146100000.0,
        "Net Income Continuous Operations": 146100000.0,
        "Earnings From Equity Interest Net Of Tax": 1600000.0,
        "Tax Provision": 39900000.0,
        "Pretax Income": 184400000.0,
        "Other Income Expense": -6900000.0,
        "Other Non Operating Income Expenses": -7300000.0,
        "Special Income Charges": 400000.0,
        "Gain On Sale Of Ppe": 6400000.0,
        "Gain On Sale Of Business": 0.0,
        "Other Special Charges": NaN,
        "Write Off": 700000.0,
        "Impairment Of Capital Assets": 700000.0,
        "Restructuring And Mergern Acquisition": 5300000.0,
        "Net Non Operating Interest Income Expense": -14000000.0,
        "Interest Expense Non Operating": 14000000.0,
        "Operating Income": 205300000.0,
        "Operating Expense": 141600000.0,
        "Selling General And Administration": 141600000.0,
        "Gross Profit": 346900000.0,
        "Cost Of Revenue": 1275200000.0,
        "Total Revenue": 1622100000.0,
        "Operating Revenue": 1622100000.0
    },
    "2022-04-30": {
        "Diluted EPS": 2.0,
        "Total Revenue": NaN,
        "Gross Profit": 339,
        "Operating Income": 190,
        "EBIT": 245,
        "Net Income": 98
    },
    "2022-01-31": {
        "Diluted EPS": -0.35,
        "Total Revenue": NaN,
        "Gross Profit": 290,
        "Operating Income": 72,
        "EBIT": 131,
        "Net Income": -17
    },
    "2021-10-31": {
        "Diluted EPS": 1.58,
        "Total Revenue": NaN,
        "Gross Profit": 296,
        "Operating Income": 142,
        "EBIT": 200,
        "Net Income": 77
    },
    "2021-07-31": {
        "Diluted EPS": 1.78,
        "Total Revenue": NaN,
        "Gross Profit": 319,
        "Operating Income": 173,
        "EBIT": 231,
        "Net Income": 87
    },
    "2021-04-30": {
        "Diluted EPS": 2.54,
        "Total Revenue": NaN,
        "Gross Profit": 266,
        "Operating Income": 201,
        "EBIT": 259,
        "Net Income": 124
    },
    "2021-01-31": {
        "Diluted EPS": -0.05,
        "Total Revenue": NaN,
        "Gross Profit": 212,
        "Operating Income": 70,
        "EBIT": 129,
        "Net Income": -3
    },
    "2020-10-31": {
        "Diluted EPS": 0.37,
        "Total Revenue": NaN,
        "Gross Profit": 232,
        "Operating Income": 92,
        "EBIT": 152,
        "Net Income": 18
    },
    "2020-07-31": {
        "Diluted EPS": -0.11,
        "Total Revenue": NaN,
        "Gross Profit": 220,
        "Operating Income": 62,
        "EBIT": 122,
        "Net Income": -6
    },
    "2020-04-30": {
        "Diluted EPS": -0.3,
        "Total Revenue": NaN,
        "Gross Profit": 241,
        "Operating Income": 72,
        "EBIT": 133,
        "Net Income": -15
    },
    "2020-01-31": {
        "Diluted EPS": 0.13,
        "Total Revenue": NaN,
        "Gross Profit": 223,
        "Operating Income": 79,
        "EBIT": 141,
        "Net Income": 6
    },
    "2019-10-31": {
        "Diluted EPS": 0.82,
        "Total Revenue": NaN,
        "Gross Profit": 259,
        "Operating Income": 116,
        "EBIT": 175,
        "Net Income": 39
    },
    "2019-07-31": {
        "Diluted EPS": 0.76,
        "Total Revenue": NaN,
        "Gross Profit": 279,
        "Operating Income": 126,
        "EBIT": 186,
        "Net Income": 37
    },
    "2019-04-30": {
        "Diluted EPS": -0.26,
        "Total Revenue": NaN,
        "Gross Profit": 249,
        "Operating Income": 91,
        "EBIT": 146,
        "Net Income": -13
    },
    "2019-01-31": {
        "Diluted EPS": 0.08,
        "Total Revenue": 897,
        "Gross Profit": 173,
        "Operating Income": 67,
        "EBIT": 99,
        "Net Income": 4
    },
    "2018-10-31": {
        "Diluted EPS": 0.29,
        "Total Revenue": 988,
        "Gross Profit": 205,
        "Operating Income": 103,
        "EBIT": 134,
        "Net Income": 14
    },
    "2018-07-31": {
        "Diluted EPS": 0.9,
        "Total Revenue": NaN,
        "Gross Profit": 217,
        "Operating Income": 114,
        "EBIT": 146,
        "Net Income": 43
    },
    "2018-04-30": {
        "Diluted EPS": 0.42,
        "Total Revenue": 968,
        "Gross Profit": 195,
        "Operating Income": 88,
        "EBIT": 120,
        "Net Income": 20
    },
    "2018-01-31": {
        "Diluted EPS": 0.67,
        "Total Revenue": 906,
        "Gross Profit": 172,
        "Operating Income": 66,
        "EBIT": 97,
        "Net Income": 32
    },
    "2017-10-31": {
        "Diluted EPS": 0.18,
        "Total Revenue": 968,
        "Gross Profit": 182,
        "Operating Income": 62,
        "EBIT": 93,
        "Net Income": 9
    },
    "2017-07-31": {
        "Diluted EPS": 0.4,
        "Total Revenue": 962,
        "Gross Profit": 187,
        "Operating Income": 91,
        "EBIT": 118,
        "Net Income": 19
    },
    "2017-04-30": {
        "Diluted EPS": 0.24,
        "Total Revenue": 887,
        "Gross Profit": 182,
        "Operating Income": 82,
        "EBIT": 113,
        "Net Income": 11
    },
    "2017-01-31": {
        "Diluted EPS": -0.4,
        "Total Revenue": 821,
        "Gross Profit": 163,
        "Operating Income": 66,
        "EBIT": 96,
        "Net Income": -19
    },
    "2016-10-31": {
        "Diluted EPS": -0.35,
        "Total Revenue": 868,
        "Gross Profit": 183,
        "Operating Income": 54,
        "EBIT": 86,
        "Net Income": -16
    },
    "2016-07-31": {
        "Diluted EPS": 0.45,
        "Total Revenue": 845,
        "Gross Profit": 177,
        "Operating Income": 72,
        "EBIT": 103,
        "Net Income": 21
    },
    "2016-04-30": {
        "Diluted EPS": 0.14,
        "Total Revenue": 840,
        "Gross Profit": 174,
        "Operating Income": 83,
        "EBIT": 115,
        "Net Income": 7
    },
    "2016-01-31": {
        "Diluted EPS": -0.74,
        "Total Revenue": 771,
        "Gross Profit": 151,
        "Operating Income": 18,
        "EBIT": 50,
        "Net Income": -36
    },
    "2015-10-31": {
        "Diluted EPS": -0.26,
        "Total Revenue": 869,
        "Gross Profit": 168,
        "Operating Income": 32,
        "EBIT": 66,
        "Net Income": -12
    },
    "2015-07-31": {
        "Diluted EPS": -0.34,
        "Total Revenue": 930,
        "Gross Profit": 167,
        "Operating Income": 44,
        "EBIT": 76,
        "Net Income": -16
    },
    "2015-04-30": {
        "Diluted EPS": -0.08,
        "Total Revenue": 916,
        "Gross Profit": 181,
        "Operating Income": 51,
        "EBIT": 86,
        "Net Income": -4
    },
    "2015-01-31": {
        "Diluted EPS": 0.12,
        "Total Revenue": 902,
        "Gross Profit": 154,
        "Operating Income": 65,
        "EBIT": 100,
        "Net Income": 6
    },
    "2014-10-31": {
        "Diluted EPS": -0.33,
        "Total Revenue": NaN,
        "Gross Profit": 203,
        "Operating Income": 38,
        "EBIT": 76,
        "Net Income": -16
    },
    "2014-07-31": {
        "Diluted EPS": -0.23,
        "Total Revenue": NaN,
        "Gross Profit": 218,
        "Operating Income": 61,
        "EBIT": 100,
        "Net Income": -11
    },
    "2014-04-30": {
        "Diluted EPS": 0.28,
        "Total Revenue": NaN,
        "Gross Profit": 204,
        "Operating Income": 79,
        "EBIT": 119,
        "Net Income": 14
    },
    "2014-01-31": {
        "Diluted EPS": 0.13,
        "Total Revenue": NaN,
        "Gross Profit": 186,
        "Operating Income": 71,
        "EBIT": 111,
        "Net Income": 6
    },
    "2013-10-31": {
        "Diluted EPS": 0.21,
        "Total Revenue": 993,
        "Gross Profit": 226,
        "Operating Income": 97,
        "EBIT": 137,
        "Net Income": 10
    },
    "2013-07-31": {
        "Diluted EPS": 0.46,
        "Total Revenue": NaN,
        "Gross Profit": 217,
        "Operating Income": 97,
        "EBIT": 136,
        "Net Income": 22
    },
    "2013-04-30": {
        "Diluted EPS": 0.33,
        "Total Revenue": NaN,
        "Gross Profit": 203,
        "Operating Income": 84,
        "EBIT": 123,
        "Net Income": 16
    },
    "2013-01-31": {
        "Diluted EPS": -0.02,
        "Total Revenue": NaN,
        "Gross Profit": 187,
        "Operating Income": 64,
        "EBIT": 104,
        "Net Income": -1
    },
    "2012-10-31": {
        "Diluted EPS": -0.1,
        "Total Revenue": 936,
        "Gross Profit": 194,
        "Operating Income": 61,
        "EBIT": 101,
        "Net Income": -5
    },
    "2012-07-31": {
        "Diluted EPS": 0.27,
        "Total Revenue": NaN,
        "Gross Profit": 202,
        "Operating Income": 85,
        "EBIT": 122,
        "Net Income": 13
    },
    "2012-04-30": {
        "Diluted EPS": 0.31,
        "Total Revenue": NaN,
        "Gross Profit": 206,
        "Operating Income": 78,
        "EBIT": 118,
        "Net Income": 15
    },
    "2012-01-31": {
        "Diluted EPS": -0.05,
        "Total Revenue": 993,
        "Gross Profit": 177,
        "Operating Income": 57,
        "EBIT": 95,
        "Net Income": -3
    },
    "2011-10-31": {
        "Diluted EPS": -0.18,
        "Total Revenue": NaN,
        "Gross Profit": 204,
        "Operating Income": 63,
        "EBIT": 104,
        "Net Income": -9
    },
    "2011-07-31": {
        "Diluted EPS": 0.89,
        "Total Revenue": NaN,
        "Gross Profit": 211,
        "Operating Income": 108,
        "EBIT": 143,
        "Net Income": 42
    },
    "2011-04-30": {
        "Diluted EPS": 0.56,
        "Total Revenue": NaN,
        "Gross Profit": 207,
        "Operating Income": 91,
        "EBIT": 126,
        "Net Income": 26
    },
    "2011-01-31": {
        "Diluted EPS": 0.36,
        "Total Revenue": 944,
        "Gross Profit": 176,
        "Operating Income": 69,
        "EBIT": 102,
        "Net Income": 17
    },
    "2010-10-31": {
        "Diluted EPS": -0.5,
        "Total Revenue": 994,
        "Gross Profit": 204,
        "Operating Income": 102,
        "EBIT": 133,
        "Net Income": -24
    },
    "2010-07-31": {
        "Diluted EPS": 1.39,
        "Total Revenue": 921,
        "Gross Profit": 191,
        "Operating Income": 96,
        "EBIT": 123,
        "Net Income": 66
    },
    "2010-04-30": {
        "Diluted EPS": 0.9,
        "Total Revenue": 837,
        "Gross Profit": 169,
        "Operating Income": 73,
        "EBIT": 100,
        "Net Income": 43
    },
    "2010-01-31": {
        "Diluted EPS": 0.52,
        "Total Revenue": 710,
        "Gross Profit": 138,
        "Operating Income": 51,
        "EBIT": 80,
        "Net Income": 25
    },
    "2009-10-31": {
        "Diluted EPS": -0.3,
        "Total Revenue": 760,
        "Gross Profit": 169,
        "Operating Income": 108,
        "EBIT": 136,
        "Net Income": -14
    },
    "2009-07-31": {
        "Diluted EPS": 0.8,
        "Total Revenue": 718,
        "Gross Profit": 139,
        "Operating Income": 67,
        "EBIT": 92,
        "Net Income": 38
    },
    "2009-04-30": {
        "Diluted EPS": 0.03,
        "Total Revenue": 648,
        "Gross Profit": 97,
        "Operating Income": 13,
        "EBIT": 37,
        "Net Income": 2
    },
    "2009-01-31": {
        "Diluted EPS": -0.05,
        "Total Revenue": 666,
        "Gross Profit": 95,
        "Operating Income": 12,
        "EBIT": 37,
        "Net Income": -2
    },
    "2023-07-31": {
        "Tax Effect Of Unusual Items": NaN,
        "Tax Rate For Calcs": NaN,
        "Normalized EBITDA": NaN,
        "Total Unusual Items": NaN,
        "Total Unusual Items Excluding Goodwill": NaN,
        "Net Income From Continuing Operation Net Minority Interest": NaN,
        "Reconciled Depreciation": NaN,
        "Reconciled Cost Of Revenue": NaN,
        "EBITDA": NaN,
        "EBIT": NaN,
        "Net Interest Income": NaN,
        "Interest Expense": NaN,
        "Normalized Income": NaN,
        "Net Income From Continuing And Discontinued Operation": NaN,
        "Total Expenses": NaN,
        "Total Operating Income As Reported": NaN,
        "Diluted Average Shares": 58004186.0,
        "Basic Average Shares": 57483368.0,
        "Diluted EPS": 1.55,
        "Basic EPS": 1.57,
        "Diluted NI Availto Com Stockholders": NaN,
        "Net Income Common Stockholders": NaN,
        "Net Income": NaN,
        "Minority Interests": NaN,
        "Net Income Including Noncontrolling Interests": NaN,
        "Net Income Continuous Operations": NaN,
        "Earnings From Equity Interest Net Of Tax": NaN,
        "Tax Provision": NaN,
        "Pretax Income": NaN,
        "Other Income Expense": NaN,
        "Other Non Operating Income Expenses": NaN,
        "Special Income Charges": NaN,
        "Gain On Sale Of Ppe": NaN,
        "Gain On Sale Of Business": NaN,
        "Write Off": NaN,
        "Restructuring And Mergern Acquisition": NaN,
        "Net Non Operating Interest Income Expense": NaN,
        "Interest Expense Non Operating": NaN,
        "Operating Income": NaN,
        "Operating Expense": NaN,
        "Selling General And Administration": NaN,
        "General And Administrative Expense": NaN,
        "Other Gand A": NaN,
        "Gross Profit": NaN,
        "Cost Of Revenue": NaN,
        "Total Revenue": NaN,
        "Operating Revenue": NaN
    },
    "2023-10-31": {
        "Tax Effect Of Unusual Items": -3172309.5526,
        "Tax Rate For Calcs": 0.11971,
        "Normalized EBITDA": 195200000.0,
        "Total Unusual Items": -26500000.0,
        "Total Unusual Items Excluding Goodwill": -26500000.0,
        "Net Income From Continuing Operation Net Minority Interest": 67800000.0,
        "Reconciled Depreciation": 61200000.0,
        "Reconciled Cost Of Revenue": 1032700000.0,
        "EBITDA": 168700000.0,
        "EBIT": 107500000.0,
        "Net Interest Income": -24800000.0,
        "Interest Expense": 24800000.0,
        "Normalized Income": 91127690.4474,
        "Net Income From Continuing And Discontinued Operation": 67800000.0,
        "Total Expenses": 1169500000.0,
        "Total Operating Income As Reported": 112400000.0,
        "Diluted Average Shares": 57950000.0,
        "Basic Average Shares": 57450000.0,
        "Diluted EPS": 1.16,
        "Basic EPS": 1.19,
        "Diluted NI Availto Com Stockholders": 67800000.0,
        "Net Income Common Stockholders": 67800000.0,
        "Net Income": 67800000.0,
        "Minority Interests": -5500000.0,
        "Net Income Including Noncontrolling Interests": 73300000.0,
        "Net Income Continuous Operations": 73300000.0,
        "Earnings From Equity Interest Net Of Tax": 500000.0,
        "Tax Provision": 9900000.0,
        "Pretax Income": 82700000.0,
        "Other Income Expense": -31400000.0,
        "Other Non Operating Income Expenses": -4900000.0,
        "Special Income Charges": -26500000.0,
        "Gain On Sale Of Ppe": -800000.0,
        "Gain On Sale Of Business": -100000.0,
        "Write Off": 16900000.0,
        "Restructuring And Mergern Acquisition": 8700000.0,
        "Net Non Operating Interest Income Expense": -24800000.0,
        "Interest Expense Non Operating": 24800000.0,
        "Operating Income": 138900000.0,
        "Operating Expense": 136800000.0,
        "Selling General And Administration": 136800000.0,
        "General And Administrative Expense": NaN,
        "Other Gand A": NaN,
        "Gross Profit": 275700000.0,
        "Cost Of Revenue": 1032700000.0,
        "Total Revenue": 1308400000.0,
        "Operating Revenue": 1308400000.0
    },
    "2024-01-31": {
        "Tax Effect Of Unusual Items": NaN,
        "Tax Rate For Calcs": NaN,
        "Normalized EBITDA": NaN,
        "Total Unusual Items": NaN,
        "Total Unusual Items Excluding Goodwill": NaN,
        "Net Income From Continuing Operation Net Minority Interest": NaN,
        "Reconciled Depreciation": NaN,
        "Reconciled Cost Of Revenue": NaN,
        "EBITDA": NaN,
        "EBIT": NaN,
        "Net Interest Income": NaN,
        "Interest Expense": NaN,
        "Normalized Income": NaN,
        "Net Income From Continuing And Discontinued Operation": NaN,
        "Total Expenses": NaN,
        "Total Operating Income As Reported": NaN,
        "Diluted Average Shares": NaN,
        "Basic Average Shares": NaN,
        "Diluted EPS": NaN,
        "Basic EPS": NaN,
        "Diluted NI Availto Com Stockholders": NaN,
        "Net Income Common Stockholders": NaN,
        "Net Income": NaN,
        "Minority Interests": NaN,
        "Net Income Including Noncontrolling Interests": NaN,
        "Net Income Discontinuous Operations": NaN,
        "Net Income Continuous Operations": NaN,
        "Earnings From Equity Interest Net Of Tax": NaN,
        "Tax Provision": NaN,
        "Pretax Income": NaN,
        "Other Income Expense": NaN,
        "Other Non Operating Income Expenses": NaN,
        "Special Income Charges": NaN,
        "Gain On Sale Of Ppe": NaN,
        "Gain On Sale Of Business": NaN,
        "Write Off": NaN,
        "Restructuring And Mergern Acquisition": NaN,
        "Net Non Operating Interest Income Expense": NaN,
        "Interest Expense Non Operating": NaN,
        "Operating Income": NaN,
        "Operating Expense": NaN,
        "Selling General And Administration": NaN,
        "General And Administrative Expense": 145800000.0,
        "Other Gand A": 145800000.0,
        "Gross Profit": NaN,
        "Cost Of Revenue": NaN,
        "Total Revenue": NaN,
        "Operating Revenue": NaN
    },
    "2024-04-30": {
        "Tax Effect Of Unusual Items": -1194729.136164,
        "Tax Rate For Calcs": 0.248902,
        "Normalized EBITDA": 169200000.0,
        "Total Unusual Items": -4800000.0,
        "Total Unusual Items Excluding Goodwill": -4800000.0,
        "Net Income From Continuing Operation Net Minority Interest": 44400000.0,
        "Reconciled Depreciation": 65900000.0,
        "Reconciled Cost Of Revenue": 1100900000.0,
        "EBITDA": 164400000.0,
        "EBIT": 98500000.0,
        "Net Interest Income": -30200000.0,
        "Interest Expense": 30200000.0,
        "Normalized Income": 48005270.863836,
        "Net Income From Continuing And Discontinued Operation": 44400000.0,
        "Total Expenses": 1268100000.0,
        "Total Operating Income As Reported": 98100000.0,
        "Diluted Average Shares": 57915078.0,
        "Basic Average Shares": 57799530.0,
        "Diluted EPS": 0.77,
        "Basic EPS": 0.77,
        "Diluted NI Availto Com Stockholders": 44400000.0,
        "Net Income Common Stockholders": 44400000.0,
        "Net Income": 44400000.0,
        "Minority Interests": -7600000.0,
        "Net Income Including Noncontrolling Interests": 52000000.0,
        "Net Income Continuous Operations": 52000000.0,
        "Earnings From Equity Interest Net Of Tax": 700000.0,
        "Tax Provision": 17000000.0,
        "Pretax Income": 68300000.0,
        "Other Income Expense": -4400000.0,
        "Other Non Operating Income Expenses": 400000.0,
        "Special Income Charges": -4800000.0,
        "Gain On Sale Of Ppe": 300000.0,
        "Gain On Sale Of Business": 0.0,
        "Write Off": 400000.0,
        "Restructuring And Mergern Acquisition": 4700000.0,
        "Net Non Operating Interest Income Expense": -30200000.0,
        "Interest Expense Non Operating": 30200000.0,
        "Operating Income": 102900000.0,
        "Operating Expense": 167200000.0,
        "Selling General And Administration": 167200000.0,
        "General And Administrative Expense": NaN,
        "Other Gand A": NaN,
        "Gross Profit": 270100000.0,
        "Cost Of Revenue": 1100900000.0,
        "Total Revenue": 1371000000.0,
        "Operating Revenue": 1371000000.0
    },
    "2024-07-31": {
        "Tax Effect Of Unusual Items": 12759180.187874,
        "Tax Rate For Calcs": 0.28608,
        "Normalized EBITDA": 158400000.0,
        "Total Unusual Items": 44600000.0,
        "Total Unusual Items Excluding Goodwill": 44600000.0,
        "Net Income From Continuing Operation Net Minority Interest": 78000000.0,
        "Reconciled Depreciation": 67100000.0,
        "Reconciled Cost Of Revenue": 920000000.0,
        "EBITDA": 203000000.0,
        "EBIT": 135900000.0,
        "Net Interest Income": -18800000.0,
        "Interest Expense": 18800000.0,
        "Normalized Income": 46159180.187874,
        "Net Income From Continuing And Discontinued Operation": 87100000.0,
        "Total Expenses": 1072800000.0,
        "Total Operating Income As Reported": 136700000.0,
        "Diluted Average Shares": 58096248.0,
        "Basic Average Shares": 57818422.0,
        "Diluted EPS": 1.5,
        "Basic EPS": 1.51,
        "Diluted NI Availto Com Stockholders": 87100000.0,
        "Net Income Common Stockholders": 87100000.0,
        "Net Income": 87100000.0,
        "Minority Interests": -6500000.0,
        "Net Income Including Noncontrolling Interests": 93600000.0,
        "Net Income Discontinuous Operations": 9100000.0,
        "Net Income Continuous Operations": 84500000.0,
        "Earnings From Equity Interest Net Of Tax": 900000.0,
        "Tax Provision": 33500000.0,
        "Pretax Income": 117100000.0,
        "Other Income Expense": 43800000.0,
        "Other Non Operating Income Expenses": -800000.0,
        "Special Income Charges": 44600000.0,
        "Gain On Sale Of Ppe": 3400000.0,
        "Gain On Sale Of Business": 46100000.0,
        "Write Off": 200000.0,
        "Restructuring And Mergern Acquisition": 4700000.0,
        "Net Non Operating Interest Income Expense": -18800000.0,
        "Interest Expense Non Operating": 18800000.0,
        "Operating Income": 92100000.0,
        "Operating Expense": 152800000.0,
        "Selling General And Administration": 152800000.0,
        "Gross Profit": 244900000.0,
        "Cost Of Revenue": 920000000.0,
        "Total Revenue": 1164900000.0,
        "Operating Revenue": 1164900000.0
    },
    "2024-10-31": {
        "Tax Effect Of Unusual Items": -646543.778802,
        "Tax Rate For Calcs": 0.140553,
        "Normalized EBITDA": 198500000.0,
        "Total Unusual Items": -4600000.0,
        "Total Unusual Items Excluding Goodwill": -4600000.0,
        "Net Income From Continuing Operation Net Minority Interest": 70100000.0,
        "Reconciled Depreciation": 67900000.0,
        "Reconciled Cost Of Revenue": 1128400000.0,
        "EBITDA": 193900000.0,
        "EBIT": 126000000.0,
        "Net Interest Income": -39200000.0,
        "Interest Expense": 39200000.0,
        "Normalized Income": 74053456.221198,
        "Net Income From Continuing And Discontinued Operation": 70100000.0,
        "Total Expenses": 1285900000.0,
        "Total Operating Income As Reported": 126600000.0,
        "Diluted Average Shares": 58250000.0,
        "Basic Average Shares": 57750000.0,
        "Diluted EPS": 1.08,
        "Basic EPS": 1.09,
        "Diluted NI Availto Com Stockholders": 70100000.0,
        "Net Income Common Stockholders": 70100000.0,
        "Net Income": 70100000.0,
        "Minority Interests": -5500000.0,
        "Net Income Including Noncontrolling Interests": 75600000.0,
        "Net Income Discontinuous Operations": NaN,
        "Net Income Continuous Operations": 75600000.0,
        "Earnings From Equity Interest Net Of Tax": 1000000.0,
        "Tax Provision": 12200000.0,
        "Pretax Income": 86800000.0,
        "Other Income Expense": -5200000.0,
        "Other Non Operating Income Expenses": -600000.0,
        "Special Income Charges": -4600000.0,
        "Gain On Sale Of Ppe": 2400000.0,
        "Gain On Sale Of Business": -100000.0,
        "Write Off": 700000.0,
        "Restructuring And Mergern Acquisition": 6200000.0,
        "Net Non Operating Interest Income Expense": -39200000.0,
        "Interest Expense Non Operating": 39200000.0,
        "Operating Income": 131200000.0,
        "Operating Expense": 157500000.0,
        "Selling General And Administration": 157500000.0,
        "Gross Profit": 288700000.0,
        "Cost Of Revenue": 1128400000.0,
        "Total Revenue": 1417100000.0,
        "Operating Revenue": 1417100000.0
    },
    "2025-01-31": {
        "Tax Effect Of Unusual Items": -6404587.155963,
        "Tax Rate For Calcs": 0.357798,
        "Normalized EBITDA": 144000000.0,
        "Total Unusual Items": -17900000.0,
        "Total Unusual Items Excluding Goodwill": -17900000.0,
        "Net Income From Continuing Operation Net Minority Interest": 8600000.0,
        "Reconciled Depreciation": 66600000.0,
        "Reconciled Cost Of Revenue": 1020300000.0,
        "EBITDA": 126100000.0,
        "EBIT": 59500000.0,
        "Net Interest Income": -37700000.0,
        "Interest Expense": 37700000.0,
        "Normalized Income": 20095412.844037,
        "Net Income From Continuing And Discontinued Operation": 8600000.0,
        "Total Expenses": 1188000000.0,
        "Total Operating Income As Reported": 59900000.0,
        "Diluted Average Shares": 57950000.0,
        "Basic Average Shares": 57850000.0,
        "Diluted EPS": 0.15,
        "Basic EPS": 0.15,
        "Diluted NI Availto Com Stockholders": 8600000.0,
        "Net Income Common Stockholders": 8600000.0,
        "Net Income": 8600000.0,
        "Minority Interests": -5800000.0,
        "Net Income Including Noncontrolling Interests": 14400000.0,
        "Net Income Discontinuous Operations": NaN,
        "Net Income Continuous Operations": 14400000.0,
        "Earnings From Equity Interest Net Of Tax": 400000.0,
        "Tax Provision": 7800000.0,
        "Pretax Income": 21800000.0,
        "Other Income Expense": -18300000.0,
        "Other Non Operating Income Expenses": -400000.0,
        "Special Income Charges": -17900000.0,
        "Gain On Sale Of Ppe": 1600000.0,
        "Gain On Sale Of Business": -900000.0,
        "Write Off": 13700000.0,
        "Restructuring And Mergern Acquisition": 4900000.0,
        "Net Non Operating Interest Income Expense": -37700000.0,
        "Interest Expense Non Operating": 37700000.0,
        "Operating Income": 77800000.0,
        "Operating Expense": 167700000.0,
        "Selling General And Administration": 167700000.0,
        "Gross Profit": 245500000.0,
        "Cost Of Revenue": 1020300000.0,
        "Total Revenue": 1265800000.0,
        "Operating Revenue": 1265800000.0
    },
    "2025-04-30": {
        "Tax Effect Of Unusual Items": -10051728.247914,
        "Tax Rate For Calcs": 0.355185,
        "Normalized EBITDA": 213500000.0,
        "Total Unusual Items": -28300000.0,
        "Total Unusual Items Excluding Goodwill": -28300000.0,
        "Net Income From Continuing Operation Net Minority Interest": 47300000.0,
        "Reconciled Depreciation": 66400000.0,
        "Reconciled Cost Of Revenue": 1066200000.0,
        "EBITDA": 185200000.0,
        "EBIT": 118800000.0,
        "Net Interest Income": -34900000.0,
        "Interest Expense": 34900000.0,
        "Normalized Income": 65548271.752086,
        "Net Income From Continuing And Discontinued Operation": 47300000.0,
        "Total Expenses": 1238800000.0,
        "Total Operating Income As Reported": 118600000.0,
        "Diluted Average Shares": 58218864.0,
        "Basic Average Shares": 58120086.0,
        "Diluted EPS": 0.82,
        "Basic EPS": 0.82,
        "Diluted NI Availto Com Stockholders": 47300000.0,
        "Net Income Common Stockholders": 47300000.0,
        "Net Income": 47300000.0,
        "Minority Interests": -7200000.0,
        "Net Income Including Noncontrolling Interests": 54500000.0,
        "Net Income Discontinuous Operations": NaN,
        "Net Income Continuous Operations": 54500000.0,
        "Earnings From Equity Interest Net Of Tax": 400000.0,
        "Tax Provision": 29800000.0,
        "Pretax Income": 83900000.0,
        "Other Income Expense": -28100000.0,
        "Other Non Operating Income Expenses": 200000.0,
        "Special Income Charges": -28300000.0,
        "Gain On Sale Of Ppe": -500000.0,
        "Gain On Sale Of Business": -500000.0,
        "Write Off": 10700000.0,
        "Restructuring And Mergern Acquisition": 16600000.0,
        "Net Non Operating Interest Income Expense": -34900000.0,
        "Interest Expense Non Operating": 34900000.0,
        "Operating Income": 146900000.0,
        "Operating Expense": 172600000.0,
        "Selling General And Administration": 172600000.0,
        "Gross Profit": 319500000.0,
        "Cost Of Revenue": 1066200000.0,
        "Total Revenue": 1385700000.0,
        "Operating Revenue": 1385700000.0
    },
    "2025-07-31": {
        "Tax Effect Of Unusual Items": -5751971.326165,
        "Tax Rate For Calcs": 0.21147,
        "Normalized EBITDA": 162200000.0,
        "Total Unusual Items": -27200000.0,
        "Total Unusual Items Excluding Goodwill": -27200000.0,
        "Net Income From Continuing Operation Net Minority Interest": 39300000.0,
        "Reconciled Depreciation": 64700000.0,
        "Reconciled Cost Of Revenue": 877400000.0,
        "EBITDA": 135000000.0,
        "EBIT": 70300000.0,
        "Net Interest Income": -14500000.0,
        "Interest Expense": 14500000.0,
        "Normalized Income": 60748028.673835,
        "Net Income From Continuing And Discontinued Operation": 64000000.0,
        "Total Expenses": 1034400000.0,
        "Total Operating Income As Reported": 73100000.0,
        "Diluted Average Shares": 58250000.0,
        "Basic Average Shares": 58050000.0,
        "Diluted EPS": 1.1,
        "Basic EPS": 1.1,
        "Diluted NI Availto Com Stockholders": 64000000.0,
        "Net Income Common Stockholders": 64000000.0,
        "Net Income": 64000000.0,
        "Minority Interests": -5400000.0,
        "Net Income Including Noncontrolling Interests": 69400000.0,
        "Net Income Discontinuous Operations": 24700000.0,
        "Net Income Continuous Operations": 44700000.0,
        "Earnings From Equity Interest Net Of Tax": 700000.0,
        "Tax Provision": 11800000.0,
        "Pretax Income": 55800000.0,
        "Other Income Expense": -30000000.0,
        "Other Non Operating Income Expenses": -2800000.0,
        "Special Income Charges": -27200000.0,
        "Gain On Sale Of Ppe": 2600000.0,
        "Gain On Sale Of Business": 0.0,
        "Write Off": 3400000.0,
        "Restructuring And Mergern Acquisition": 26400000.0,
        "Net Non Operating Interest Income Expense": -14500000.0,
        "Interest Expense Non Operating": 14500000.0,
        "Operating Income": 100300000.0,
        "Operating Expense": 157000000.0,
        "Selling General And Administration": 157000000.0,
        "Gross Profit": 257300000.0,
        "Cost Of Revenue": 877400000.0,
        "Total Revenue": 1134700000.0,
        "Operating Revenue": 1134700000.0
    }
}