{
    "2023-03-31": {
        "Tax Effect Of Unusual Items": NaN,
        "Tax Rate For Calcs": NaN,
        "Normalized EBITDA": NaN,
        "Total Unusual Items": NaN,
        "Total Unusual Items Excluding Goodwill": NaN,
        "Net Income From Continuing Operation Net Minority Interest": NaN,
        "Reconciled Depreciation": NaN,
        "Reconciled Cost Of Revenue": NaN,
        "EBITDA": NaN,
        "EBIT": NaN,
        "Net Interest Income": NaN,
        "Interest Expense": NaN,
        "Interest Income": NaN,
        "Normalized Income": NaN,
        "Net Income From Continuing And Discontinued Operation": NaN,
        "Total Expenses": NaN,
        "Total Operating Income As Reported": NaN,
        "Diluted Average Shares": NaN,
        "Basic Average Shares": NaN,
        "Diluted EPS": NaN,
        "Basic EPS": NaN,
        "Diluted NI Availto Com Stockholders": NaN,
        "Net Income Common Stockholders": NaN,
        "Net Income": NaN,
        "Net Income Including Noncontrolling Interests": NaN,
        "Net Income Continuous Operations": NaN,
        "Tax Provision": NaN,
        "Pretax Income": NaN,
        "Other Income Expense": NaN,
        "Other Non Operating Income Expenses": -30000000.0,
        "Special Income Charges": NaN,
        "Gain On Sale Of Ppe": NaN,
        "Other Special Charges": 0.0,
        "Restructuring And Mergern Acquisition": NaN,
        "Gain On Sale Of Security": NaN,
        "Net Non Operating Interest Income Expense": NaN,
        "Interest Expense Non Operating": NaN,
        "Interest Income Non Operating": NaN,
        "Operating Income": NaN,
        "Operating Expense": NaN,
        "Depreciation Amortization Depletion Income Statement": NaN,
        "Depreciation And Amortization In Income Statement": NaN,
        "Amortization": NaN,
        "Amortization Of Intangibles Income Statement": NaN,
        "Research And Development": NaN,
        "Selling General And Administration": NaN,
        "Selling And Marketing Expense": NaN,
        "General And Administrative Expense": NaN,
        "Other Gand A": NaN,
        "Gross Profit": NaN,
        "Cost Of Revenue": NaN,
        "Total Revenue": NaN,
        "Operating Revenue": NaN
    },
    "2022-12-31": {
        "Tax Effect Of Unusual Items": NaN,
        "Tax Rate For Calcs": NaN,
        "Normalized EBITDA": NaN,
        "Total Unusual Items": NaN,
        "Total Unusual Items Excluding Goodwill": NaN,
        "Net Income From Continuing Operation Net Minority Interest": NaN,
        "Reconciled Depreciation": NaN,
        "Reconciled Cost Of Revenue": NaN,
        "EBITDA": NaN,
        "EBIT": NaN,
        "Net Interest Income": NaN,
        "Interest Expense": NaN,
        "Interest Income": NaN,
        "Normalized Income": NaN,
        "Net Income From Continuing And Discontinued Operation": NaN,
        "Total Expenses": NaN,
        "Total Operating Income As Reported": NaN,
        "Diluted Average Shares": NaN,
        "Basic Average Shares": NaN,
        "Diluted EPS": NaN,
        "Basic EPS": NaN,
        "Diluted NI Availto Com Stockholders": NaN,
        "Net Income Common Stockholders": NaN,
        "Net Income": NaN,
        "Net Income Including Noncontrolling Interests": NaN,
        "Net Income Continuous Operations": NaN,
        "Tax Provision": NaN,
        "Pretax Income": NaN,
        "Other Income Expense": NaN,
        "Other Non Operating Income Expenses": 4000000.0,
        "Special Income Charges": NaN,
        "Gain On Sale Of Ppe": NaN,
        "Restructuring And Mergern Acquisition": NaN,
        "Gain On Sale Of Security": NaN,
        "Net Non Operating Interest Income Expense": NaN,
        "Interest Expense Non Operating": NaN,
        "Interest Income Non Operating": NaN,
        "Operating Income": NaN,
        "Operating Expense": NaN,
        "Depreciation Amortization Depletion Income Statement": NaN,
        "Depreciation And Amortization In Income Statement": NaN,
        "Amortization": NaN,
        "Amortization Of Intangibles Income Statement": NaN,
        "Research And Development": NaN,
        "Selling General And Administration": NaN,
        "Selling And Marketing Expense": NaN,
        "General And Administrative Expense": NaN,
        "Other Gand A": NaN,
        "Gross Profit": NaN,
        "Cost Of Revenue": NaN,
        "Total Revenue": NaN,
        "Operating Revenue": NaN
    },
    "2022-09-30": {
        "Tax Effect Of Unusual Items": NaN,
        "Tax Rate For Calcs": NaN,
        "Normalized EBITDA": NaN,
        "Total Unusual Items": NaN,
        "Total Unusual Items Excluding Goodwill": NaN,
        "Net Income From Continuing Operation Net Minority Interest": NaN,
        "Reconciled Depreciation": NaN,
        "Reconciled Cost Of Revenue": NaN,
        "EBITDA": NaN,
        "EBIT": NaN,
        "Net Interest Income": NaN,
        "Interest Expense": NaN,
        "Interest Income": NaN,
        "Normalized Income": NaN,
        "Net Income From Continuing And Discontinued Operation": NaN,
        "Total Expenses": NaN,
        "Total Operating Income As Reported": NaN,
        "Diluted Average Shares": NaN,
        "Basic Average Shares": NaN,
        "Diluted EPS": NaN,
        "Basic EPS": NaN,
        "Diluted NI Availto Com Stockholders": NaN,
        "Net Income Common Stockholders": NaN,
        "Net Income": NaN,
        "Net Income Including Noncontrolling Interests": NaN,
        "Net Income Continuous Operations": NaN,
        "Tax Provision": NaN,
        "Pretax Income": NaN,
        "Other Income Expense": NaN,
        "Other Non Operating Income Expenses": NaN,
        "Special Income Charges": NaN,
        "Gain On Sale Of Ppe": NaN,
        "Other Special Charges": 9000000.0,
        "Restructuring And Mergern Acquisition": NaN,
        "Gain On Sale Of Security": NaN,
        "Net Non Operating Interest Income Expense": NaN,
        "Interest Expense Non Operating": NaN,
        "Interest Income Non Operating": NaN,
        "Operating Income": NaN,
        "Operating Expense": NaN,
        "Depreciation Amortization Depletion Income Statement": NaN,
        "Depreciation And Amortization In Income Statement": NaN,
        "Amortization": NaN,
        "Amortization Of Intangibles Income Statement": NaN,
        "Research And Development": NaN,
        "Selling General And Administration": NaN,
        "Selling And Marketing Expense": NaN,
        "General And Administrative Expense": NaN,
        "Other Gand A": NaN,
        "Gross Profit": NaN,
        "Cost Of Revenue": NaN,
        "Total Revenue": NaN,
        "Operating Revenue": NaN
    },
    "2022-06-30": {
        "Tax Effect Of Unusual Items": -253275.10917,
        "Tax Rate For Calcs": 0.126638,
        "Normalized EBITDA": 291000000.0,
        "Total Unusual Items": -2000000.0,
        "Total Unusual Items Excluding Goodwill": -2000000.0,
        "Net Income From Continuing Operation Net Minority Interest": 200000000.0,
        "Reconciled Depreciation": 29000000.0,
        "Reconciled Cost Of Revenue": 94000000.0,
        "EBITDA": 289000000.0,
        "EBIT": 260000000.0,
        "Net Interest Income": -31000000.0,
        "Interest Expense": 31000000.0,
        "Interest Income": 2000000.0,
        "Normalized Income": 201746724.89083,
        "Net Income From Continuing And Discontinued Operation": 200000000.0,
        "Total Expenses": 444000000.0,
        "Total Operating Income As Reported": 261000000.0,
        "Diluted Average Shares": 604000000.0,
        "Basic Average Shares": 578000000.0,
        "Diluted EPS": 0.33,
        "Basic EPS": 0.35,
        "Diluted NI Availto Com Stockholders": 200000000.0,
        "Net Income Common Stockholders": 200000000.0,
        "Net Income": 200000000.0,
        "Net Income Including Noncontrolling Interests": 200000000.0,
        "Net Income Continuous Operations": 200000000.0,
        "Tax Provision": 29000000.0,
        "Pretax Income": 229000000.0,
        "Other Income Expense": -3000000.0,
        "Other Non Operating Income Expenses": -1000000.0,
        "Special Income Charges": -2000000.0,
        "Gain On Sale Of Ppe": NaN,
        "Other Special Charges": NaN,
        "Restructuring And Mergern Acquisition": 2000000.0,
        "Gain On Sale Of Security": -1000000.0,
        "Net Non Operating Interest Income Expense": -31000000.0,
        "Interest Expense Non Operating": 31000000.0,
        "Interest Income Non Operating": 2000000.0,
        "Operating Income": 263000000.0,
        "Operating Expense": 342000000.0,
        "Depreciation Amortization Depletion Income Statement": 21000000.0,
        "Depreciation And Amortization In Income Statement": 21000000.0,
        "Amortization": 21000000.0,
        "Amortization Of Intangibles Income Statement": 21000000.0,
        "Research And Development": 61000000.0,
        "Selling General And Administration": 260000000.0,
        "Selling And Marketing Expense": 156000000.0,
        "General And Administrative Expense": 104000000.0,
        "Other Gand A": 104000000.0,
        "Gross Profit": 605000000.0,
        "Cost Of Revenue": 102000000.0,
        "Total Revenue": 707000000.0,
        "Operating Revenue": 707000000.0
    },
    "2023-06-30": {
        "Tax Effect Of Unusual Items": NaN,
        "Tax Rate For Calcs": NaN,
        "Normalized EBITDA": NaN,
        "Total Unusual Items": NaN,
        "Total Unusual Items Excluding Goodwill": NaN,
        "Net Income From Continuing Operation Net Minority Interest": NaN,
        "Reconciled Depreciation": NaN,
        "Reconciled Cost Of Revenue": NaN,
        "EBITDA": NaN,
        "EBIT": NaN,
        "Net Interest Income": NaN,
        "Interest Expense": NaN,
        "Interest Income": NaN,
        "Normalized Income": NaN,
        "Net Income From Continuing And Discontinued Operation": NaN,
        "Total Expenses": NaN,
        "Total Operating Income As Reported": NaN,
        "Diluted Average Shares": NaN,
        "Basic Average Shares": NaN,
        "Diluted EPS": NaN,
        "Basic EPS": NaN,
        "Diluted NI Availto Com Stockholders": NaN,
        "Net Income Common Stockholders": NaN,
        "Net Income": NaN,
        "Net Income Including Noncontrolling Interests": NaN,
        "Net Income Continuous Operations": NaN,
        "Tax Provision": NaN,
        "Pretax Income": NaN,
        "Other Income Expense": NaN,
        "Other Non Operating Income Expenses": 1000000.0,
        "Special Income Charges": NaN,
        "Gain On Sale Of Ppe": NaN,
        "Restructuring And Mergern Acquisition": NaN,
        "Gain On Sale Of Security": NaN,
        "Net Non Operating Interest Income Expense": NaN,
        "Interest Expense Non Operating": NaN,
        "Interest Income Non Operating": NaN,
        "Operating Income": NaN,
        "Operating Expense": NaN,
        "Depreciation Amortization Depletion Income Statement": NaN,
        "Depreciation And Amortization In Income Statement": NaN,
        "Amortization": NaN,
        "Amortization Of Intangibles Income Statement": NaN,
        "Research And Development": NaN,
        "Selling General And Administration": NaN,
        "Selling And Marketing Expense": NaN,
        "General And Administrative Expense": NaN,
        "Other Gand A": NaN,
        "Gross Profit": NaN,
        "Cost Of Revenue": NaN,
        "Total Revenue": NaN,
        "Operating Revenue": NaN
    },
    "2022-03-31": {
        "Diluted EPS": 0.2,
        "Total Revenue": 716,
        "Gross Profit": 615,
        "Operating Income": 129,
        "EBIT": 161,
        "Net Income": 120
    },
    "2021-12-31": {
        "Diluted EPS": 0.34,
        "Total Revenue": 702,
        "Gross Profit": 597,
        "Operating Income": 302,
        "EBIT": 339,
        "Net Income": 202
    },
    "2021-09-30": {
        "Diluted EPS": 0.56,
        "Total Revenue": 692,
        "Gross Profit": 592,
        "Operating Income": 287,
        "EBIT": 322,
        "Net Income": 333
    },
    "2021-06-30": {
        "Diluted EPS": 0.31,
        "Total Revenue": 686,
        "Gross Profit": 584,
        "Operating Income": 287,
        "EBIT": 323,
        "Net Income": 181
    },
    "2021-03-31": {
        "Diluted EPS": 0.32,
        "Total Revenue": 672,
        "Gross Profit": 573,
        "Operating Income": 266,
        "EBIT": 303,
        "Net Income": 194
    },
    "2020-12-31": {
        "Diluted EPS": 0.3,
        "Total Revenue": 639,
        "Gross Profit": 552,
        "Operating Income": 280,
        "EBIT": 308,
        "Net Income": 178
    },
    "2020-09-30": {
        "Diluted EPS": 0.11,
        "Total Revenue": 626,
        "Gross Profit": 536,
        "Operating Income": 230,
        "EBIT": 269,
        "Net Income": 64
    },
    "2020-06-30": {
        "Diluted EPS": 0.19,
        "Total Revenue": 614,
        "Gross Profit": 528,
        "Operating Income": 120,
        "EBIT": 166,
        "Net Income": 118
    },
    "2020-03-31": {
        "Diluted EPS": 0.39,
        "Total Revenue": 614,
        "Gross Profit": 517,
        "Operating Income": 44,
        "EBIT": 98,
        "Net Income": 231
    },
    "2019-12-31": {
        "Diluted EPS": 4.4,
        "Total Revenue": 618,
        "Gross Profit": 515,
        "Operating Income": 62,
        "EBIT": 118,
        "Net Income": NaN
    },
    "2019-09-30": {
        "Diluted EPS": 1.22,
        "Total Revenue": 608,
        "Gross Profit": 511,
        "Operating Income": 109,
        "EBIT": 202,
        "Net Income": 785
    },
    "2019-06-30": {
        "Diluted EPS": 0.04,
        "Total Revenue": 650,
        "Gross Profit": 554,
        "Operating Income": 140,
        "EBIT": 298,
        "Net Income": 26
    },
    "2019-03-31": {
        "Diluted EPS": 0.06,
        "Total Revenue": 73,
        "Gross Profit": 93,
        "Operating Income": 51,
        "EBIT": 209,
        "Net Income": 34
    },
    "2018-12-31": {
        "Diluted EPS": 0.1,
        "Total Revenue": 615,
        "Gross Profit": 505,
        "Operating Income": 62,
        "EBIT": 214,
        "Net Income": 65
    },
    "2018-09-30": {
        "Diluted EPS": -0.01,
        "Total Revenue": 612,
        "Gross Profit": 496,
        "Operating Income": 43,
        "EBIT": 196,
        "Net Income": -8
    },
    "2018-06-30": {
        "Diluted EPS": -0.1,
        "Total Revenue": NaN,
        "Gross Profit": 907,
        "Operating Income": 2,
        "EBIT": 154,
        "Net Income": -60
    },
    "2018-03-31": {
        "Diluted EPS": -0.07,
        "Total Revenue": NaN,
        "Gross Profit": -760,
        "Operating Income": -197,
        "EBIT": -42,
        "Net Income": -59
    },
    "2017-12-31": {
        "Diluted EPS": 2.01,
        "Total Revenue": NaN,
        "Gross Profit": 960,
        "Operating Income": 96,
        "EBIT": 253,
        "Net Income": NaN
    },
    "2017-09-30": {
        "Diluted EPS": -0.02,
        "Total Revenue": NaN,
        "Gross Profit": 978,
        "Operating Income": -9,
        "EBIT": 154,
        "Net Income": -12
    },
    "2017-06-30": {
        "Diluted EPS": -0.22,
        "Total Revenue": NaN,
        "Gross Profit": 918,
        "Operating Income": -44,
        "EBIT": 121,
        "Net Income": -133
    },
    "2017-03-31": {
        "Diluted EPS": -0.23,
        "Total Revenue": NaN,
        "Gross Profit": 856,
        "Operating Income": -178,
        "EBIT": -42,
        "Net Income": -143
    },
    "2016-12-31": {
        "Diluted EPS": 0.07,
        "Total Revenue": NaN,
        "Gross Profit": 806,
        "Operating Income": -16,
        "EBIT": 135,
        "Net Income": 46
    },
    "2016-09-30": {
        "Diluted EPS": -0.23,
        "Total Revenue": 979,
        "Gross Profit": 769,
        "Operating Income": -12,
        "EBIT": 121,
        "Net Income": -144
    },
    "2016-06-30": {
        "Diluted EPS": 0.22,
        "Total Revenue": 884,
        "Gross Profit": 735,
        "Operating Income": 106,
        "EBIT": 178,
        "Net Income": 135
    },
    "2016-03-31": {
        "Diluted EPS": 3.15,
        "Total Revenue": 873,
        "Gross Profit": 726,
        "Operating Income": 128,
        "EBIT": 200,
        "Net Income": NaN
    },
    "2015-12-31": {
        "Diluted EPS": 0.25,
        "Total Revenue": 909,
        "Gross Profit": 759,
        "Operating Income": 146,
        "EBIT": 220,
        "Net Income": 170
    },
    "2015-09-30": {
        "Diluted EPS": 0.23,
        "Total Revenue": 906,
        "Gross Profit": 746,
        "Operating Income": 100,
        "EBIT": 176,
        "Net Income": 156
    },
    "2015-06-30": {
        "Diluted EPS": 0.17,
        "Total Revenue": 912,
        "Gross Profit": 754,
        "Operating Income": 83,
        "EBIT": 160,
        "Net Income": 117
    },
    "2015-03-31": {
        "Diluted EPS": 0.25,
        "Total Revenue": 899,
        "Gross Profit": 723,
        "Operating Income": -49,
        "EBIT": 38,
        "Net Income": 176
    },
    "2014-12-31": {
        "Diluted EPS": 0.32,
        "Total Revenue": 970,
        "Gross Profit": 793,
        "Operating Income": 34,
        "EBIT": 73,
        "Net Income": 222
    },
    "2014-09-30": {
        "Diluted EPS": 0.35,
        "Total Revenue": NaN,
        "Gross Profit": NaN,
        "Operating Income": 348,
        "EBIT": 460,
        "Net Income": 244
    },
    "2014-06-30": {
        "Diluted EPS": 0.34,
        "Total Revenue": NaN,
        "Gross Profit": NaN,
        "Operating Income": 322,
        "EBIT": 439,
        "Net Income": 236
    },
    "2014-03-31": {
        "Diluted EPS": 0.31,
        "Total Revenue": NaN,
        "Gross Profit": NaN,
        "Operating Income": 306,
        "EBIT": 297,
        "Net Income": 217
    },
    "2013-12-31": {
        "Diluted EPS": 0.4,
        "Total Revenue": NaN,
        "Gross Profit": NaN,
        "Operating Income": 405,
        "EBIT": 516,
        "Net Income": 283
    },
    "2013-09-30": {
        "Diluted EPS": 0.34,
        "Total Revenue": NaN,
        "Gross Profit": NaN,
        "Operating Income": 248,
        "EBIT": 359,
        "Net Income": 241
    },
    "2013-06-30": {
        "Diluted EPS": 0.22,
        "Total Revenue": NaN,
        "Gross Profit": NaN,
        "Operating Income": 224,
        "EBIT": 385,
        "Net Income": 157
    },
    "2013-03-31": {
        "Diluted EPS": 0.26,
        "Total Revenue": NaN,
        "Gross Profit": NaN,
        "Operating Income": 255,
        "EBIT": 428,
        "Net Income": 190
    },
    "2012-12-31": {
        "Diluted EPS": 0.31,
        "Total Revenue": NaN,
        "Gross Profit": NaN,
        "Operating Income": 304,
        "EBIT": 478,
        "Net Income": 216
    },
    "2012-09-30": {
        "Diluted EPS": 0.27,
        "Total Revenue": NaN,
        "Gross Profit": NaN,
        "Operating Income": 297,
        "EBIT": 473,
        "Net Income": 189
    },
    "2012-06-30": {
        "Diluted EPS": 0.22,
        "Total Revenue": NaN,
        "Gross Profit": NaN,
        "Operating Income": 250,
        "EBIT": 425,
        "Net Income": 160
    },
    "2012-03-31": {
        "Diluted EPS": 0.78,
        "Total Revenue": NaN,
        "Gross Profit": NaN,
        "Operating Income": 217,
        "EBIT": 399,
        "Net Income": 574
    },
    "2011-12-31": {
        "Diluted EPS": 0.32,
        "Total Revenue": NaN,
        "Gross Profit": NaN,
        "Operating Income": 300,
        "EBIT": 475,
        "Net Income": 240
    },
    "2011-09-30": {
        "Diluted EPS": 0.24,
        "Total Revenue": NaN,
        "Gross Profit": NaN,
        "Operating Income": 285,
        "EBIT": 462,
        "Net Income": 182
    },
    "2011-06-30": {
        "Diluted EPS": 0.25,
        "Total Revenue": NaN,
        "Gross Profit": NaN,
        "Operating Income": 302,
        "EBIT": 480,
        "Net Income": 191
    },
    "2011-03-31": {
        "Diluted EPS": 0.22,
        "Total Revenue": NaN,
        "Gross Profit": NaN,
        "Operating Income": 239,
        "EBIT": 421,
        "Net Income": 168
    },
    "2010-12-31": {
        "Diluted EPS": 0.17,
        "Total Revenue": NaN,
        "Gross Profit": NaN,
        "Operating Income": 229,
        "EBIT": 413,
        "Net Income": 132
    },
    "2010-09-30": {
        "Diluted EPS": 0.17,
        "Total Revenue": NaN,
        "Gross Profit": NaN,
        "Operating Income": 218,
        "EBIT": 401,
        "Net Income": 136
    },
    "2010-06-30": {
        "Diluted EPS": 0.2,
        "Total Revenue": NaN,
        "Gross Profit": NaN,
        "Operating Income": 194,
        "EBIT": 388,
        "Net Income": 161
    },
    "2010-03-31": {
        "Diluted EPS": 0.22,
        "Total Revenue": NaN,
        "Gross Profit": NaN,
        "Operating Income": 247,
        "EBIT": 444,
        "Net Income": 184
    },
    "2009-12-31": {
        "Diluted EPS": 0.37,
        "Total Revenue": NaN,
        "Gross Profit": NaN,
        "Operating Income": 277,
        "EBIT": 471,
        "Net Income": 301
    },
    "2009-09-30": {
        "Diluted EPS": 0.19,
        "Total Revenue": NaN,
        "Gross Profit": NaN,
        "Operating Income": 257,
        "EBIT": 457,
        "Net Income": 155
    },
    "2009-06-30": {
        "Diluted EPS": 0.09,
        "Total Revenue": NaN,
        "Gross Profit": NaN,
        "Operating Income": 152,
        "EBIT": 398,
        "Net Income": 74
    },
    "2009-03-31": {
        "Diluted EPS": -0.27,
        "Total Revenue": NaN,
        "Gross Profit": NaN,
        "Operating Income": -192,
        "EBIT": 457,
        "Net Income": -264
    },
    "2023-09-30": {
        "Tax Effect Of Unusual Items": -3360000.0,
        "Tax Rate For Calcs": 0.21,
        "Normalized EBITDA": 170000000.0,
        "Total Unusual Items": -16000000.0,
        "Total Unusual Items Excluding Goodwill": -16000000.0,
        "Net Income From Continuing Operation Net Minority Interest": 147000000.0,
        "Reconciled Depreciation": 125000000.0,
        "Reconciled Cost Of Revenue": 116000000.0,
        "EBITDA": 154000000.0,
        "EBIT": 29000000.0,
        "Net Interest Income": -167000000.0,
        "Interest Expense": 173000000.0,
        "Interest Income": 6000000.0,
        "Normalized Income": 159640000.0,
        "Net Income From Continuing And Discontinued Operation": 147000000.0,
        "Total Expenses": 906000000.0,
        "Total Operating Income As Reported": 22000000.0,
        "Diluted Average Shares": 644000000.0,
        "Basic Average Shares": 640000000.0,
        "Diluted EPS": 0.23,
        "Basic EPS": 0.23,
        "Diluted NI Availto Com Stockholders": 147000000.0,
        "Net Income Common Stockholders": 147000000.0,
        "Net Income": 147000000.0,
        "Net Income Including Noncontrolling Interests": 147000000.0,
        "Net Income Continuous Operations": 147000000.0,
        "Tax Provision": -291000000.0,
        "Pretax Income": -144000000.0,
        "Other Income Expense": -16000000.0,
        "Other Non Operating Income Expenses": NaN,
        "Special Income Charges": -17000000.0,
        "Gain On Sale Of Ppe": 0.0,
        "Restructuring And Mergern Acquisition": 17000000.0,
        "Gain On Sale Of Security": 1000000.0,
        "Net Non Operating Interest Income Expense": -167000000.0,
        "Interest Expense Non Operating": 173000000.0,
        "Interest Income Non Operating": 6000000.0,
        "Operating Income": 39000000.0,
        "Operating Expense": 726000000.0,
        "Depreciation Amortization Depletion Income Statement": 61000000.0,
        "Depreciation And Amortization In Income Statement": 61000000.0,
        "Amortization": 61000000.0,
        "Amortization Of Intangibles Income Statement": 61000000.0,
        "Research And Development": 85000000.0,
        "Selling General And Administration": 580000000.0,
        "Selling And Marketing Expense": 187000000.0,
        "General And Administrative Expense": 393000000.0,
        "Other Gand A": 393000000.0,
        "Gross Profit": 765000000.0,
        "Cost Of Revenue": 180000000.0,
        "Total Revenue": 945000000.0,
        "Operating Revenue": 945000000.0
    },
    "2023-12-31": {
        "Tax Effect Of Unusual Items": NaN,
        "Tax Rate For Calcs": NaN,
        "Normalized EBITDA": NaN,
        "Total Unusual Items": NaN,
        "Total Unusual Items Excluding Goodwill": NaN,
        "Net Income From Continuing Operation Net Minority Interest": NaN,
        "Reconciled Depreciation": NaN,
        "Reconciled Cost Of Revenue": NaN,
        "EBITDA": NaN,
        "EBIT": NaN,
        "Net Interest Income": NaN,
        "Interest Expense": NaN,
        "Interest Income": NaN,
        "Normalized Income": NaN,
        "Net Income From Continuing And Discontinued Operation": NaN,
        "Total Expenses": NaN,
        "Total Operating Income As Reported": NaN,
        "Diluted Average Shares": NaN,
        "Basic Average Shares": NaN,
        "Diluted EPS": NaN,
        "Basic EPS": NaN,
        "Diluted NI Availto Com Stockholders": NaN,
        "Net Income Common Stockholders": NaN,
        "Net Income": NaN,
        "Net Income Including Noncontrolling Interests": NaN,
        "Net Income Continuous Operations": NaN,
        "Tax Provision": NaN,
        "Pretax Income": NaN,
        "Other Income Expense": NaN,
        "Other Non Operating Income Expenses": 2000000.0,
        "Special Income Charges": NaN,
        "Gain On Sale Of Ppe": NaN,
        "Restructuring And Mergern Acquisition": NaN,
        "Gain On Sale Of Security": NaN,
        "Net Non Operating Interest Income Expense": NaN,
        "Interest Expense Non Operating": NaN,
        "Interest Income Non Operating": NaN,
        "Operating Income": NaN,
        "Operating Expense": NaN,
        "Depreciation Amortization Depletion Income Statement": NaN,
        "Depreciation And Amortization In Income Statement": NaN,
        "Amortization": NaN,
        "Amortization Of Intangibles Income Statement": NaN,
        "Research And Development": NaN,
        "Selling General And Administration": NaN,
        "Selling And Marketing Expense": NaN,
        "General And Administrative Expense": NaN,
        "Other Gand A": NaN,
        "Gross Profit": NaN,
        "Cost Of Revenue": NaN,
        "Total Revenue": NaN,
        "Operating Revenue": NaN
    },
    "2024-03-31": {
        "Tax Effect Of Unusual Items": NaN,
        "Tax Rate For Calcs": NaN,
        "Normalized EBITDA": NaN,
        "Total Unusual Items": NaN,
        "Total Unusual Items Excluding Goodwill": NaN,
        "Net Income From Continuing Operation Net Minority Interest": NaN,
        "Reconciled Depreciation": NaN,
        "Reconciled Cost Of Revenue": NaN,
        "EBITDA": NaN,
        "EBIT": NaN,
        "Net Interest Income": NaN,
        "Interest Expense": NaN,
        "Interest Income": 8000000.0,
        "Normalized Income": NaN,
        "Net Income From Continuing And Discontinued Operation": NaN,
        "Total Expenses": NaN,
        "Total Operating Income As Reported": NaN,
        "Diluted Average Shares": NaN,
        "Basic Average Shares": NaN,
        "Diluted EPS": NaN,
        "Basic EPS": NaN,
        "Diluted NI Availto Com Stockholders": NaN,
        "Net Income Common Stockholders": NaN,
        "Net Income": NaN,
        "Net Income Including Noncontrolling Interests": NaN,
        "Net Income Continuous Operations": NaN,
        "Tax Provision": NaN,
        "Pretax Income": NaN,
        "Other Income Expense": -53000000.0,
        "Other Non Operating Income Expenses": 6000000.0,
        "Special Income Charges": NaN,
        "Gain On Sale Of Ppe": 0.0,
        "Restructuring And Mergern Acquisition": NaN,
        "Gain On Sale Of Security": -38000000.0,
        "Net Non Operating Interest Income Expense": NaN,
        "Interest Expense Non Operating": NaN,
        "Interest Income Non Operating": 8000000.0,
        "Operating Income": NaN,
        "Operating Expense": NaN,
        "Depreciation Amortization Depletion Income Statement": NaN,
        "Depreciation And Amortization In Income Statement": NaN,
        "Amortization": NaN,
        "Amortization Of Intangibles Income Statement": NaN,
        "Research And Development": NaN,
        "Selling General And Administration": NaN,
        "Selling And Marketing Expense": NaN,
        "General And Administrative Expense": NaN,
        "Other Gand A": NaN,
        "Gross Profit": NaN,
        "Cost Of Revenue": NaN,
        "Total Revenue": NaN,
        "Operating Revenue": NaN
    },
    "2024-06-30": {
        "Tax Effect Of Unusual Items": NaN,
        "Tax Rate For Calcs": NaN,
        "Normalized EBITDA": NaN,
        "Total Unusual Items": NaN,
        "Total Unusual Items Excluding Goodwill": NaN,
        "Net Income From Continuing Operation Net Minority Interest": NaN,
        "Reconciled Depreciation": NaN,
        "Reconciled Cost Of Revenue": NaN,
        "EBITDA": NaN,
        "EBIT": NaN,
        "Net Interest Income": NaN,
        "Interest Expense": NaN,
        "Interest Income": 8000000.0,
        "Normalized Income": NaN,
        "Net Income From Continuing And Discontinued Operation": NaN,
        "Total Expenses": NaN,
        "Total Operating Income As Reported": NaN,
        "Diluted Average Shares": NaN,
        "Basic Average Shares": NaN,
        "Diluted EPS": NaN,
        "Basic EPS": NaN,
        "Diluted NI Availto Com Stockholders": NaN,
        "Net Income Common Stockholders": NaN,
        "Net Income": NaN,
        "Net Income Including Noncontrolling Interests": NaN,
        "Net Income Continuous Operations": NaN,
        "Tax Provision": NaN,
        "Pretax Income": NaN,
        "Other Income Expense": 13000000.0,
        "Other Non Operating Income Expenses": 12000000.0,
        "Special Income Charges": NaN,
        "Gain On Sale Of Ppe": 0.0,
        "Restructuring And Mergern Acquisition": NaN,
        "Gain On Sale Of Security": 4000000.0,
        "Net Non Operating Interest Income Expense": NaN,
        "Interest Expense Non Operating": NaN,
        "Interest Income Non Operating": 8000000.0,
        "Operating Income": NaN,
        "Operating Expense": NaN,
        "Depreciation Amortization Depletion Income Statement": NaN,
        "Depreciation And Amortization In Income Statement": NaN,
        "Amortization": NaN,
        "Amortization Of Intangibles Income Statement": NaN,
        "Research And Development": NaN,
        "Selling General And Administration": NaN,
        "Selling And Marketing Expense": NaN,
        "General And Administrative Expense": NaN,
        "Other Gand A": NaN,
        "Gross Profit": NaN,
        "Cost Of Revenue": NaN,
        "Total Revenue": NaN,
        "Operating Revenue": NaN
    },
    "2024-09-30": {
        "Tax Effect Of Unusual Items": -1900000.0,
        "Tax Rate For Calcs": 0.38,
        "Normalized EBITDA": 517000000.0,
        "Total Unusual Items": -5000000.0,
        "Total Unusual Items Excluding Goodwill": -5000000.0,
        "Net Income From Continuing Operation Net Minority Interest": 161000000.0,
        "Reconciled Depreciation": 105000000.0,
        "Reconciled Cost Of Revenue": 133000000.0,
        "EBITDA": 512000000.0,
        "EBIT": 407000000.0,
        "Net Interest Income": -143000000.0,
        "Interest Expense": 149000000.0,
        "Interest Income": 6000000.0,
        "Normalized Income": 164100000.0,
        "Net Income From Continuing And Discontinued Operation": 161000000.0,
        "Total Expenses": 569000000.0,
        "Total Operating Income As Reported": 402000000.0,
        "Diluted Average Shares": 622000000.0,
        "Basic Average Shares": 616000000.0,
        "Diluted EPS": 0.26,
        "Basic EPS": 0.26,
        "Diluted NI Availto Com Stockholders": 161000000.0,
        "Net Income Common Stockholders": 161000000.0,
        "Net Income": 161000000.0,
        "Net Income Including Noncontrolling Interests": 161000000.0,
        "Net Income Continuous Operations": 161000000.0,
        "Tax Provision": 97000000.0,
        "Pretax Income": 258000000.0,
        "Other Income Expense": -4000000.0,
        "Other Non Operating Income Expenses": 1000000.0,
        "Special Income Charges": -3000000.0,
        "Gain On Sale Of Ppe": 0.0,
        "Restructuring And Mergern Acquisition": 3000000.0,
        "Gain On Sale Of Security": -2000000.0,
        "Net Non Operating Interest Income Expense": -143000000.0,
        "Interest Expense Non Operating": 149000000.0,
        "Interest Income Non Operating": 6000000.0,
        "Operating Income": 405000000.0,
        "Operating Expense": 375000000.0,
        "Depreciation Amortization Depletion Income Statement": 44000000.0,
        "Depreciation And Amortization In Income Statement": 44000000.0,
        "Amortization": 44000000.0,
        "Amortization Of Intangibles Income Statement": 44000000.0,
        "Research And Development": 83000000.0,
        "Selling General And Administration": 248000000.0,
        "Selling And Marketing Expense": 184000000.0,
        "General And Administrative Expense": 64000000.0,
        "Other Gand A": 64000000.0,
        "Gross Profit": 780000000.0,
        "Cost Of Revenue": 194000000.0,
        "Total Revenue": 974000000.0,
        "Operating Revenue": 974000000.0
    },
    "2024-12-31": {
        "Tax Effect Of Unusual Items": -7920000.0,
        "Tax Rate For Calcs": 0.24,
        "Normalized EBITDA": 486000000.0,
        "Total Unusual Items": -33000000.0,
        "Total Unusual Items Excluding Goodwill": -33000000.0,
        "Net Income From Continuing Operation Net Minority Interest": 159000000.0,
        "Reconciled Depreciation": 104000000.0,
        "Reconciled Cost Of Revenue": 132000000.0,
        "EBITDA": 453000000.0,
        "EBIT": 349000000.0,
        "Net Interest Income": -135000000.0,
        "Interest Expense": 141000000.0,
        "Interest Income": 6000000.0,
        "Normalized Income": 184080000.0,
        "Net Income From Continuing And Discontinued Operation": 159000000.0,
        "Total Expenses": 610000000.0,
        "Total Operating Income As Reported": 374000000.0,
        "Diluted Average Shares": 623000000.0,
        "Basic Average Shares": 616000000.0,
        "Diluted EPS": 0.26,
        "Basic EPS": 0.26,
        "Diluted NI Availto Com Stockholders": 159000000.0,
        "Net Income Common Stockholders": 159000000.0,
        "Net Income": 159000000.0,
        "Net Income Including Noncontrolling Interests": 159000000.0,
        "Net Income Continuous Operations": 159000000.0,
        "Tax Provision": 49000000.0,
        "Pretax Income": 208000000.0,
        "Other Income Expense": -33000000.0,
        "Other Non Operating Income Expenses": NaN,
        "Special Income Charges": -2000000.0,
        "Gain On Sale Of Ppe": 0.0,
        "Restructuring And Mergern Acquisition": 2000000.0,
        "Gain On Sale Of Security": -31000000.0,
        "Net Non Operating Interest Income Expense": -135000000.0,
        "Interest Expense Non Operating": 141000000.0,
        "Interest Income Non Operating": 6000000.0,
        "Operating Income": 376000000.0,
        "Operating Expense": 417000000.0,
        "Depreciation Amortization Depletion Income Statement": 43000000.0,
        "Depreciation And Amortization In Income Statement": 43000000.0,
        "Amortization": 43000000.0,
        "Amortization Of Intangibles Income Statement": 43000000.0,
        "Research And Development": 84000000.0,
        "Selling General And Administration": 290000000.0,
        "Selling And Marketing Expense": 182000000.0,
        "General And Administrative Expense": 108000000.0,
        "Other Gand A": 108000000.0,
        "Gross Profit": 793000000.0,
        "Cost Of Revenue": 193000000.0,
        "Total Revenue": 986000000.0,
        "Operating Revenue": 986000000.0
    },
    "2025-03-31": {
        "Tax Effect Of Unusual Items": -1050000.0,
        "Tax Rate For Calcs": 0.21,
        "Normalized EBITDA": 531000000.0,
        "Total Unusual Items": -5000000.0,
        "Total Unusual Items Excluding Goodwill": -5000000.0,
        "Net Income From Continuing Operation Net Minority Interest": 142000000.0,
        "Reconciled Depreciation": 104000000.0,
        "Reconciled Cost Of Revenue": 139000000.0,
        "EBITDA": 526000000.0,
        "EBIT": 422000000.0,
        "Net Interest Income": -127000000.0,
        "Interest Expense": 135000000.0,
        "Interest Income": 8000000.0,
        "Normalized Income": 145950000.0,
        "Net Income From Continuing And Discontinued Operation": 142000000.0,
        "Total Expenses": 587000000.0,
        "Total Operating Income As Reported": 417000000.0,
        "Diluted Average Shares": 624000000.0,
        "Basic Average Shares": 616000000.0,
        "Diluted EPS": 0.23,
        "Basic EPS": 0.23,
        "Diluted NI Availto Com Stockholders": 142000000.0,
        "Net Income Common Stockholders": 142000000.0,
        "Net Income": 142000000.0,
        "Net Income Including Noncontrolling Interests": 142000000.0,
        "Net Income Continuous Operations": 142000000.0,
        "Tax Provision": 145000000.0,
        "Pretax Income": 287000000.0,
        "Other Income Expense": -9000000.0,
        "Other Non Operating Income Expenses": -4000000.0,
        "Special Income Charges": -6000000.0,
        "Gain On Sale Of Ppe": 0.0,
        "Restructuring And Mergern Acquisition": 3000000.0,
        "Gain On Sale Of Security": 1000000.0,
        "Net Non Operating Interest Income Expense": -127000000.0,
        "Interest Expense Non Operating": 135000000.0,
        "Interest Income Non Operating": 8000000.0,
        "Operating Income": 423000000.0,
        "Operating Expense": 388000000.0,
        "Depreciation Amortization Depletion Income Statement": 44000000.0,
        "Depreciation And Amortization In Income Statement": 44000000.0,
        "Amortization": 44000000.0,
        "Amortization Of Intangibles Income Statement": 44000000.0,
        "Research And Development": 81000000.0,
        "Selling General And Administration": 263000000.0,
        "Selling And Marketing Expense": 196000000.0,
        "General And Administrative Expense": 67000000.0,
        "Other Gand A": 67000000.0,
        "Gross Profit": 811000000.0,
        "Cost Of Revenue": 199000000.0,
        "Total Revenue": 1010000000.0,
        "Operating Revenue": 1010000000.0
    },
    "2025-06-30": {
        "Tax Effect Of Unusual Items": -2100000.0,
        "Tax Rate For Calcs": 0.21,
        "Normalized EBITDA": 589000000.0,
        "Total Unusual Items": -10000000.0,
        "Total Unusual Items Excluding Goodwill": -10000000.0,
        "Net Income From Continuing Operation Net Minority Interest": 135000000.0,
        "Reconciled Depreciation": 123000000.0,
        "Reconciled Cost Of Revenue": 198000000.0,
        "EBITDA": 579000000.0,
        "EBIT": 456000000.0,
        "Net Interest Income": -156000000.0,
        "Interest Expense": 156000000.0,
        "Interest Income": NaN,
        "Normalized Income": 142900000.0,
        "Net Income From Continuing And Discontinued Operation": 135000000.0,
        "Total Expenses": 801000000.0,
        "Total Operating Income As Reported": 446000000.0,
        "Diluted Average Shares": 624000000.0,
        "Basic Average Shares": 617000000.0,
        "Diluted EPS": 0.22,
        "Basic EPS": 0.22,
        "Diluted NI Availto Com Stockholders": 135000000.0,
        "Net Income Common Stockholders": 135000000.0,
        "Net Income": 135000000.0,
        "Net Income Including Noncontrolling Interests": 135000000.0,
        "Net Income Continuous Operations": 135000000.0,
        "Tax Provision": 165000000.0,
        "Pretax Income": 300000000.0,
        "Other Income Expense": NaN,
        "Other Non Operating Income Expenses": 10000000.0,
        "Special Income Charges": -10000000.0,
        "Gain On Sale Of Ppe": NaN,
        "Restructuring And Mergern Acquisition": 10000000.0,
        "Gain On Sale Of Security": NaN,
        "Net Non Operating Interest Income Expense": -156000000.0,
        "Interest Expense Non Operating": 156000000.0,
        "Interest Income Non Operating": NaN,
        "Operating Income": 456000000.0,
        "Operating Expense": 534000000.0,
        "Depreciation Amortization Depletion Income Statement": 54000000.0,
        "Depreciation And Amortization In Income Statement": 54000000.0,
        "Amortization": 54000000.0,
        "Amortization Of Intangibles Income Statement": 54000000.0,
        "Research And Development": 109000000.0,
        "Selling General And Administration": 371000000.0,
        "Selling And Marketing Expense": 297000000.0,
        "General And Administrative Expense": 74000000.0,
        "Other Gand A": 74000000.0,
        "Gross Profit": 990000000.0,
        "Cost Of Revenue": 267000000.0,
        "Total Revenue": 1257000000.0,
        "Operating Revenue": 1257000000.0
    },
    "2025-09-30": {
        "Tax Effect Of Unusual Items": -14910000.0,
        "Tax Rate For Calcs": 0.21,
        "Normalized EBITDA": 575000000.0,
        "Total Unusual Items": -71000000.0,
        "Total Unusual Items Excluding Goodwill": -71000000.0,
        "Net Income From Continuing Operation Net Minority Interest": 134000000.0,
        "Reconciled Depreciation": 125000000.0,
        "Reconciled Cost Of Revenue": 196000000.0,
        "EBITDA": 504000000.0,
        "EBIT": 379000000.0,
        "Net Interest Income": -140000000.0,
        "Interest Expense": 146000000.0,
        "Interest Income": 6000000.0,
        "Normalized Income": 190090000.0,
        "Net Income From Continuing And Discontinued Operation": 134000000.0,
        "Total Expenses": 778000000.0,
        "Total Operating Income As Reported": 438000000.0,
        "Diluted Average Shares": 624000000.0,
        "Basic Average Shares": 616000000.0,
        "Diluted EPS": 0.21,
        "Basic EPS": 0.22,
        "Diluted NI Availto Com Stockholders": 134000000.0,
        "Net Income Common Stockholders": 134000000.0,
        "Net Income": 134000000.0,
        "Net Income Including Noncontrolling Interests": 134000000.0,
        "Net Income Continuous Operations": 134000000.0,
        "Tax Provision": 99000000.0,
        "Pretax Income": 233000000.0,
        "Other Income Expense": -69000000.0,
        "Other Non Operating Income Expenses": 2000000.0,
        "Special Income Charges": -4000000.0,
        "Gain On Sale Of Ppe": 0.0,
        "Restructuring And Mergern Acquisition": 4000000.0,
        "Gain On Sale Of Security": -67000000.0,
        "Net Non Operating Interest Income Expense": -140000000.0,
        "Interest Expense Non Operating": 146000000.0,
        "Interest Income Non Operating": 6000000.0,
        "Operating Income": 442000000.0,
        "Operating Expense": 512000000.0,
        "Depreciation Amortization Depletion Income Statement": 55000000.0,
        "Depreciation And Amortization In Income Statement": 55000000.0,
        "Amortization": 55000000.0,
        "Amortization Of Intangibles Income Statement": 55000000.0,
        "Research And Development": 100000000.0,
        "Selling General And Administration": 357000000.0,
        "Selling And Marketing Expense": 297000000.0,
        "General And Administrative Expense": 60000000.0,
        "Other Gand A": 60000000.0,
        "Gross Profit": 954000000.0,
        "Cost Of Revenue": 266000000.0,
        "Total Revenue": 1220000000.0,
        "Operating Revenue": 1220000000.0
    }
}