{
    "2023-03-31": {
        "Tax Effect Of Unusual Items": NaN,
        "Tax Rate For Calcs": NaN,
        "Normalized EBITDA": NaN,
        "Total Unusual Items": NaN,
        "Total Unusual Items Excluding Goodwill": NaN,
        "Net Income From Continuing Operation Net Minority Interest": NaN,
        "Reconciled Depreciation": NaN,
        "Reconciled Cost Of Revenue": NaN,
        "EBITDA": NaN,
        "EBIT": NaN,
        "Net Interest Income": NaN,
        "Interest Income": 418000.0,
        "Normalized Income": NaN,
        "Net Income From Continuing And Discontinued Operation": NaN,
        "Total Expenses": NaN,
        "Total Operating Income As Reported": NaN,
        "Diluted Average Shares": NaN,
        "Basic Average Shares": NaN,
        "Diluted EPS": NaN,
        "Basic EPS": NaN,
        "Diluted NI Availto Com Stockholders": NaN,
        "Net Income Common Stockholders": NaN,
        "Net Income": NaN,
        "Net Income Including Noncontrolling Interests": NaN,
        "Net Income Continuous Operations": NaN,
        "Earnings From Equity Interest Net Of Tax": NaN,
        "Tax Provision": NaN,
        "Pretax Income": NaN,
        "Other Income Expense": NaN,
        "Special Income Charges": NaN,
        "Gain On Sale Of Ppe": NaN,
        "Restructuring And Mergern Acquisition": NaN,
        "Gain On Sale Of Security": NaN,
        "Net Non Operating Interest Income Expense": NaN,
        "Total Other Finance Cost": NaN,
        "Interest Income Non Operating": 418000.0,
        "Operating Income": NaN,
        "Operating Expense": NaN,
        "Research And Development": NaN,
        "Selling General And Administration": NaN,
        "Selling And Marketing Expense": NaN,
        "General And Administrative Expense": NaN,
        "Other Gand A": NaN,
        "Gross Profit": NaN,
        "Cost Of Revenue": NaN,
        "Total Revenue": NaN,
        "Operating Revenue": NaN
    },
    "2022-12-31": {
        "Tax Effect Of Unusual Items": NaN,
        "Tax Rate For Calcs": NaN,
        "Normalized EBITDA": NaN,
        "Total Unusual Items": NaN,
        "Total Unusual Items Excluding Goodwill": NaN,
        "Net Income From Continuing Operation Net Minority Interest": NaN,
        "Reconciled Depreciation": NaN,
        "Reconciled Cost Of Revenue": NaN,
        "EBITDA": NaN,
        "EBIT": NaN,
        "Net Interest Income": NaN,
        "Interest Expense": 354000.0,
        "Interest Income": NaN,
        "Normalized Income": NaN,
        "Net Income From Continuing And Discontinued Operation": NaN,
        "Total Expenses": NaN,
        "Total Operating Income As Reported": NaN,
        "Diluted Average Shares": NaN,
        "Basic Average Shares": NaN,
        "Diluted EPS": NaN,
        "Basic EPS": NaN,
        "Diluted NI Availto Com Stockholders": NaN,
        "Net Income Common Stockholders": NaN,
        "Otherunder Preferred Stock Dividend": 0.0,
        "Net Income": NaN,
        "Net Income Including Noncontrolling Interests": NaN,
        "Net Income Continuous Operations": NaN,
        "Earnings From Equity Interest Net Of Tax": NaN,
        "Tax Provision": NaN,
        "Pretax Income": NaN,
        "Other Income Expense": NaN,
        "Special Income Charges": NaN,
        "Gain On Sale Of Ppe": NaN,
        "Restructuring And Mergern Acquisition": NaN,
        "Gain On Sale Of Security": NaN,
        "Net Non Operating Interest Income Expense": NaN,
        "Total Other Finance Cost": NaN,
        "Interest Expense Non Operating": 354000.0,
        "Interest Income Non Operating": NaN,
        "Operating Income": NaN,
        "Operating Expense": NaN,
        "Research And Development": NaN,
        "Selling General And Administration": NaN,
        "Selling And Marketing Expense": NaN,
        "General And Administrative Expense": NaN,
        "Other Gand A": NaN,
        "Gross Profit": NaN,
        "Cost Of Revenue": NaN,
        "Total Revenue": NaN,
        "Operating Revenue": NaN
    },
    "2022-09-30": {
        "Tax Effect Of Unusual Items": NaN,
        "Tax Rate For Calcs": NaN,
        "Normalized EBITDA": NaN,
        "Total Unusual Items": NaN,
        "Total Unusual Items Excluding Goodwill": NaN,
        "Net Income From Continuing Operation Net Minority Interest": NaN,
        "Reconciled Depreciation": NaN,
        "Reconciled Cost Of Revenue": NaN,
        "EBITDA": NaN,
        "EBIT": NaN,
        "Net Interest Income": NaN,
        "Interest Expense": 367000.0,
        "Interest Income": NaN,
        "Normalized Income": NaN,
        "Net Income From Continuing And Discontinued Operation": NaN,
        "Total Expenses": NaN,
        "Total Operating Income As Reported": NaN,
        "Diluted Average Shares": NaN,
        "Basic Average Shares": NaN,
        "Diluted EPS": NaN,
        "Basic EPS": NaN,
        "Diluted NI Availto Com Stockholders": NaN,
        "Net Income Common Stockholders": NaN,
        "Otherunder Preferred Stock Dividend": 0.0,
        "Net Income": NaN,
        "Net Income Including Noncontrolling Interests": NaN,
        "Net Income Continuous Operations": NaN,
        "Earnings From Equity Interest Net Of Tax": NaN,
        "Tax Provision": NaN,
        "Pretax Income": NaN,
        "Other Income Expense": NaN,
        "Special Income Charges": NaN,
        "Gain On Sale Of Ppe": NaN,
        "Restructuring And Mergern Acquisition": NaN,
        "Gain On Sale Of Security": NaN,
        "Net Non Operating Interest Income Expense": NaN,
        "Total Other Finance Cost": 367000.0,
        "Interest Expense Non Operating": 367000.0,
        "Interest Income Non Operating": NaN,
        "Operating Income": NaN,
        "Operating Expense": NaN,
        "Research And Development": NaN,
        "Selling General And Administration": NaN,
        "Selling And Marketing Expense": NaN,
        "General And Administrative Expense": NaN,
        "Other Gand A": NaN,
        "Gross Profit": NaN,
        "Cost Of Revenue": NaN,
        "Total Revenue": NaN,
        "Operating Revenue": NaN
    },
    "2022-06-30": {
        "Tax Effect Of Unusual Items": 403179.297246,
        "Tax Rate For Calcs": 0.011586,
        "Normalized EBITDA": -22432000.0,
        "Total Unusual Items": 34799000.0,
        "Total Unusual Items Excluding Goodwill": 34799000.0,
        "Net Income From Continuing Operation Net Minority Interest": -4755000.0,
        "Reconciled Depreciation": 17257000.0,
        "Reconciled Cost Of Revenue": 61817000.0,
        "EBITDA": 12367000.0,
        "EBIT": -4890000.0,
        "Net Interest Income": -375000.0,
        "Interest Expense": 375000.0,
        "Interest Income": NaN,
        "Normalized Income": -39150820.702754,
        "Net Income From Continuing And Discontinued Operation": -4755000.0,
        "Total Expenses": 110806000.0,
        "Total Operating Income As Reported": -39689000.0,
        "Diluted Average Shares": 198347397.0,
        "Basic Average Shares": 198347397.0,
        "Diluted EPS": -0.02,
        "Basic EPS": -0.02,
        "Diluted NI Availto Com Stockholders": -4755000.0,
        "Net Income Common Stockholders": -4755000.0,
        "Otherunder Preferred Stock Dividend": NaN,
        "Net Income": -4755000.0,
        "Net Income Including Noncontrolling Interests": -4755000.0,
        "Net Income Continuous Operations": -4755000.0,
        "Earnings From Equity Interest Net Of Tax": 449000.0,
        "Tax Provision": -61000.0,
        "Pretax Income": -5265000.0,
        "Other Income Expense": 34799000.0,
        "Special Income Charges": -1000.0,
        "Gain On Sale Of Ppe": -1000.0,
        "Restructuring And Mergern Acquisition": 0.0,
        "Gain On Sale Of Security": 34800000.0,
        "Net Non Operating Interest Income Expense": -375000.0,
        "Total Other Finance Cost": NaN,
        "Interest Expense Non Operating": 375000.0,
        "Interest Income Non Operating": NaN,
        "Operating Income": -39689000.0,
        "Operating Expense": 48989000.0,
        "Research And Development": 7734000.0,
        "Selling General And Administration": 41255000.0,
        "Selling And Marketing Expense": 8973000.0,
        "General And Administrative Expense": 32282000.0,
        "Other Gand A": 32282000.0,
        "Gross Profit": 9300000.0,
        "Cost Of Revenue": 61817000.0,
        "Total Revenue": 71117000.0,
        "Operating Revenue": 71117000.0
    },
    "2022-03-31": {
        "Diluted EPS": -0.21,
        "Total Revenue": 86,
        "Gross Profit": -15,
        "Operating Income": -65,
        "EBIT": -47,
        "Net Income": -40
    },
    "2021-12-31": {
        "Diluted EPS": -0.47,
        "Total Revenue": 84,
        "Gross Profit": -25,
        "Operating Income": -76,
        "EBIT": -59,
        "Net Income": -65
    },
    "2021-09-30": {
        "Diluted EPS": -0.37,
        "Total Revenue": 69,
        "Gross Profit": -17,
        "Operating Income": -65,
        "EBIT": -45,
        "Net Income": -70
    },
    "2021-06-30": {
        "Diluted EPS": -3.08,
        "Total Revenue": 56,
        "Gross Profit": -184,
        "Operating Income": -429,
        "EBIT": -417,
        "Net Income": -464
    },
    "2021-03-31": {
        "Diluted EPS": -0.08,
        "Total Revenue": 54,
        "Gross Profit": 14,
        "Operating Income": -3,
        "EBIT": 7,
        "Net Income": -5
    },
    "2020-12-31": {
        "Diluted EPS": 3.74,
        "Total Revenue": 47,
        "Gross Profit": 13,
        "Operating Income": -7,
        "EBIT": 3,
        "Net Income": -14
    },
    "2020-09-30": {
        "Diluted EPS": -0.03,
        "Total Revenue": 41,
        "Gross Profit": 11,
        "Operating Income": 0,
        "EBIT": 9,
        "Net Income": -2
    },
    "2020-06-30": {
        "Diluted EPS": -0.11,
        "Total Revenue": 27,
        "Gross Profit": 4,
        "Operating Income": -7,
        "EBIT": 2,
        "Net Income": -7
    },
    "2020-03-31": {
        "Diluted EPS": -4.03,
        "Total Revenue": 35,
        "Gross Profit": 8,
        "Operating Income": -7,
        "EBIT": 2,
        "Net Income": -8
    },
    "2019-12-31": {
        "Diluted EPS": 0.0,
        "Total Revenue": NaN,
        "Gross Profit": NaN,
        "Operating Income": NaN,
        "EBIT": NaN,
        "Net Income": NaN
    },
    "2018-12-31": {
        "Diluted EPS": 0.0,
        "Total Revenue": NaN,
        "Gross Profit": NaN,
        "Operating Income": NaN,
        "EBIT": NaN,
        "Net Income": NaN
    },
    "2023-06-30": {
        "Tax Effect Of Unusual Items": NaN,
        "Tax Rate For Calcs": NaN,
        "Normalized EBITDA": NaN,
        "Total Unusual Items": NaN,
        "Total Unusual Items Excluding Goodwill": NaN,
        "Net Income From Continuing Operation Net Minority Interest": NaN,
        "Reconciled Depreciation": NaN,
        "Reconciled Cost Of Revenue": NaN,
        "EBITDA": NaN,
        "EBIT": NaN,
        "Net Interest Income": NaN,
        "Interest Income": NaN,
        "Normalized Income": NaN,
        "Net Income From Continuing And Discontinued Operation": NaN,
        "Total Expenses": NaN,
        "Total Operating Income As Reported": NaN,
        "Diluted Average Shares": NaN,
        "Basic Average Shares": NaN,
        "Diluted EPS": NaN,
        "Basic EPS": NaN,
        "Diluted NI Availto Com Stockholders": NaN,
        "Net Income Common Stockholders": NaN,
        "Net Income": NaN,
        "Net Income Including Noncontrolling Interests": NaN,
        "Net Income Continuous Operations": NaN,
        "Earnings From Equity Interest Net Of Tax": NaN,
        "Tax Provision": NaN,
        "Pretax Income": NaN,
        "Other Income Expense": NaN,
        "Special Income Charges": NaN,
        "Gain On Sale Of Ppe": NaN,
        "Restructuring And Mergern Acquisition": NaN,
        "Gain On Sale Of Security": NaN,
        "Net Non Operating Interest Income Expense": NaN,
        "Total Other Finance Cost": 202000.0,
        "Interest Income Non Operating": NaN,
        "Operating Income": NaN,
        "Operating Expense": NaN,
        "Research And Development": NaN,
        "Selling General And Administration": NaN,
        "Selling And Marketing Expense": NaN,
        "General And Administrative Expense": NaN,
        "Other Gand A": NaN,
        "Gross Profit": NaN,
        "Cost Of Revenue": NaN,
        "Total Revenue": NaN,
        "Operating Revenue": NaN
    },
    "2023-09-30": {
        "Tax Effect Of Unusual Items": NaN,
        "Tax Rate For Calcs": NaN,
        "Normalized EBITDA": NaN,
        "Total Unusual Items": NaN,
        "Total Unusual Items Excluding Goodwill": NaN,
        "Net Income From Continuing Operation Net Minority Interest": NaN,
        "Reconciled Depreciation": NaN,
        "Reconciled Cost Of Revenue": NaN,
        "EBITDA": NaN,
        "EBIT": NaN,
        "Net Interest Income": NaN,
        "Interest Income": NaN,
        "Normalized Income": NaN,
        "Net Income From Continuing And Discontinued Operation": NaN,
        "Total Expenses": NaN,
        "Total Operating Income As Reported": NaN,
        "Diluted Average Shares": NaN,
        "Basic Average Shares": NaN,
        "Diluted EPS": NaN,
        "Basic EPS": NaN,
        "Diluted NI Availto Com Stockholders": NaN,
        "Net Income Common Stockholders": NaN,
        "Net Income": NaN,
        "Net Income Including Noncontrolling Interests": NaN,
        "Net Income Continuous Operations": NaN,
        "Earnings From Equity Interest Net Of Tax": NaN,
        "Tax Provision": NaN,
        "Pretax Income": NaN,
        "Other Income Expense": NaN,
        "Special Income Charges": NaN,
        "Gain On Sale Of Ppe": NaN,
        "Restructuring And Mergern Acquisition": NaN,
        "Gain On Sale Of Security": NaN,
        "Net Non Operating Interest Income Expense": NaN,
        "Total Other Finance Cost": -1157000.0,
        "Interest Income Non Operating": NaN,
        "Operating Income": NaN,
        "Operating Expense": NaN,
        "Research And Development": NaN,
        "Selling General And Administration": NaN,
        "Selling And Marketing Expense": NaN,
        "General And Administrative Expense": NaN,
        "Other Gand A": NaN,
        "Gross Profit": NaN,
        "Cost Of Revenue": NaN,
        "Total Revenue": NaN,
        "Operating Revenue": NaN
    },
    "2023-12-31": {
        "Tax Effect Of Unusual Items": -65600.015142,
        "Tax Rate For Calcs": 0.010675,
        "Normalized EBITDA": -3631000.0,
        "Total Unusual Items": -6145000.0,
        "Total Unusual Items Excluding Goodwill": -6145000.0,
        "Net Income From Continuing Operation Net Minority Interest": -38452000.0,
        "Reconciled Depreciation": 24283000.0,
        "Reconciled Cost Of Revenue": 116656000.0,
        "EBITDA": -9776000.0,
        "EBIT": -34059000.0,
        "Net Interest Income": 580000.0,
        "Interest Income": NaN,
        "Normalized Income": -32372600.015142,
        "Net Income From Continuing And Discontinued Operation": -38452000.0,
        "Total Expenses": 161231000.0,
        "Total Operating Income As Reported": -34397000.0,
        "Diluted Average Shares": 227480271.0,
        "Basic Average Shares": 227480271.0,
        "Diluted EPS": -0.17,
        "Basic EPS": -0.17,
        "Diluted NI Availto Com Stockholders": -38452000.0,
        "Net Income Common Stockholders": -38452000.0,
        "Net Income": -38452000.0,
        "Net Income Including Noncontrolling Interests": -38452000.0,
        "Net Income Continuous Operations": -38452000.0,
        "Earnings From Equity Interest Net Of Tax": 749000.0,
        "Tax Provision": -423000.0,
        "Pretax Income": -39624000.0,
        "Other Income Expense": -6145000.0,
        "Special Income Charges": -11933000.0,
        "Gain On Sale Of Ppe": -11485000.0,
        "Restructuring And Mergern Acquisition": 448000.0,
        "Gain On Sale Of Security": 5788000.0,
        "Net Non Operating Interest Income Expense": 580000.0,
        "Total Other Finance Cost": NaN,
        "Interest Income Non Operating": NaN,
        "Operating Income": -34059000.0,
        "Operating Expense": 44575000.0,
        "Research And Development": 7874000.0,
        "Selling General And Administration": 36701000.0,
        "Selling And Marketing Expense": 9625000.0,
        "General And Administrative Expense": 27076000.0,
        "Other Gand A": 27076000.0,
        "Gross Profit": 10516000.0,
        "Cost Of Revenue": 116656000.0,
        "Total Revenue": 127172000.0,
        "Operating Revenue": 127172000.0
    },
    "2024-03-31": {
        "Tax Effect Of Unusual Items": NaN,
        "Tax Rate For Calcs": NaN,
        "Normalized EBITDA": NaN,
        "Total Unusual Items": NaN,
        "Total Unusual Items Excluding Goodwill": NaN,
        "Net Income From Continuing Operation Net Minority Interest": NaN,
        "Reconciled Depreciation": NaN,
        "Reconciled Cost Of Revenue": NaN,
        "EBITDA": NaN,
        "EBIT": NaN,
        "Net Interest Income": NaN,
        "Interest Income": 666000.0,
        "Normalized Income": NaN,
        "Net Income From Continuing And Discontinued Operation": NaN,
        "Total Expenses": NaN,
        "Total Operating Income As Reported": NaN,
        "Diluted Average Shares": NaN,
        "Basic Average Shares": NaN,
        "Diluted EPS": NaN,
        "Basic EPS": NaN,
        "Diluted NI Availto Com Stockholders": NaN,
        "Net Income Common Stockholders": NaN,
        "Net Income": NaN,
        "Net Income Including Noncontrolling Interests": NaN,
        "Net Income Continuous Operations": NaN,
        "Earnings From Equity Interest Net Of Tax": NaN,
        "Tax Provision": NaN,
        "Pretax Income": NaN,
        "Other Income Expense": NaN,
        "Special Income Charges": NaN,
        "Gain On Sale Of Ppe": NaN,
        "Restructuring And Mergern Acquisition": NaN,
        "Gain On Sale Of Security": NaN,
        "Net Non Operating Interest Income Expense": NaN,
        "Total Other Finance Cost": NaN,
        "Interest Income Non Operating": 666000.0,
        "Operating Income": NaN,
        "Operating Expense": NaN,
        "Research And Development": NaN,
        "Selling General And Administration": NaN,
        "Selling And Marketing Expense": NaN,
        "General And Administrative Expense": NaN,
        "Other Gand A": NaN,
        "Gross Profit": NaN,
        "Cost Of Revenue": NaN,
        "Total Revenue": NaN,
        "Operating Revenue": NaN
    },
    "2024-06-30": {
        "Tax Effect Of Unusual Items": -249619.720708,
        "Tax Rate For Calcs": 0.055943,
        "Normalized EBITDA": 5827000.0,
        "Total Unusual Items": -4462000.0,
        "Total Unusual Items Excluding Goodwill": -4462000.0,
        "Net Income From Continuing Operation Net Minority Interest": -21792000.0,
        "Reconciled Depreciation": 20739000.0,
        "Reconciled Cost Of Revenue": 67079000.0,
        "EBITDA": 1365000.0,
        "EBIT": -19374000.0,
        "Net Interest Income": 348000.0,
        "Interest Income": NaN,
        "Normalized Income": -17579619.720708,
        "Net Income From Continuing And Discontinued Operation": -21792000.0,
        "Total Expenses": 114821000.0,
        "Total Operating Income As Reported": -21002000.0,
        "Diluted Average Shares": 229464001.0,
        "Basic Average Shares": 229464001.0,
        "Diluted EPS": -0.09,
        "Basic EPS": -0.09,
        "Diluted NI Availto Com Stockholders": -21792000.0,
        "Net Income Common Stockholders": -21792000.0,
        "Net Income": -21792000.0,
        "Net Income Including Noncontrolling Interests": -21792000.0,
        "Net Income Continuous Operations": -21792000.0,
        "Earnings From Equity Interest Net Of Tax": 382000.0,
        "Tax Provision": -1314000.0,
        "Pretax Income": -23488000.0,
        "Other Income Expense": -4462000.0,
        "Special Income Charges": -1640000.0,
        "Gain On Sale Of Ppe": -12000.0,
        "Restructuring And Mergern Acquisition": 1628000.0,
        "Gain On Sale Of Security": -2822000.0,
        "Net Non Operating Interest Income Expense": 348000.0,
        "Total Other Finance Cost": -348000.0,
        "Interest Income Non Operating": NaN,
        "Operating Income": -19374000.0,
        "Operating Expense": 47742000.0,
        "Research And Development": 7214000.0,
        "Selling General And Administration": 40528000.0,
        "Selling And Marketing Expense": 9661000.0,
        "General And Administrative Expense": 30867000.0,
        "Other Gand A": 30867000.0,
        "Gross Profit": 28368000.0,
        "Cost Of Revenue": 67079000.0,
        "Total Revenue": 95447000.0,
        "Operating Revenue": 95447000.0
    },
    "2024-09-30": {
        "Tax Effect Of Unusual Items": 6349865.211895,
        "Tax Rate For Calcs": 0.307232,
        "Normalized EBITDA": -10961000.0,
        "Total Unusual Items": 20668000.0,
        "Total Unusual Items Excluding Goodwill": 20668000.0,
        "Net Income From Continuing Operation Net Minority Interest": 12505000.0,
        "Reconciled Depreciation": 15331000.0,
        "Reconciled Cost Of Revenue": 80116000.0,
        "EBITDA": 9707000.0,
        "EBIT": -5624000.0,
        "Net Interest Income": -13000.0,
        "Interest Income": NaN,
        "Normalized Income": -1813134.788105,
        "Net Income From Continuing And Discontinued Operation": 12505000.0,
        "Total Expenses": 125822000.0,
        "Total Operating Income As Reported": -6056000.0,
        "Diluted Average Shares": 233730434.0,
        "Basic Average Shares": 229588604.0,
        "Diluted EPS": 0.05,
        "Basic EPS": 0.05,
        "Diluted NI Availto Com Stockholders": 12505000.0,
        "Net Income Common Stockholders": 12505000.0,
        "Net Income": 12505000.0,
        "Net Income Including Noncontrolling Interests": 12505000.0,
        "Net Income Continuous Operations": 12505000.0,
        "Earnings From Equity Interest Net Of Tax": 2092000.0,
        "Tax Provision": 4618000.0,
        "Pretax Income": 15031000.0,
        "Other Income Expense": 20668000.0,
        "Special Income Charges": -431000.0,
        "Gain On Sale Of Ppe": 1000.0,
        "Restructuring And Mergern Acquisition": 432000.0,
        "Gain On Sale Of Security": 21099000.0,
        "Net Non Operating Interest Income Expense": -13000.0,
        "Total Other Finance Cost": 13000.0,
        "Interest Income Non Operating": NaN,
        "Operating Income": -5624000.0,
        "Operating Expense": 45706000.0,
        "Research And Development": 5848000.0,
        "Selling General And Administration": 39858000.0,
        "Selling And Marketing Expense": 9455000.0,
        "General And Administrative Expense": 30403000.0,
        "Other Gand A": 30403000.0,
        "Gross Profit": 40082000.0,
        "Cost Of Revenue": 80116000.0,
        "Total Revenue": 120198000.0,
        "Operating Revenue": 120198000.0
    },
    "2024-12-31": {
        "Tax Effect Of Unusual Items": -3005369.995468,
        "Tax Rate For Calcs": 0.117691,
        "Normalized EBITDA": 33421000.0,
        "Total Unusual Items": -25536000.0,
        "Total Unusual Items Excluding Goodwill": -25536000.0,
        "Net Income From Continuing Operation Net Minority Interest": -28212000.0,
        "Reconciled Depreciation": 15364000.0,
        "Reconciled Cost Of Revenue": 128081000.0,
        "EBITDA": 7885000.0,
        "EBIT": -7479000.0,
        "Net Interest Income": -80000.0,
        "Interest Income": NaN,
        "Normalized Income": -5681369.995468,
        "Net Income From Continuing And Discontinued Operation": -28212000.0,
        "Total Expenses": 183010000.0,
        "Total Operating Income As Reported": -7201000.0,
        "Diluted Average Shares": 229654827.0,
        "Basic Average Shares": 229654827.0,
        "Diluted EPS": -0.12,
        "Basic EPS": -0.12,
        "Diluted NI Availto Com Stockholders": -28212000.0,
        "Net Income Common Stockholders": -28212000.0,
        "Net Income": -28212000.0,
        "Net Income Including Noncontrolling Interests": -28212000.0,
        "Net Income Continuous Operations": -28212000.0,
        "Earnings From Equity Interest Net Of Tax": 988000.0,
        "Tax Provision": -3895000.0,
        "Pretax Income": -33095000.0,
        "Other Income Expense": -25536000.0,
        "Special Income Charges": 1173000.0,
        "Gain On Sale Of Ppe": -129000.0,
        "Restructuring And Mergern Acquisition": -1302000.0,
        "Gain On Sale Of Security": -26709000.0,
        "Net Non Operating Interest Income Expense": -80000.0,
        "Total Other Finance Cost": 80000.0,
        "Interest Income Non Operating": NaN,
        "Operating Income": -7479000.0,
        "Operating Expense": 54929000.0,
        "Research And Development": 4893000.0,
        "Selling General And Administration": 50036000.0,
        "Selling And Marketing Expense": 9880000.0,
        "General And Administrative Expense": 40156000.0,
        "Other Gand A": 40156000.0,
        "Gross Profit": 47450000.0,
        "Cost Of Revenue": 128081000.0,
        "Total Revenue": 175531000.0,
        "Operating Revenue": 175531000.0
    },
    "2025-03-31": {
        "Tax Effect Of Unusual Items": 2876250.0,
        "Tax Rate For Calcs": 0.25,
        "Normalized EBITDA": -14801000.0,
        "Total Unusual Items": 11505000.0,
        "Total Unusual Items Excluding Goodwill": 11505000.0,
        "Net Income From Continuing Operation Net Minority Interest": -8198000.0,
        "Reconciled Depreciation": 16396000.0,
        "Reconciled Cost Of Revenue": 108789000.0,
        "EBITDA": -3296000.0,
        "EBIT": -19692000.0,
        "Net Interest Income": 437000.0,
        "Interest Income": 437000.0,
        "Normalized Income": -16826750.0,
        "Net Income From Continuing And Discontinued Operation": -8198000.0,
        "Total Expenses": 163683000.0,
        "Total Operating Income As Reported": -20424000.0,
        "Diluted Average Shares": 248432320.0,
        "Basic Average Shares": 248432320.0,
        "Diluted EPS": -0.03,
        "Basic EPS": -0.03,
        "Diluted NI Availto Com Stockholders": -8198000.0,
        "Net Income Common Stockholders": -8198000.0,
        "Net Income": -8198000.0,
        "Net Income Including Noncontrolling Interests": -8198000.0,
        "Net Income Continuous Operations": -8198000.0,
        "Earnings From Equity Interest Net Of Tax": 94000.0,
        "Tax Provision": 542000.0,
        "Pretax Income": -7750000.0,
        "Other Income Expense": 11505000.0,
        "Special Income Charges": -744000.0,
        "Gain On Sale Of Ppe": -12000.0,
        "Restructuring And Mergern Acquisition": 732000.0,
        "Gain On Sale Of Security": 12249000.0,
        "Net Non Operating Interest Income Expense": 437000.0,
        "Total Other Finance Cost": NaN,
        "Interest Income Non Operating": 437000.0,
        "Operating Income": -19692000.0,
        "Operating Expense": 54894000.0,
        "Research And Development": 8946000.0,
        "Selling General And Administration": 45948000.0,
        "Selling And Marketing Expense": 11413000.0,
        "General And Administrative Expense": 34535000.0,
        "Other Gand A": 34535000.0,
        "Gross Profit": 35202000.0,
        "Cost Of Revenue": 108789000.0,
        "Total Revenue": 143991000.0,
        "Operating Revenue": 143991000.0
    },
    "2025-06-30": {
        "Tax Effect Of Unusual Items": 6234500.0,
        "Tax Rate For Calcs": 0.25,
        "Normalized EBITDA": -88298000.0,
        "Total Unusual Items": 24938000.0,
        "Total Unusual Items Excluding Goodwill": 24938000.0,
        "Net Income From Continuing Operation Net Minority Interest": -53948000.0,
        "Reconciled Depreciation": 15278000.0,
        "Reconciled Cost Of Revenue": 109832000.0,
        "EBITDA": -63360000.0,
        "EBIT": -78638000.0,
        "Net Interest Income": 556000.0,
        "Interest Income": NaN,
        "Normalized Income": -72651500.0,
        "Net Income From Continuing And Discontinued Operation": -53948000.0,
        "Total Expenses": 197357000.0,
        "Total Operating Income As Reported": -80691000.0,
        "Diluted Average Shares": 253220241.0,
        "Basic Average Shares": 253220241.0,
        "Diluted EPS": -0.21,
        "Basic EPS": -0.21,
        "Diluted NI Availto Com Stockholders": -53948000.0,
        "Net Income Common Stockholders": -53948000.0,
        "Net Income": -53948000.0,
        "Net Income Including Noncontrolling Interests": -53948000.0,
        "Net Income Continuous Operations": -53948000.0,
        "Earnings From Equity Interest Net Of Tax": 944000.0,
        "Tax Provision": 1748000.0,
        "Pretax Income": -53144000.0,
        "Other Income Expense": 24938000.0,
        "Special Income Charges": -2054000.0,
        "Gain On Sale Of Ppe": -1000.0,
        "Restructuring And Mergern Acquisition": 2053000.0,
        "Gain On Sale Of Security": 26992000.0,
        "Net Non Operating Interest Income Expense": 556000.0,
        "Total Other Finance Cost": -556000.0,
        "Interest Income Non Operating": NaN,
        "Operating Income": -78638000.0,
        "Operating Expense": 87525000.0,
        "Research And Development": 8726000.0,
        "Selling General And Administration": 78799000.0,
        "Selling And Marketing Expense": 14299000.0,
        "General And Administrative Expense": 64500000.0,
        "Other Gand A": 64500000.0,
        "Gross Profit": 8887000.0,
        "Cost Of Revenue": 109832000.0,
        "Total Revenue": 118719000.0,
        "Operating Revenue": 118719000.0
    }
}