{
    "2023-03-31": {
        "Tax Effect Of Unusual Items": NaN,
        "Tax Rate For Calcs": NaN,
        "Normalized EBITDA": NaN,
        "Total Unusual Items": NaN,
        "Total Unusual Items Excluding Goodwill": NaN,
        "Net Income From Continuing Operation Net Minority Interest": NaN,
        "Reconciled Depreciation": NaN,
        "Reconciled Cost Of Revenue": 433492000.0,
        "EBITDA": NaN,
        "EBIT": NaN,
        "Net Interest Income": NaN,
        "Interest Expense": NaN,
        "Interest Income": NaN,
        "Normalized Income": NaN,
        "Net Income From Continuing And Discontinued Operation": NaN,
        "Total Expenses": NaN,
        "Total Operating Income As Reported": NaN,
        "Diluted Average Shares": NaN,
        "Basic Average Shares": NaN,
        "Diluted EPS": NaN,
        "Basic EPS": NaN,
        "Diluted NI Availto Com Stockholders": NaN,
        "Net Income Common Stockholders": NaN,
        "Otherunder Preferred Stock Dividend": NaN,
        "Net Income": NaN,
        "Minority Interests": NaN,
        "Net Income Including Noncontrolling Interests": NaN,
        "Net Income Continuous Operations": NaN,
        "Earnings From Equity Interest Net Of Tax": NaN,
        "Tax Provision": NaN,
        "Pretax Income": NaN,
        "Other Income Expense": NaN,
        "Special Income Charges": NaN,
        "Gain On Sale Of Ppe": NaN,
        "Other Special Charges": NaN,
        "Net Non Operating Interest Income Expense": NaN,
        "Interest Expense Non Operating": NaN,
        "Interest Income Non Operating": NaN,
        "Operating Income": NaN,
        "Operating Expense": NaN,
        "Other Operating Expenses": NaN,
        "Depreciation Amortization Depletion Income Statement": NaN,
        "Depreciation And Amortization In Income Statement": NaN,
        "Selling General And Administration": NaN,
        "General And Administrative Expense": NaN,
        "Other Gand A": NaN,
        "Gross Profit": 174717000.0,
        "Cost Of Revenue": 433492000.0,
        "Total Revenue": NaN,
        "Operating Revenue": NaN
    },
    "2022-12-31": {
        "Tax Effect Of Unusual Items": NaN,
        "Tax Rate For Calcs": NaN,
        "Normalized EBITDA": NaN,
        "Total Unusual Items": NaN,
        "Total Unusual Items Excluding Goodwill": NaN,
        "Net Income From Continuing Operation Net Minority Interest": NaN,
        "Reconciled Depreciation": NaN,
        "Reconciled Cost Of Revenue": 430566000.0,
        "EBITDA": NaN,
        "EBIT": NaN,
        "Net Interest Income": NaN,
        "Interest Expense": NaN,
        "Interest Income": NaN,
        "Normalized Income": NaN,
        "Net Income From Continuing And Discontinued Operation": NaN,
        "Total Expenses": NaN,
        "Total Operating Income As Reported": NaN,
        "Diluted Average Shares": NaN,
        "Basic Average Shares": NaN,
        "Diluted EPS": NaN,
        "Basic EPS": NaN,
        "Diluted NI Availto Com Stockholders": NaN,
        "Net Income Common Stockholders": NaN,
        "Otherunder Preferred Stock Dividend": NaN,
        "Net Income": NaN,
        "Minority Interests": NaN,
        "Net Income Including Noncontrolling Interests": NaN,
        "Net Income Continuous Operations": NaN,
        "Earnings From Equity Interest Net Of Tax": NaN,
        "Tax Provision": NaN,
        "Pretax Income": NaN,
        "Other Income Expense": NaN,
        "Special Income Charges": NaN,
        "Gain On Sale Of Ppe": NaN,
        "Other Special Charges": NaN,
        "Net Non Operating Interest Income Expense": NaN,
        "Interest Expense Non Operating": NaN,
        "Interest Income Non Operating": NaN,
        "Operating Income": NaN,
        "Operating Expense": NaN,
        "Other Operating Expenses": NaN,
        "Depreciation Amortization Depletion Income Statement": NaN,
        "Depreciation And Amortization In Income Statement": NaN,
        "Selling General And Administration": NaN,
        "General And Administrative Expense": NaN,
        "Other Gand A": NaN,
        "Gross Profit": 190116000.0,
        "Cost Of Revenue": 430566000.0,
        "Total Revenue": NaN,
        "Operating Revenue": NaN
    },
    "2022-09-30": {
        "Tax Effect Of Unusual Items": NaN,
        "Tax Rate For Calcs": NaN,
        "Normalized EBITDA": NaN,
        "Total Unusual Items": NaN,
        "Total Unusual Items Excluding Goodwill": NaN,
        "Net Income From Continuing Operation Net Minority Interest": NaN,
        "Reconciled Depreciation": NaN,
        "Reconciled Cost Of Revenue": 436210000.0,
        "EBITDA": NaN,
        "EBIT": NaN,
        "Net Interest Income": NaN,
        "Interest Expense": NaN,
        "Interest Income": NaN,
        "Normalized Income": NaN,
        "Net Income From Continuing And Discontinued Operation": NaN,
        "Total Expenses": NaN,
        "Total Operating Income As Reported": NaN,
        "Diluted Average Shares": NaN,
        "Basic Average Shares": NaN,
        "Diluted EPS": NaN,
        "Basic EPS": NaN,
        "Diluted NI Availto Com Stockholders": NaN,
        "Net Income Common Stockholders": NaN,
        "Otherunder Preferred Stock Dividend": NaN,
        "Net Income": NaN,
        "Minority Interests": NaN,
        "Net Income Including Noncontrolling Interests": NaN,
        "Net Income Continuous Operations": NaN,
        "Earnings From Equity Interest Net Of Tax": NaN,
        "Tax Provision": NaN,
        "Pretax Income": NaN,
        "Other Income Expense": NaN,
        "Special Income Charges": NaN,
        "Gain On Sale Of Ppe": NaN,
        "Other Special Charges": NaN,
        "Net Non Operating Interest Income Expense": NaN,
        "Interest Expense Non Operating": NaN,
        "Interest Income Non Operating": NaN,
        "Operating Income": NaN,
        "Operating Expense": NaN,
        "Other Operating Expenses": 436210000.0,
        "Depreciation Amortization Depletion Income Statement": NaN,
        "Depreciation And Amortization In Income Statement": NaN,
        "Selling General And Administration": NaN,
        "General And Administrative Expense": NaN,
        "Other Gand A": NaN,
        "Gross Profit": 180473000.0,
        "Cost Of Revenue": 436210000.0,
        "Total Revenue": NaN,
        "Operating Revenue": NaN
    },
    "2022-06-30": {
        "Tax Effect Of Unusual Items": 978880.0,
        "Tax Rate For Calcs": 0.266,
        "Normalized EBITDA": 132652000.0,
        "Total Unusual Items": 3680000.0,
        "Total Unusual Items Excluding Goodwill": 3680000.0,
        "Net Income From Continuing Operation Net Minority Interest": 53727000.0,
        "Reconciled Depreciation": 32016000.0,
        "Reconciled Cost Of Revenue": 411791000.0,
        "EBITDA": 136332000.0,
        "EBIT": 104316000.0,
        "Net Interest Income": -27663000.0,
        "Interest Expense": 33225000.0,
        "Interest Income": 5562000.0,
        "Normalized Income": 51025880.0,
        "Net Income From Continuing And Discontinued Operation": 53727000.0,
        "Total Expenses": 493103000.0,
        "Total Operating Income As Reported": 95074000.0,
        "Diluted Average Shares": 121881000.0,
        "Basic Average Shares": 121119000.0,
        "Diluted EPS": 0.37,
        "Basic EPS": 0.37,
        "Diluted NI Availto Com Stockholders": 44556000.0,
        "Net Income Common Stockholders": 44556000.0,
        "Otherunder Preferred Stock Dividend": 9171000.0,
        "Net Income": 53727000.0,
        "Minority Interests": 54000.0,
        "Net Income Including Noncontrolling Interests": 53673000.0,
        "Net Income Continuous Operations": 53673000.0,
        "Earnings From Equity Interest Net Of Tax": 1480000.0,
        "Tax Provision": 18898000.0,
        "Pretax Income": 71091000.0,
        "Other Income Expense": 3680000.0,
        "Special Income Charges": 0.0,
        "Gain On Sale Of Ppe": NaN,
        "Other Special Charges": NaN,
        "Gain On Sale Of Security": 3680000.0,
        "Net Non Operating Interest Income Expense": -27663000.0,
        "Interest Expense Non Operating": 33225000.0,
        "Interest Income Non Operating": 5562000.0,
        "Operating Income": 95074000.0,
        "Operating Expense": 81312000.0,
        "Other Operating Expenses": NaN,
        "Depreciation Amortization Depletion Income Statement": 32016000.0,
        "Depreciation And Amortization In Income Statement": 32016000.0,
        "Selling General And Administration": 49296000.0,
        "General And Administrative Expense": 49296000.0,
        "Other Gand A": 49296000.0,
        "Gross Profit": 176386000.0,
        "Cost Of Revenue": 411791000.0,
        "Total Revenue": 588177000.0,
        "Operating Revenue": 588177000.0
    },
    "2022-03-31": {
        "Diluted EPS": 0.26,
        "Total Revenue": 551,
        "Gross Profit": 166,
        "Operating Income": 82,
        "EBIT": 119,
        "Net Income": 38
    },
    "2021-12-31": {
        "Diluted EPS": -0.36,
        "Total Revenue": 558,
        "Gross Profit": 162,
        "Operating Income": 76,
        "EBIT": 113,
        "Net Income": -50
    },
    "2021-09-30": {
        "Diluted EPS": 0.24,
        "Total Revenue": 557,
        "Gross Profit": 157,
        "Operating Income": 74,
        "EBIT": 109,
        "Net Income": 35
    },
    "2021-06-30": {
        "Diluted EPS": 0.29,
        "Total Revenue": 565,
        "Gross Profit": 160,
        "Operating Income": 72,
        "EBIT": 108,
        "Net Income": 42
    },
    "2021-03-31": {
        "Diluted EPS": 0.41,
        "Total Revenue": 576,
        "Gross Profit": 148,
        "Operating Income": 66,
        "EBIT": 101,
        "Net Income": 51
    },
    "2020-12-31": {
        "Diluted EPS": 0.09,
        "Total Revenue": 578,
        "Gross Profit": 147,
        "Operating Income": 44,
        "EBIT": 101,
        "Net Income": 12
    },
    "2020-09-30": {
        "Diluted EPS": 0.33,
        "Total Revenue": 579,
        "Gross Profit": 145,
        "Operating Income": 65,
        "EBIT": 100,
        "Net Income": 39
    },
    "2020-06-30": {
        "Diluted EPS": 0.31,
        "Total Revenue": 588,
        "Gross Profit": 144,
        "Operating Income": 65,
        "EBIT": 100,
        "Net Income": 37
    },
    "2020-03-31": {
        "Diluted EPS": 0.21,
        "Total Revenue": 605,
        "Gross Profit": 143,
        "Operating Income": 56,
        "EBIT": 91,
        "Net Income": 25
    },
    "2019-12-31": {
        "Diluted EPS": 0.32,
        "Total Revenue": 622,
        "Gross Profit": 146,
        "Operating Income": 69,
        "EBIT": 104,
        "Net Income": 38
    },
    "2019-09-30": {
        "Diluted EPS": 0.39,
        "Total Revenue": 632,
        "Gross Profit": 159,
        "Operating Income": 78,
        "EBIT": 112,
        "Net Income": 46
    },
    "2019-06-30": {
        "Diluted EPS": 0.35,
        "Total Revenue": 614,
        "Gross Profit": 161,
        "Operating Income": 81,
        "EBIT": 116,
        "Net Income": 42
    },
    "2019-03-31": {
        "Diluted EPS": 0.34,
        "Total Revenue": 611,
        "Gross Profit": 154,
        "Operating Income": 75,
        "EBIT": 110,
        "Net Income": 41
    },
    "2018-12-31": {
        "Diluted EPS": 0.27,
        "Total Revenue": 599,
        "Gross Profit": 143,
        "Operating Income": 63,
        "EBIT": 98,
        "Net Income": 33
    },
    "2018-09-30": {
        "Diluted EPS": 0.33,
        "Total Revenue": 584,
        "Gross Profit": 149,
        "Operating Income": 70,
        "EBIT": 103,
        "Net Income": 39
    },
    "2018-06-30": {
        "Diluted EPS": 0.31,
        "Total Revenue": 584,
        "Gross Profit": 146,
        "Operating Income": 67,
        "EBIT": 100,
        "Net Income": 37
    },
    "2018-03-31": {
        "Diluted EPS": 0.29,
        "Total Revenue": 565,
        "Gross Profit": 138,
        "Operating Income": 64,
        "EBIT": 99,
        "Net Income": 35
    },
    "2017-12-31": {
        "Diluted EPS": 0.3,
        "Total Revenue": 569,
        "Gross Profit": 145,
        "Operating Income": 66,
        "EBIT": 103,
        "Net Income": 36
    },
    "2017-09-30": {
        "Diluted EPS": 0.31,
        "Total Revenue": 567,
        "Gross Profit": 144,
        "Operating Income": 63,
        "EBIT": 99,
        "Net Income": 38
    },
    "2017-06-30": {
        "Diluted EPS": 0.25,
        "Total Revenue": 577,
        "Gross Profit": 139,
        "Operating Income": 55,
        "EBIT": 90,
        "Net Income": 31
    },
    "2017-03-31": {
        "Diluted EPS": 0.35,
        "Total Revenue": 551,
        "Gross Profit": 136,
        "Operating Income": 64,
        "EBIT": 97,
        "Net Income": 40
    },
    "2016-12-31": {
        "Diluted EPS": 0.44,
        "Total Revenue": 567,
        "Gross Profit": 137,
        "Operating Income": 68,
        "EBIT": 101,
        "Net Income": 49
    },
    "2016-09-30": {
        "Diluted EPS": 0.39,
        "Total Revenue": 554,
        "Gross Profit": 139,
        "Operating Income": 72,
        "EBIT": 105,
        "Net Income": 44
    },
    "2016-06-30": {
        "Diluted EPS": 0.21,
        "Total Revenue": 548,
        "Gross Profit": 132,
        "Operating Income": 66,
        "EBIT": 97,
        "Net Income": 23
    },
    "2016-03-31": {
        "Diluted EPS": 0.29,
        "Total Revenue": 510,
        "Gross Profit": 122,
        "Operating Income": 59,
        "EBIT": 90,
        "Net Income": 32
    },
    "2015-12-31": {
        "Diluted EPS": 0.39,
        "Total Revenue": 500,
        "Gross Profit": 134,
        "Operating Income": 67,
        "EBIT": 97,
        "Net Income": 44
    },
    "2015-09-30": {
        "Diluted EPS": 0.35,
        "Total Revenue": 470,
        "Gross Profit": 124,
        "Operating Income": 63,
        "EBIT": 92,
        "Net Income": 38
    },
    "2015-06-30": {
        "Diluted EPS": 0.25,
        "Total Revenue": 446,
        "Gross Profit": 112,
        "Operating Income": 53,
        "EBIT": 81,
        "Net Income": 28
    },
    "2015-03-31": {
        "Diluted EPS": 0.26,
        "Total Revenue": 427,
        "Gross Profit": 109,
        "Operating Income": 53,
        "EBIT": 79,
        "Net Income": 29
    },
    "2014-12-31": {
        "Diluted EPS": 0.34,
        "Total Revenue": 428,
        "Gross Profit": 116,
        "Operating Income": 62,
        "EBIT": 88,
        "Net Income": 38
    },
    "2014-09-30": {
        "Diluted EPS": 0.36,
        "Total Revenue": 458,
        "Gross Profit": 116,
        "Operating Income": 63,
        "EBIT": 89,
        "Net Income": 39
    },
    "2014-06-30": {
        "Diluted EPS": 0.36,
        "Total Revenue": 413,
        "Gross Profit": 113,
        "Operating Income": 61,
        "EBIT": 86,
        "Net Income": 39
    },
    "2014-03-31": {
        "Diluted EPS": 0.26,
        "Total Revenue": 393,
        "Gross Profit": 101,
        "Operating Income": 49,
        "EBIT": 74,
        "Net Income": 28
    },
    "2013-12-31": {
        "Diluted EPS": 0.25,
        "Total Revenue": 384,
        "Gross Profit": 103,
        "Operating Income": 48,
        "EBIT": 74,
        "Net Income": 28
    },
    "2013-09-30": {
        "Diluted EPS": 0.28,
        "Total Revenue": 380,
        "Gross Profit": 96,
        "Operating Income": 45,
        "EBIT": 70,
        "Net Income": 30
    },
    "2013-06-30": {
        "Diluted EPS": 0.32,
        "Total Revenue": 382,
        "Gross Profit": 102,
        "Operating Income": 51,
        "EBIT": 77,
        "Net Income": 34
    },
    "2013-03-31": {
        "Diluted EPS": 0.22,
        "Total Revenue": 377,
        "Gross Profit": 96,
        "Operating Income": 41,
        "EBIT": 66,
        "Net Income": 23
    },
    "2012-12-31": {
        "Diluted EPS": 0.88,
        "Total Revenue": 379,
        "Gross Profit": 98,
        "Operating Income": 39,
        "EBIT": 64,
        "Net Income": 82
    },
    "2012-09-30": {
        "Diluted EPS": 0.17,
        "Total Revenue": 369,
        "Gross Profit": 101,
        "Operating Income": 52,
        "EBIT": 76,
        "Net Income": 16
    },
    "2012-06-30": {
        "Diluted EPS": 0.25,
        "Total Revenue": 371,
        "Gross Profit": 102,
        "Operating Income": 53,
        "EBIT": 77,
        "Net Income": 23
    },
    "2012-03-31": {
        "Diluted EPS": 0.17,
        "Total Revenue": 360,
        "Gross Profit": 89,
        "Operating Income": 40,
        "EBIT": 63,
        "Net Income": 15
    },
    "2011-12-31": {
        "Diluted EPS": 0.2,
        "Total Revenue": 354,
        "Gross Profit": 96,
        "Operating Income": 47,
        "EBIT": 68,
        "Net Income": 19
    },
    "2011-09-30": {
        "Diluted EPS": 0.23,
        "Total Revenue": 396,
        "Gross Profit": 98,
        "Operating Income": 50,
        "EBIT": 73,
        "Net Income": 22
    },
    "2011-06-30": {
        "Diluted EPS": 0.22,
        "Total Revenue": 397,
        "Gross Profit": 98,
        "Operating Income": 49,
        "EBIT": 70,
        "Net Income": 22
    },
    "2011-03-31": {
        "Diluted EPS": 0.17,
        "Total Revenue": 392,
        "Gross Profit": 92,
        "Operating Income": 41,
        "EBIT": 60,
        "Net Income": 17
    },
    "2010-12-31": {
        "Diluted EPS": 0.23,
        "Total Revenue": 189,
        "Gross Profit": 72,
        "Operating Income": 30,
        "EBIT": 42,
        "Net Income": 23
    },
    "2010-09-30": {
        "Diluted EPS": 0.06,
        "Total Revenue": 328,
        "Gross Profit": 77,
        "Operating Income": 30,
        "EBIT": 43,
        "Net Income": 5
    },
    "2010-06-30": {
        "Diluted EPS": 0.23,
        "Total Revenue": 280,
        "Gross Profit": 63,
        "Operating Income": 33,
        "EBIT": 44,
        "Net Income": 17
    },
    "2010-03-31": {
        "Diluted EPS": 0.23,
        "Total Revenue": 288,
        "Gross Profit": 61,
        "Operating Income": 35,
        "EBIT": 45,
        "Net Income": 18
    },
    "2009-12-31": {
        "Diluted EPS": 0.2,
        "Total Revenue": 311,
        "Gross Profit": 69,
        "Operating Income": 40,
        "EBIT": 47,
        "Net Income": 15
    },
    "2009-09-30": {
        "Diluted EPS": 0.25,
        "Total Revenue": 295,
        "Gross Profit": 61,
        "Operating Income": 35,
        "EBIT": 47,
        "Net Income": 19
    },
    "2009-06-30": {
        "Diluted EPS": 0.21,
        "Total Revenue": 276,
        "Gross Profit": 58,
        "Operating Income": 31,
        "EBIT": 43,
        "Net Income": 17
    },
    "2009-03-31": {
        "Diluted EPS": 0.19,
        "Total Revenue": 259,
        "Gross Profit": 57,
        "Operating Income": 30,
        "EBIT": 42,
        "Net Income": 15
    },
    "2023-06-30": {
        "Tax Effect Of Unusual Items": NaN,
        "Tax Rate For Calcs": NaN,
        "Normalized EBITDA": NaN,
        "Total Unusual Items": NaN,
        "Total Unusual Items Excluding Goodwill": NaN,
        "Net Income From Continuing Operation Net Minority Interest": NaN,
        "Reconciled Depreciation": NaN,
        "Reconciled Cost Of Revenue": NaN,
        "EBITDA": NaN,
        "EBIT": NaN,
        "Net Interest Income": NaN,
        "Interest Expense": NaN,
        "Interest Income": NaN,
        "Normalized Income": NaN,
        "Net Income From Continuing And Discontinued Operation": NaN,
        "Total Expenses": NaN,
        "Total Operating Income As Reported": NaN,
        "Diluted Average Shares": NaN,
        "Basic Average Shares": NaN,
        "Diluted EPS": NaN,
        "Basic EPS": NaN,
        "Diluted NI Availto Com Stockholders": NaN,
        "Net Income Common Stockholders": NaN,
        "Otherunder Preferred Stock Dividend": NaN,
        "Net Income": NaN,
        "Minority Interests": NaN,
        "Net Income Including Noncontrolling Interests": NaN,
        "Net Income Continuous Operations": NaN,
        "Earnings From Equity Interest Net Of Tax": NaN,
        "Tax Provision": NaN,
        "Pretax Income": NaN,
        "Other Income Expense": NaN,
        "Special Income Charges": NaN,
        "Gain On Sale Of Ppe": 2175000.0,
        "Other Special Charges": NaN,
        "Net Non Operating Interest Income Expense": NaN,
        "Interest Expense Non Operating": NaN,
        "Interest Income Non Operating": NaN,
        "Operating Income": NaN,
        "Operating Expense": NaN,
        "Other Operating Expenses": NaN,
        "Depreciation Amortization Depletion Income Statement": NaN,
        "Depreciation And Amortization In Income Statement": NaN,
        "Selling General And Administration": NaN,
        "General And Administrative Expense": NaN,
        "Other Gand A": NaN,
        "Gross Profit": NaN,
        "Cost Of Revenue": NaN,
        "Total Revenue": NaN,
        "Operating Revenue": NaN
    },
    "2023-09-30": {
        "Tax Effect Of Unusual Items": NaN,
        "Tax Rate For Calcs": NaN,
        "Normalized EBITDA": NaN,
        "Total Unusual Items": NaN,
        "Total Unusual Items Excluding Goodwill": NaN,
        "Net Income From Continuing Operation Net Minority Interest": NaN,
        "Reconciled Depreciation": NaN,
        "Reconciled Cost Of Revenue": NaN,
        "EBITDA": NaN,
        "EBIT": NaN,
        "Net Interest Income": NaN,
        "Interest Expense": NaN,
        "Interest Income": NaN,
        "Normalized Income": NaN,
        "Net Income From Continuing And Discontinued Operation": NaN,
        "Total Expenses": NaN,
        "Total Operating Income As Reported": NaN,
        "Diluted Average Shares": NaN,
        "Basic Average Shares": NaN,
        "Diluted EPS": NaN,
        "Basic EPS": NaN,
        "Diluted NI Availto Com Stockholders": NaN,
        "Net Income Common Stockholders": NaN,
        "Otherunder Preferred Stock Dividend": NaN,
        "Net Income": NaN,
        "Minority Interests": NaN,
        "Net Income Including Noncontrolling Interests": NaN,
        "Net Income Continuous Operations": NaN,
        "Earnings From Equity Interest Net Of Tax": NaN,
        "Tax Provision": NaN,
        "Pretax Income": NaN,
        "Other Income Expense": NaN,
        "Special Income Charges": NaN,
        "Gain On Sale Of Ppe": 1274000.0,
        "Other Special Charges": NaN,
        "Net Non Operating Interest Income Expense": NaN,
        "Interest Expense Non Operating": NaN,
        "Interest Income Non Operating": NaN,
        "Operating Income": NaN,
        "Operating Expense": NaN,
        "Other Operating Expenses": NaN,
        "Depreciation Amortization Depletion Income Statement": NaN,
        "Depreciation And Amortization In Income Statement": NaN,
        "Selling General And Administration": NaN,
        "General And Administrative Expense": NaN,
        "Other Gand A": NaN,
        "Gross Profit": NaN,
        "Cost Of Revenue": NaN,
        "Total Revenue": NaN,
        "Operating Revenue": NaN
    },
    "2023-12-31": {
        "Tax Effect Of Unusual Items": NaN,
        "Tax Rate For Calcs": NaN,
        "Normalized EBITDA": NaN,
        "Total Unusual Items": NaN,
        "Total Unusual Items Excluding Goodwill": NaN,
        "Net Income From Continuing Operation Net Minority Interest": NaN,
        "Reconciled Depreciation": NaN,
        "Reconciled Cost Of Revenue": NaN,
        "EBITDA": NaN,
        "EBIT": NaN,
        "Net Interest Income": NaN,
        "Interest Expense": NaN,
        "Interest Income": NaN,
        "Normalized Income": NaN,
        "Net Income From Continuing And Discontinued Operation": NaN,
        "Total Expenses": NaN,
        "Total Operating Income As Reported": NaN,
        "Diluted Average Shares": NaN,
        "Basic Average Shares": NaN,
        "Diluted EPS": NaN,
        "Basic EPS": NaN,
        "Diluted NI Availto Com Stockholders": NaN,
        "Net Income Common Stockholders": NaN,
        "Otherunder Preferred Stock Dividend": NaN,
        "Net Income": NaN,
        "Minority Interests": NaN,
        "Net Income Including Noncontrolling Interests": NaN,
        "Net Income Continuous Operations": NaN,
        "Earnings From Equity Interest Net Of Tax": NaN,
        "Tax Provision": NaN,
        "Pretax Income": NaN,
        "Other Income Expense": NaN,
        "Other Non Operating Income Expenses": NaN,
        "Special Income Charges": NaN,
        "Gain On Sale Of Ppe": 1242000.0,
        "Other Special Charges": NaN,
        "Net Non Operating Interest Income Expense": NaN,
        "Interest Expense Non Operating": NaN,
        "Interest Income Non Operating": NaN,
        "Operating Income": NaN,
        "Operating Expense": NaN,
        "Other Operating Expenses": NaN,
        "Depreciation Amortization Depletion Income Statement": NaN,
        "Depreciation And Amortization In Income Statement": NaN,
        "Selling General And Administration": NaN,
        "General And Administrative Expense": NaN,
        "Other Gand A": NaN,
        "Gross Profit": NaN,
        "Cost Of Revenue": NaN,
        "Total Revenue": NaN,
        "Operating Revenue": NaN
    },
    "2024-03-31": {
        "Tax Effect Of Unusual Items": NaN,
        "Tax Rate For Calcs": NaN,
        "Normalized EBITDA": NaN,
        "Total Unusual Items": NaN,
        "Total Unusual Items Excluding Goodwill": NaN,
        "Net Income From Continuing Operation Net Minority Interest": NaN,
        "Reconciled Depreciation": NaN,
        "Reconciled Cost Of Revenue": 441675000.0,
        "EBITDA": NaN,
        "EBIT": NaN,
        "Net Interest Income": NaN,
        "Interest Expense": NaN,
        "Interest Income": NaN,
        "Normalized Income": NaN,
        "Net Income From Continuing And Discontinued Operation": NaN,
        "Total Expenses": NaN,
        "Total Operating Income As Reported": NaN,
        "Diluted Average Shares": NaN,
        "Basic Average Shares": NaN,
        "Diluted EPS": NaN,
        "Basic EPS": NaN,
        "Diluted NI Availto Com Stockholders": NaN,
        "Net Income Common Stockholders": NaN,
        "Otherunder Preferred Stock Dividend": NaN,
        "Net Income": NaN,
        "Minority Interests": NaN,
        "Net Income Including Noncontrolling Interests": NaN,
        "Net Income Continuous Operations": NaN,
        "Earnings From Equity Interest Net Of Tax": NaN,
        "Tax Provision": NaN,
        "Pretax Income": NaN,
        "Other Income Expense": NaN,
        "Other Non Operating Income Expenses": NaN,
        "Special Income Charges": NaN,
        "Gain On Sale Of Ppe": NaN,
        "Gain On Sale Of Business": NaN,
        "Other Special Charges": NaN,
        "Net Non Operating Interest Income Expense": NaN,
        "Interest Expense Non Operating": NaN,
        "Interest Income Non Operating": NaN,
        "Operating Income": NaN,
        "Operating Expense": NaN,
        "Other Operating Expenses": NaN,
        "Depreciation Amortization Depletion Income Statement": NaN,
        "Depreciation And Amortization In Income Statement": NaN,
        "Selling General And Administration": NaN,
        "General And Administrative Expense": NaN,
        "Other Gand A": NaN,
        "Gross Profit": 163997000.0,
        "Cost Of Revenue": 441675000.0,
        "Total Revenue": NaN,
        "Operating Revenue": NaN
    },
    "2024-06-30": {
        "Tax Effect Of Unusual Items": NaN,
        "Tax Rate For Calcs": NaN,
        "Normalized EBITDA": NaN,
        "Total Unusual Items": NaN,
        "Total Unusual Items Excluding Goodwill": NaN,
        "Net Income From Continuing Operation Net Minority Interest": NaN,
        "Reconciled Depreciation": NaN,
        "Reconciled Cost Of Revenue": NaN,
        "EBITDA": NaN,
        "EBIT": NaN,
        "Net Interest Income": NaN,
        "Interest Expense": NaN,
        "Interest Income": NaN,
        "Normalized Income": NaN,
        "Net Income From Continuing And Discontinued Operation": NaN,
        "Total Expenses": NaN,
        "Total Operating Income As Reported": NaN,
        "Diluted Average Shares": NaN,
        "Basic Average Shares": NaN,
        "Diluted EPS": NaN,
        "Basic EPS": NaN,
        "Diluted NI Availto Com Stockholders": NaN,
        "Net Income Common Stockholders": NaN,
        "Otherunder Preferred Stock Dividend": 0.0,
        "Net Income": NaN,
        "Minority Interests": NaN,
        "Net Income Including Noncontrolling Interests": NaN,
        "Net Income Continuous Operations": NaN,
        "Earnings From Equity Interest Net Of Tax": NaN,
        "Tax Provision": NaN,
        "Pretax Income": NaN,
        "Other Income Expense": -85246000.0,
        "Other Non Operating Income Expenses": NaN,
        "Special Income Charges": NaN,
        "Gain On Sale Of Ppe": -2907000.0,
        "Gain On Sale Of Business": NaN,
        "Other Special Charges": 82339000.0,
        "Net Non Operating Interest Income Expense": NaN,
        "Interest Expense Non Operating": NaN,
        "Interest Income Non Operating": NaN,
        "Operating Income": NaN,
        "Operating Expense": NaN,
        "Other Operating Expenses": NaN,
        "Depreciation Amortization Depletion Income Statement": NaN,
        "Depreciation And Amortization In Income Statement": NaN,
        "Selling General And Administration": NaN,
        "General And Administrative Expense": NaN,
        "Other Gand A": NaN,
        "Gross Profit": NaN,
        "Cost Of Revenue": NaN,
        "Total Revenue": NaN,
        "Operating Revenue": NaN
    },
    "2024-09-30": {
        "Tax Effect Of Unusual Items": -916880.0,
        "Tax Rate For Calcs": 0.314,
        "Normalized EBITDA": 117295000.0,
        "Total Unusual Items": -2920000.0,
        "Total Unusual Items Excluding Goodwill": -2920000.0,
        "Net Income From Continuing Operation Net Minority Interest": 26320000.0,
        "Reconciled Depreciation": 31756000.0,
        "Reconciled Cost Of Revenue": NaN,
        "EBITDA": 114375000.0,
        "EBIT": 82619000.0,
        "Net Interest Income": -42330000.0,
        "Interest Expense": 45498000.0,
        "Interest Income": 3168000.0,
        "Normalized Income": 28323120.0,
        "Net Income From Continuing And Discontinued Operation": 26320000.0,
        "Total Expenses": 520754000.0,
        "Total Operating Income As Reported": 82371000.0,
        "Diluted Average Shares": 138130000.0,
        "Basic Average Shares": 135961000.0,
        "Diluted EPS": 0.19,
        "Basic EPS": 0.19,
        "Diluted NI Availto Com Stockholders": 26320000.0,
        "Net Income Common Stockholders": 26320000.0,
        "Otherunder Preferred Stock Dividend": 0.0,
        "Net Income": 26320000.0,
        "Minority Interests": 31000.0,
        "Net Income Including Noncontrolling Interests": 26289000.0,
        "Net Income Continuous Operations": 26289000.0,
        "Earnings From Equity Interest Net Of Tax": 832000.0,
        "Tax Provision": 11664000.0,
        "Pretax Income": 37121000.0,
        "Other Income Expense": -2920000.0,
        "Other Non Operating Income Expenses": NaN,
        "Special Income Charges": -2920000.0,
        "Gain On Sale Of Ppe": 0.0,
        "Gain On Sale Of Business": NaN,
        "Other Special Charges": 2920000.0,
        "Net Non Operating Interest Income Expense": -42330000.0,
        "Interest Expense Non Operating": 45498000.0,
        "Interest Income Non Operating": 3168000.0,
        "Operating Income": 82371000.0,
        "Operating Expense": 520754000.0,
        "Other Operating Expenses": 441917000.0,
        "Depreciation Amortization Depletion Income Statement": 31756000.0,
        "Depreciation And Amortization In Income Statement": 31756000.0,
        "Selling General And Administration": 47081000.0,
        "General And Administrative Expense": 47081000.0,
        "Other Gand A": 47081000.0,
        "Gross Profit": NaN,
        "Cost Of Revenue": NaN,
        "Total Revenue": 603125000.0,
        "Operating Revenue": 603125000.0
    },
    "2024-12-31": {
        "Tax Effect Of Unusual Items": -281190.0,
        "Tax Rate For Calcs": 0.21,
        "Normalized EBITDA": 100836000.0,
        "Total Unusual Items": -1339000.0,
        "Total Unusual Items Excluding Goodwill": -1339000.0,
        "Net Income From Continuing Operation Net Minority Interest": 15491000.0,
        "Reconciled Depreciation": 31786000.0,
        "Reconciled Cost Of Revenue": NaN,
        "EBITDA": 99497000.0,
        "EBIT": 67711000.0,
        "Net Interest Income": -42034000.0,
        "Interest Expense": 43187000.0,
        "Interest Income": 1153000.0,
        "Normalized Income": 16548810.0,
        "Net Income From Continuing And Discontinued Operation": 15491000.0,
        "Total Expenses": 539823000.0,
        "Total Operating Income As Reported": 67897000.0,
        "Diluted Average Shares": 139550000.0,
        "Basic Average Shares": 136192000.0,
        "Diluted EPS": 0.11,
        "Basic EPS": 0.11,
        "Diluted NI Availto Com Stockholders": 14722000.0,
        "Net Income Common Stockholders": 14722000.0,
        "Otherunder Preferred Stock Dividend": 769000.0,
        "Net Income": 15491000.0,
        "Minority Interests": -20000.0,
        "Net Income Including Noncontrolling Interests": 15511000.0,
        "Net Income Continuous Operations": 15511000.0,
        "Earnings From Equity Interest Net Of Tax": 1032000.0,
        "Tax Provision": 10045000.0,
        "Pretax Income": 24524000.0,
        "Other Income Expense": -1339000.0,
        "Other Non Operating Income Expenses": NaN,
        "Special Income Charges": -1339000.0,
        "Gain On Sale Of Ppe": 0.0,
        "Gain On Sale Of Business": NaN,
        "Other Special Charges": 1339000.0,
        "Net Non Operating Interest Income Expense": -42034000.0,
        "Interest Expense Non Operating": 43187000.0,
        "Interest Income Non Operating": 1153000.0,
        "Operating Income": 67897000.0,
        "Operating Expense": 539823000.0,
        "Other Operating Expenses": 447358000.0,
        "Depreciation Amortization Depletion Income Statement": 31786000.0,
        "Depreciation And Amortization In Income Statement": 31786000.0,
        "Selling General And Administration": 60679000.0,
        "General And Administrative Expense": 60679000.0,
        "Other Gand A": 60679000.0,
        "Gross Profit": NaN,
        "Cost Of Revenue": NaN,
        "Total Revenue": 607720000.0,
        "Operating Revenue": 607720000.0
    },
    "2025-03-31": {
        "Tax Effect Of Unusual Items": 0.0,
        "Tax Rate For Calcs": 0.089,
        "Normalized EBITDA": 95117000.0,
        "Total Unusual Items": 0.0,
        "Total Unusual Items Excluding Goodwill": 0.0,
        "Net Income From Continuing Operation Net Minority Interest": 19558000.0,
        "Reconciled Depreciation": 32136000.0,
        "Reconciled Cost Of Revenue": NaN,
        "EBITDA": 95117000.0,
        "EBIT": 62981000.0,
        "Net Interest Income": -40444000.0,
        "Interest Expense": 42441000.0,
        "Interest Income": 1997000.0,
        "Normalized Income": 19558000.0,
        "Net Income From Continuing And Discontinued Operation": 19558000.0,
        "Total Expenses": 543663000.0,
        "Total Operating Income As Reported": 60984000.0,
        "Diluted Average Shares": 140915000.0,
        "Basic Average Shares": 137143000.0,
        "Diluted EPS": 0.14,
        "Basic EPS": 0.14,
        "Diluted NI Availto Com Stockholders": 19558000.0,
        "Net Income Common Stockholders": 19558000.0,
        "Otherunder Preferred Stock Dividend": 0.0,
        "Net Income": 19558000.0,
        "Minority Interests": 16000.0,
        "Net Income Including Noncontrolling Interests": 19542000.0,
        "Net Income Continuous Operations": 19542000.0,
        "Earnings From Equity Interest Net Of Tax": 828000.0,
        "Tax Provision": 1826000.0,
        "Pretax Income": 20540000.0,
        "Other Income Expense": NaN,
        "Other Non Operating Income Expenses": NaN,
        "Special Income Charges": 0.0,
        "Gain On Sale Of Ppe": NaN,
        "Gain On Sale Of Business": NaN,
        "Other Special Charges": NaN,
        "Net Non Operating Interest Income Expense": -40444000.0,
        "Interest Expense Non Operating": 42441000.0,
        "Interest Income Non Operating": 1997000.0,
        "Operating Income": 60984000.0,
        "Operating Expense": 543663000.0,
        "Other Operating Expenses": 453778000.0,
        "Depreciation Amortization Depletion Income Statement": 32136000.0,
        "Depreciation And Amortization In Income Statement": 32136000.0,
        "Selling General And Administration": 57749000.0,
        "General And Administrative Expense": 57749000.0,
        "Other Gand A": 57749000.0,
        "Gross Profit": NaN,
        "Cost Of Revenue": NaN,
        "Total Revenue": 604647000.0,
        "Operating Revenue": 604647000.0
    },
    "2025-06-30": {
        "Tax Effect Of Unusual Items": -167790.0,
        "Tax Rate For Calcs": 0.282,
        "Normalized EBITDA": 112685000.0,
        "Total Unusual Items": -595000.0,
        "Total Unusual Items Excluding Goodwill": -595000.0,
        "Net Income From Continuing Operation Net Minority Interest": 29108000.0,
        "Reconciled Depreciation": 32732000.0,
        "Reconciled Cost Of Revenue": NaN,
        "EBITDA": 112090000.0,
        "EBIT": 79358000.0,
        "Net Interest Income": -39441000.0,
        "Interest Expense": 41907000.0,
        "Interest Income": 2466000.0,
        "Normalized Income": 29535210.0,
        "Net Income From Continuing And Discontinued Operation": 29108000.0,
        "Total Expenses": 564196000.0,
        "Total Operating Income As Reported": 71973000.0,
        "Diluted Average Shares": 140470000.0,
        "Basic Average Shares": 138539000.0,
        "Diluted EPS": 0.21,
        "Basic EPS": 0.21,
        "Diluted NI Availto Com Stockholders": 29108000.0,
        "Net Income Common Stockholders": 29108000.0,
        "Otherunder Preferred Stock Dividend": NaN,
        "Net Income": 29108000.0,
        "Minority Interests": 34000.0,
        "Net Income Including Noncontrolling Interests": 29074000.0,
        "Net Income Continuous Operations": 29074000.0,
        "Earnings From Equity Interest Net Of Tax": 2177000.0,
        "Tax Provision": 10554000.0,
        "Pretax Income": 37451000.0,
        "Other Income Expense": 4919000.0,
        "Other Non Operating Income Expenses": 5514000.0,
        "Special Income Charges": -595000.0,
        "Gain On Sale Of Ppe": 0.0,
        "Gain On Sale Of Business": NaN,
        "Other Special Charges": 595000.0,
        "Net Non Operating Interest Income Expense": -39441000.0,
        "Interest Expense Non Operating": 41907000.0,
        "Interest Income Non Operating": 2466000.0,
        "Operating Income": 71973000.0,
        "Operating Expense": 564196000.0,
        "Other Operating Expenses": 475218000.0,
        "Depreciation Amortization Depletion Income Statement": 32732000.0,
        "Depreciation And Amortization In Income Statement": 32732000.0,
        "Selling General And Administration": 56246000.0,
        "General And Administrative Expense": 56246000.0,
        "Other Gand A": 56246000.0,
        "Gross Profit": NaN,
        "Cost Of Revenue": NaN,
        "Total Revenue": 636169000.0,
        "Operating Revenue": 636169000.0
    },
    "2025-09-30": {
        "Tax Effect Of Unusual Items": 45984780.0,
        "Tax Rate For Calcs": 0.246,
        "Normalized EBITDA": 113897000.0,
        "Total Unusual Items": 186930000.0,
        "Total Unusual Items Excluding Goodwill": 186930000.0,
        "Net Income From Continuing Operation Net Minority Interest": 173940000.0,
        "Reconciled Depreciation": 33039000.0,
        "Reconciled Cost Of Revenue": NaN,
        "EBITDA": 300827000.0,
        "EBIT": 267788000.0,
        "Net Interest Income": -35676000.0,
        "Interest Expense": 38234000.0,
        "Interest Income": 2558000.0,
        "Normalized Income": 32994780.0,
        "Net Income From Continuing And Discontinued Operation": 173940000.0,
        "Total Expenses": 604041000.0,
        "Total Operating Income As Reported": 40700000.0,
        "Diluted Average Shares": 139992000.0,
        "Basic Average Shares": 138283000.0,
        "Diluted EPS": 1.24,
        "Basic EPS": 1.26,
        "Diluted NI Availto Com Stockholders": 173940000.0,
        "Net Income Common Stockholders": 173940000.0,
        "Otherunder Preferred Stock Dividend": 0.0,
        "Net Income": 173940000.0,
        "Minority Interests": 18000.0,
        "Net Income Including Noncontrolling Interests": 173922000.0,
        "Net Income Continuous Operations": 173922000.0,
        "Earnings From Equity Interest Net Of Tax": 759000.0,
        "Tax Provision": 56391000.0,
        "Pretax Income": 229554000.0,
        "Other Income Expense": 186930000.0,
        "Other Non Operating Income Expenses": NaN,
        "Special Income Charges": 186930000.0,
        "Gain On Sale Of Ppe": NaN,
        "Gain On Sale Of Business": 232381000.0,
        "Other Special Charges": 45451000.0,
        "Net Non Operating Interest Income Expense": -35676000.0,
        "Interest Expense Non Operating": 38234000.0,
        "Interest Income Non Operating": 2558000.0,
        "Operating Income": 78300000.0,
        "Operating Expense": 604041000.0,
        "Other Operating Expenses": 508881000.0,
        "Depreciation Amortization Depletion Income Statement": 33039000.0,
        "Depreciation And Amortization In Income Statement": 33039000.0,
        "Selling General And Administration": 62121000.0,
        "General And Administrative Expense": 62121000.0,
        "Other Gand A": 62121000.0,
        "Gross Profit": NaN,
        "Cost Of Revenue": NaN,
        "Total Revenue": 682341000.0,
        "Operating Revenue": 682341000.0
    }
}