{
    "2023-03-31": {
        "Tax Effect Of Unusual Items": NaN,
        "Tax Rate For Calcs": NaN,
        "Normalized EBITDA": NaN,
        "Total Unusual Items": NaN,
        "Total Unusual Items Excluding Goodwill": NaN,
        "Net Income From Continuing Operation Net Minority Interest": NaN,
        "Reconciled Depreciation": NaN,
        "Reconciled Cost Of Revenue": NaN,
        "EBITDA": NaN,
        "EBIT": NaN,
        "Net Interest Income": NaN,
        "Interest Expense": NaN,
        "Interest Income": NaN,
        "Normalized Income": NaN,
        "Net Income From Continuing And Discontinued Operation": NaN,
        "Total Expenses": NaN,
        "Total Operating Income As Reported": NaN,
        "Diluted Average Shares": 13156715.0,
        "Basic Average Shares": 13156715.0,
        "Diluted EPS": 0.35,
        "Basic EPS": 0.35,
        "Diluted NI Availto Com Stockholders": NaN,
        "Average Dilution Earnings": NaN,
        "Net Income Common Stockholders": NaN,
        "Net Income": NaN,
        "Net Income Including Noncontrolling Interests": NaN,
        "Net Income Continuous Operations": NaN,
        "Tax Provision": NaN,
        "Pretax Income": NaN,
        "Other Income Expense": NaN,
        "Other Non Operating Income Expenses": NaN,
        "Special Income Charges": NaN,
        "Gain On Sale Of Ppe": NaN,
        "Write Off": 17000.0,
        "Restructuring And Mergern Acquisition": 0.0,
        "Gain On Sale Of Security": NaN,
        "Net Non Operating Interest Income Expense": NaN,
        "Interest Expense Non Operating": NaN,
        "Interest Income Non Operating": NaN,
        "Operating Income": NaN,
        "Operating Expense": NaN,
        "Provision For Doubtful Accounts": 17000.0,
        "Research And Development": NaN,
        "Selling General And Administration": NaN,
        "Gross Profit": NaN,
        "Cost Of Revenue": NaN,
        "Total Revenue": NaN,
        "Operating Revenue": NaN
    },
    "2022-12-31": {
        "Tax Effect Of Unusual Items": NaN,
        "Tax Rate For Calcs": NaN,
        "Normalized EBITDA": NaN,
        "Total Unusual Items": NaN,
        "Total Unusual Items Excluding Goodwill": NaN,
        "Net Income From Continuing Operation Net Minority Interest": NaN,
        "Reconciled Depreciation": NaN,
        "Reconciled Cost Of Revenue": NaN,
        "EBITDA": NaN,
        "EBIT": NaN,
        "Net Interest Income": NaN,
        "Interest Expense": NaN,
        "Interest Income": NaN,
        "Normalized Income": NaN,
        "Net Income From Continuing And Discontinued Operation": NaN,
        "Total Expenses": NaN,
        "Total Operating Income As Reported": NaN,
        "Diluted Average Shares": NaN,
        "Basic Average Shares": NaN,
        "Diluted EPS": NaN,
        "Basic EPS": NaN,
        "Diluted NI Availto Com Stockholders": NaN,
        "Average Dilution Earnings": NaN,
        "Net Income Common Stockholders": NaN,
        "Net Income": NaN,
        "Net Income Including Noncontrolling Interests": NaN,
        "Net Income Continuous Operations": NaN,
        "Tax Provision": NaN,
        "Pretax Income": NaN,
        "Other Income Expense": NaN,
        "Other Non Operating Income Expenses": NaN,
        "Special Income Charges": NaN,
        "Gain On Sale Of Ppe": NaN,
        "Write Off": 120000.0,
        "Restructuring And Mergern Acquisition": 0.0,
        "Gain On Sale Of Security": NaN,
        "Net Non Operating Interest Income Expense": NaN,
        "Interest Expense Non Operating": NaN,
        "Interest Income Non Operating": NaN,
        "Operating Income": NaN,
        "Operating Expense": NaN,
        "Provision For Doubtful Accounts": 120000.0,
        "Research And Development": NaN,
        "Selling General And Administration": NaN,
        "Gross Profit": NaN,
        "Cost Of Revenue": NaN,
        "Total Revenue": NaN,
        "Operating Revenue": NaN
    },
    "2022-09-30": {
        "Tax Effect Of Unusual Items": NaN,
        "Tax Rate For Calcs": NaN,
        "Normalized EBITDA": NaN,
        "Total Unusual Items": NaN,
        "Total Unusual Items Excluding Goodwill": NaN,
        "Net Income From Continuing Operation Net Minority Interest": NaN,
        "Reconciled Depreciation": NaN,
        "Reconciled Cost Of Revenue": NaN,
        "EBITDA": NaN,
        "EBIT": NaN,
        "Net Interest Income": NaN,
        "Interest Expense": NaN,
        "Interest Income": NaN,
        "Normalized Income": NaN,
        "Net Income From Continuing And Discontinued Operation": NaN,
        "Total Expenses": NaN,
        "Total Operating Income As Reported": NaN,
        "Diluted Average Shares": NaN,
        "Basic Average Shares": NaN,
        "Diluted EPS": NaN,
        "Basic EPS": NaN,
        "Diluted NI Availto Com Stockholders": NaN,
        "Average Dilution Earnings": NaN,
        "Net Income Common Stockholders": NaN,
        "Net Income": NaN,
        "Net Income Including Noncontrolling Interests": NaN,
        "Net Income Continuous Operations": NaN,
        "Tax Provision": NaN,
        "Pretax Income": NaN,
        "Other Income Expense": NaN,
        "Other Non Operating Income Expenses": NaN,
        "Special Income Charges": NaN,
        "Gain On Sale Of Ppe": NaN,
        "Write Off": 176000.0,
        "Restructuring And Mergern Acquisition": 7000.0,
        "Gain On Sale Of Security": NaN,
        "Net Non Operating Interest Income Expense": NaN,
        "Interest Expense Non Operating": NaN,
        "Interest Income Non Operating": NaN,
        "Operating Income": NaN,
        "Operating Expense": NaN,
        "Provision For Doubtful Accounts": NaN,
        "Research And Development": NaN,
        "Selling General And Administration": NaN,
        "Gross Profit": NaN,
        "Cost Of Revenue": NaN,
        "Total Revenue": NaN,
        "Operating Revenue": NaN
    },
    "2022-06-30": {
        "Tax Effect Of Unusual Items": -19600.0,
        "Tax Rate For Calcs": 0.4,
        "Normalized EBITDA": -1623000.0,
        "Total Unusual Items": -49000.0,
        "Total Unusual Items Excluding Goodwill": -49000.0,
        "Net Income From Continuing Operation Net Minority Interest": -6574000.0,
        "Reconciled Depreciation": 4808000.0,
        "Reconciled Cost Of Revenue": 17040000.0,
        "EBITDA": -1672000.0,
        "EBIT": -6480000.0,
        "Net Interest Income": 376000.0,
        "Interest Expense": 26000.0,
        "Interest Income": 402000.0,
        "Normalized Income": -6544600.0,
        "Net Income From Continuing And Discontinued Operation": -6574000.0,
        "Total Expenses": 27521000.0,
        "Total Operating Income As Reported": -6534000.0,
        "Diluted Average Shares": 13013616.0,
        "Basic Average Shares": 13013616.0,
        "Diluted EPS": -0.51,
        "Basic EPS": -0.51,
        "Diluted NI Availto Com Stockholders": -6574000.0,
        "Average Dilution Earnings": 0.0,
        "Net Income Common Stockholders": -6574000.0,
        "Net Income": -6574000.0,
        "Net Income Including Noncontrolling Interests": -6574000.0,
        "Net Income Continuous Operations": -6574000.0,
        "Tax Provision": 68000.0,
        "Pretax Income": -6506000.0,
        "Other Income Expense": -52000.0,
        "Other Non Operating Income Expenses": -3000.0,
        "Special Income Charges": 296000.0,
        "Gain On Sale Of Ppe": NaN,
        "Write Off": 88000.0,
        "Restructuring And Mergern Acquisition": -384000.0,
        "Gain On Sale Of Security": -345000.0,
        "Net Non Operating Interest Income Expense": 376000.0,
        "Interest Expense Non Operating": 26000.0,
        "Interest Income Non Operating": 402000.0,
        "Operating Income": -6830000.0,
        "Operating Expense": 10481000.0,
        "Research And Development": 4108000.0,
        "Selling General And Administration": 6373000.0,
        "Gross Profit": 3651000.0,
        "Cost Of Revenue": 17040000.0,
        "Total Revenue": 20691000.0,
        "Operating Revenue": 20691000.0
    },
    "2022-03-31": {
        "Diluted EPS": -0.11,
        "Total Revenue": 25,
        "Gross Profit": 7,
        "Operating Income": -2,
        "EBIT": 3,
        "Net Income": -1
    },
    "2021-12-31": {
        "Diluted EPS": -0.52,
        "Total Revenue": 18,
        "Gross Profit": 2,
        "Operating Income": -7,
        "EBIT": -2,
        "Net Income": -7
    },
    "2021-09-30": {
        "Diluted EPS": -0.38,
        "Total Revenue": 19,
        "Gross Profit": 3,
        "Operating Income": -5,
        "EBIT": 0,
        "Net Income": -5
    },
    "2021-06-30": {
        "Diluted EPS": -0.06,
        "Total Revenue": 23,
        "Gross Profit": 6,
        "Operating Income": -2,
        "EBIT": 3,
        "Net Income": -1
    },
    "2021-03-31": {
        "Diluted EPS": -0.53,
        "Total Revenue": 24,
        "Gross Profit": 1,
        "Operating Income": -8,
        "EBIT": -3,
        "Net Income": -7
    },
    "2020-12-31": {
        "Diluted EPS": -0.08,
        "Total Revenue": 28,
        "Gross Profit": 7,
        "Operating Income": -1,
        "EBIT": 4,
        "Net Income": -1
    },
    "2020-09-30": {
        "Diluted EPS": -0.28,
        "Total Revenue": 22,
        "Gross Profit": 5,
        "Operating Income": -4,
        "EBIT": 2,
        "Net Income": -4
    },
    "2020-06-30": {
        "Diluted EPS": -0.17,
        "Total Revenue": 23,
        "Gross Profit": 8,
        "Operating Income": -3,
        "EBIT": 3,
        "Net Income": -2
    },
    "2020-03-31": {
        "Diluted EPS": -0.28,
        "Total Revenue": 26,
        "Gross Profit": 8,
        "Operating Income": -3,
        "EBIT": 3,
        "Net Income": -4
    },
    "2019-12-31": {
        "Diluted EPS": -0.69,
        "Total Revenue": 18,
        "Gross Profit": 2,
        "Operating Income": -8,
        "EBIT": -2,
        "Net Income": -9
    },
    "2019-09-30": {
        "Diluted EPS": 0.65,
        "Total Revenue": 29,
        "Gross Profit": 10,
        "Operating Income": 9,
        "EBIT": 15,
        "Net Income": 9
    },
    "2019-06-30": {
        "Diluted EPS": -0.27,
        "Total Revenue": 23,
        "Gross Profit": 8,
        "Operating Income": -3,
        "EBIT": 2,
        "Net Income": -4
    },
    "2019-03-31": {
        "Diluted EPS": 0.05,
        "Total Revenue": 26,
        "Gross Profit": 10,
        "Operating Income": 1,
        "EBIT": 6,
        "Net Income": 1
    },
    "2018-12-31": {
        "Diluted EPS": -0.44,
        "Total Revenue": 18,
        "Gross Profit": 3,
        "Operating Income": -6,
        "EBIT": -2,
        "Net Income": -6
    },
    "2018-09-30": {
        "Diluted EPS": -0.01,
        "Total Revenue": 21,
        "Gross Profit": 5,
        "Operating Income": -1,
        "EBIT": 3,
        "Net Income": 0
    },
    "2018-06-30": {
        "Diluted EPS": -0.36,
        "Total Revenue": 21,
        "Gross Profit": 5,
        "Operating Income": -5,
        "EBIT": -1,
        "Net Income": -5
    },
    "2018-03-31": {
        "Diluted EPS": -0.36,
        "Total Revenue": 19,
        "Gross Profit": 2,
        "Operating Income": -5,
        "EBIT": -2,
        "Net Income": -5
    },
    "2017-12-31": {
        "Diluted EPS": -0.72,
        "Total Revenue": 15,
        "Gross Profit": -1,
        "Operating Income": -10,
        "EBIT": -6,
        "Net Income": -9
    },
    "2017-09-30": {
        "Diluted EPS": -1.46,
        "Total Revenue": 24,
        "Gross Profit": -10,
        "Operating Income": -18,
        "EBIT": -14,
        "Net Income": -19
    },
    "2017-06-30": {
        "Diluted EPS": -1.09,
        "Total Revenue": 14,
        "Gross Profit": -5,
        "Operating Income": -14,
        "EBIT": -9,
        "Net Income": -14
    },
    "2017-03-31": {
        "Diluted EPS": -0.88,
        "Total Revenue": 21,
        "Gross Profit": -3,
        "Operating Income": -11,
        "EBIT": -6,
        "Net Income": -12
    },
    "2016-12-31": {
        "Diluted EPS": -0.89,
        "Total Revenue": 15,
        "Gross Profit": -3,
        "Operating Income": -11,
        "EBIT": -7,
        "Net Income": -12
    },
    "2016-09-30": {
        "Diluted EPS": -0.94,
        "Total Revenue": 16,
        "Gross Profit": -5,
        "Operating Income": -15,
        "EBIT": -10,
        "Net Income": -12
    },
    "2016-06-30": {
        "Diluted EPS": -0.89,
        "Total Revenue": 18,
        "Gross Profit": -3,
        "Operating Income": -12,
        "EBIT": -7,
        "Net Income": -12
    },
    "2016-03-31": {
        "Diluted EPS": -0.84,
        "Total Revenue": 15,
        "Gross Profit": -5,
        "Operating Income": -14,
        "EBIT": -8,
        "Net Income": -11
    },
    "2015-12-31": {
        "Diluted EPS": -0.85,
        "Total Revenue": 13,
        "Gross Profit": -6,
        "Operating Income": -15,
        "EBIT": -10,
        "Net Income": -11
    },
    "2015-09-30": {
        "Diluted EPS": -1.04,
        "Total Revenue": 16,
        "Gross Profit": -9,
        "Operating Income": -22,
        "EBIT": -15,
        "Net Income": -13
    },
    "2015-06-30": {
        "Diluted EPS": -0.66,
        "Total Revenue": 20,
        "Gross Profit": -3,
        "Operating Income": -12,
        "EBIT": -8,
        "Net Income": -9
    },
    "2015-03-31": {
        "Diluted EPS": -0.4,
        "Total Revenue": 28,
        "Gross Profit": 1,
        "Operating Income": -9,
        "EBIT": -2,
        "Net Income": -5
    },
    "2014-12-31": {
        "Diluted EPS": -0.41,
        "Total Revenue": 21,
        "Gross Profit": 0,
        "Operating Income": -10,
        "EBIT": -6,
        "Net Income": -5
    },
    "2014-09-30": {
        "Diluted EPS": -0.15,
        "Total Revenue": 26,
        "Gross Profit": 6,
        "Operating Income": -3,
        "EBIT": 1,
        "Net Income": -2
    },
    "2014-06-30": {
        "Diluted EPS": 0.29,
        "Total Revenue": 41,
        "Gross Profit": 15,
        "Operating Income": 5,
        "EBIT": 10,
        "Net Income": 4
    },
    "2014-03-31": {
        "Diluted EPS": 0.82,
        "Total Revenue": 69,
        "Gross Profit": 28,
        "Operating Income": 16,
        "EBIT": 21,
        "Net Income": 11
    },
    "2013-12-31": {
        "Diluted EPS": 1.85,
        "Total Revenue": 101,
        "Gross Profit": 47,
        "Operating Income": 36,
        "EBIT": 39,
        "Net Income": 24
    },
    "2013-09-30": {
        "Diluted EPS": 1.07,
        "Total Revenue": 68,
        "Gross Profit": 30,
        "Operating Income": 19,
        "EBIT": 22,
        "Net Income": 14
    },
    "2013-06-30": {
        "Diluted EPS": 1.31,
        "Total Revenue": 78,
        "Gross Profit": 34,
        "Operating Income": 25,
        "EBIT": 28,
        "Net Income": 17
    },
    "2013-03-31": {
        "Diluted EPS": 1.3,
        "Total Revenue": 76,
        "Gross Profit": 36,
        "Operating Income": 26,
        "EBIT": 30,
        "Net Income": 17
    },
    "2012-12-31": {
        "Diluted EPS": 1.7,
        "Total Revenue": 78,
        "Gross Profit": 41,
        "Operating Income": 32,
        "EBIT": 34,
        "Net Income": 22
    },
    "2012-09-30": {
        "Diluted EPS": 0.34,
        "Total Revenue": 37,
        "Gross Profit": 13,
        "Operating Income": 6,
        "EBIT": 9,
        "Net Income": 4
    },
    "2012-06-30": {
        "Diluted EPS": 0.83,
        "Total Revenue": 55,
        "Gross Profit": 23,
        "Operating Income": 16,
        "EBIT": 18,
        "Net Income": 11
    },
    "2012-03-31": {
        "Diluted EPS": 0.89,
        "Total Revenue": 56,
        "Gross Profit": 25,
        "Operating Income": 16,
        "EBIT": 20,
        "Net Income": 11
    },
    "2011-12-31": {
        "Diluted EPS": 0.68,
        "Total Revenue": 43,
        "Gross Profit": 21,
        "Operating Income": 13,
        "EBIT": 14,
        "Net Income": 9
    },
    "2011-09-30": {
        "Diluted EPS": 0.3,
        "Total Revenue": 33,
        "Gross Profit": 13,
        "Operating Income": 6,
        "EBIT": 8,
        "Net Income": 4
    },
    "2011-06-30": {
        "Diluted EPS": 0.72,
        "Total Revenue": 46,
        "Gross Profit": 21,
        "Operating Income": 14,
        "EBIT": 15,
        "Net Income": 9
    },
    "2011-03-31": {
        "Diluted EPS": 0.69,
        "Total Revenue": 51,
        "Gross Profit": 22,
        "Operating Income": 13,
        "EBIT": 15,
        "Net Income": 9
    },
    "2010-12-31": {
        "Diluted EPS": 0.65,
        "Total Revenue": 43,
        "Gross Profit": 19,
        "Operating Income": 12,
        "EBIT": 13,
        "Net Income": 8
    },
    "2010-09-30": {
        "Diluted EPS": 0.42,
        "Total Revenue": 36,
        "Gross Profit": 15,
        "Operating Income": 7,
        "EBIT": 8,
        "Net Income": 5
    },
    "2010-06-30": {
        "Diluted EPS": 0.41,
        "Total Revenue": 35,
        "Gross Profit": 15,
        "Operating Income": 8,
        "EBIT": 9,
        "Net Income": 5
    },
    "2010-03-31": {
        "Diluted EPS": 0.23,
        "Total Revenue": 31,
        "Gross Profit": 10,
        "Operating Income": 4,
        "EBIT": 6,
        "Net Income": 3
    },
    "2009-12-31": {
        "Diluted EPS": 0.09,
        "Total Revenue": 26,
        "Gross Profit": 7,
        "Operating Income": 2,
        "EBIT": 3,
        "Net Income": 1
    },
    "2009-09-30": {
        "Diluted EPS": -0.15,
        "Total Revenue": 23,
        "Gross Profit": 4,
        "Operating Income": -2,
        "EBIT": -1,
        "Net Income": -2
    },
    "2009-06-30": {
        "Diluted EPS": 0.09,
        "Total Revenue": 21,
        "Gross Profit": 7,
        "Operating Income": 1,
        "EBIT": 2,
        "Net Income": 1
    },
    "2009-03-31": {
        "Diluted EPS": 0.1,
        "Total Revenue": 24,
        "Gross Profit": 7,
        "Operating Income": 2,
        "EBIT": 3,
        "Net Income": 1
    },
    "2023-06-30": {
        "Tax Effect Of Unusual Items": NaN,
        "Tax Rate For Calcs": NaN,
        "Normalized EBITDA": NaN,
        "Total Unusual Items": NaN,
        "Total Unusual Items Excluding Goodwill": NaN,
        "Net Income From Continuing Operation Net Minority Interest": NaN,
        "Reconciled Depreciation": NaN,
        "Reconciled Cost Of Revenue": NaN,
        "EBITDA": NaN,
        "EBIT": NaN,
        "Net Interest Income": NaN,
        "Interest Expense": NaN,
        "Interest Income": NaN,
        "Normalized Income": NaN,
        "Net Income From Continuing And Discontinued Operation": NaN,
        "Total Expenses": NaN,
        "Total Operating Income As Reported": NaN,
        "Diluted Average Shares": 13320881.0,
        "Basic Average Shares": 13171654.0,
        "Diluted EPS": 0.24,
        "Basic EPS": 0.25,
        "Diluted NI Availto Com Stockholders": NaN,
        "Average Dilution Earnings": 0.0,
        "Net Income Common Stockholders": NaN,
        "Net Income": NaN,
        "Net Income Including Noncontrolling Interests": NaN,
        "Net Income Continuous Operations": NaN,
        "Tax Provision": NaN,
        "Pretax Income": NaN,
        "Other Income Expense": NaN,
        "Other Non Operating Income Expenses": NaN,
        "Special Income Charges": 178000.0,
        "Gain On Sale Of Ppe": 0.0,
        "Write Off": -178000.0,
        "Restructuring And Mergern Acquisition": 0.0,
        "Gain On Sale Of Security": NaN,
        "Net Non Operating Interest Income Expense": NaN,
        "Interest Expense Non Operating": NaN,
        "Interest Income Non Operating": NaN,
        "Operating Income": NaN,
        "Operating Expense": NaN,
        "Provision For Doubtful Accounts": NaN,
        "Research And Development": NaN,
        "Selling General And Administration": NaN,
        "Gross Profit": NaN,
        "Cost Of Revenue": NaN,
        "Total Revenue": NaN,
        "Operating Revenue": NaN
    },
    "2023-09-30": {
        "Tax Effect Of Unusual Items": NaN,
        "Tax Rate For Calcs": NaN,
        "Normalized EBITDA": NaN,
        "Total Unusual Items": NaN,
        "Total Unusual Items Excluding Goodwill": NaN,
        "Net Income From Continuing Operation Net Minority Interest": NaN,
        "Reconciled Depreciation": NaN,
        "Reconciled Cost Of Revenue": NaN,
        "EBITDA": NaN,
        "EBIT": NaN,
        "Net Interest Income": NaN,
        "Interest Expense": NaN,
        "Interest Income": NaN,
        "Normalized Income": NaN,
        "Net Income From Continuing And Discontinued Operation": NaN,
        "Total Expenses": NaN,
        "Total Operating Income As Reported": NaN,
        "Diluted Average Shares": NaN,
        "Basic Average Shares": NaN,
        "Diluted EPS": NaN,
        "Basic EPS": NaN,
        "Diluted NI Availto Com Stockholders": NaN,
        "Average Dilution Earnings": 0.0,
        "Net Income Common Stockholders": NaN,
        "Net Income": NaN,
        "Net Income Including Noncontrolling Interests": NaN,
        "Net Income Continuous Operations": NaN,
        "Tax Provision": NaN,
        "Pretax Income": NaN,
        "Other Income Expense": NaN,
        "Other Non Operating Income Expenses": NaN,
        "Special Income Charges": 97000.0,
        "Gain On Sale Of Ppe": 0.0,
        "Write Off": -97000.0,
        "Restructuring And Mergern Acquisition": 0.0,
        "Gain On Sale Of Security": NaN,
        "Net Non Operating Interest Income Expense": NaN,
        "Interest Expense Non Operating": NaN,
        "Interest Income Non Operating": NaN,
        "Operating Income": NaN,
        "Operating Expense": NaN,
        "Provision For Doubtful Accounts": NaN,
        "Research And Development": NaN,
        "Selling General And Administration": NaN,
        "Gross Profit": NaN,
        "Cost Of Revenue": NaN,
        "Total Revenue": NaN,
        "Operating Revenue": NaN
    },
    "2023-12-31": {
        "Tax Effect Of Unusual Items": NaN,
        "Tax Rate For Calcs": NaN,
        "Normalized EBITDA": NaN,
        "Total Unusual Items": NaN,
        "Total Unusual Items Excluding Goodwill": NaN,
        "Net Income From Continuing Operation Net Minority Interest": NaN,
        "Reconciled Depreciation": NaN,
        "Reconciled Cost Of Revenue": NaN,
        "EBITDA": NaN,
        "EBIT": NaN,
        "Net Interest Income": NaN,
        "Interest Expense": NaN,
        "Interest Income": NaN,
        "Normalized Income": NaN,
        "Net Income From Continuing And Discontinued Operation": NaN,
        "Total Expenses": NaN,
        "Total Operating Income As Reported": NaN,
        "Diluted Average Shares": NaN,
        "Basic Average Shares": NaN,
        "Diluted EPS": NaN,
        "Basic EPS": NaN,
        "Diluted NI Availto Com Stockholders": NaN,
        "Average Dilution Earnings": NaN,
        "Net Income Common Stockholders": NaN,
        "Net Income": NaN,
        "Net Income Including Noncontrolling Interests": NaN,
        "Net Income Continuous Operations": NaN,
        "Tax Provision": NaN,
        "Pretax Income": NaN,
        "Other Income Expense": NaN,
        "Other Non Operating Income Expenses": NaN,
        "Special Income Charges": NaN,
        "Gain On Sale Of Ppe": NaN,
        "Write Off": NaN,
        "Gain On Sale Of Security": NaN,
        "Net Non Operating Interest Income Expense": NaN,
        "Interest Expense Non Operating": NaN,
        "Interest Income Non Operating": NaN,
        "Operating Income": NaN,
        "Operating Expense": NaN,
        "Provision For Doubtful Accounts": -29000.0,
        "Research And Development": NaN,
        "Selling General And Administration": NaN,
        "Gross Profit": NaN,
        "Cost Of Revenue": NaN,
        "Total Revenue": NaN,
        "Operating Revenue": NaN
    },
    "2024-03-31": {
        "Tax Effect Of Unusual Items": NaN,
        "Tax Rate For Calcs": NaN,
        "Normalized EBITDA": NaN,
        "Total Unusual Items": NaN,
        "Total Unusual Items Excluding Goodwill": NaN,
        "Net Income From Continuing Operation Net Minority Interest": NaN,
        "Reconciled Depreciation": NaN,
        "Reconciled Cost Of Revenue": NaN,
        "EBITDA": NaN,
        "EBIT": NaN,
        "Net Interest Income": NaN,
        "Interest Expense": NaN,
        "Interest Income": NaN,
        "Normalized Income": NaN,
        "Net Income From Continuing And Discontinued Operation": NaN,
        "Total Expenses": NaN,
        "Total Operating Income As Reported": NaN,
        "Diluted Average Shares": NaN,
        "Basic Average Shares": NaN,
        "Diluted EPS": NaN,
        "Basic EPS": NaN,
        "Diluted NI Availto Com Stockholders": NaN,
        "Average Dilution Earnings": 0.0,
        "Net Income Common Stockholders": NaN,
        "Net Income": NaN,
        "Net Income Including Noncontrolling Interests": NaN,
        "Net Income Continuous Operations": NaN,
        "Tax Provision": NaN,
        "Pretax Income": NaN,
        "Other Income Expense": NaN,
        "Other Non Operating Income Expenses": NaN,
        "Special Income Charges": 0.0,
        "Gain On Sale Of Ppe": 0.0,
        "Write Off": NaN,
        "Gain On Sale Of Security": NaN,
        "Net Non Operating Interest Income Expense": NaN,
        "Interest Expense Non Operating": NaN,
        "Interest Income Non Operating": NaN,
        "Operating Income": NaN,
        "Operating Expense": NaN,
        "Provision For Doubtful Accounts": -22000.0,
        "Research And Development": NaN,
        "Selling General And Administration": NaN,
        "Gross Profit": NaN,
        "Cost Of Revenue": NaN,
        "Total Revenue": NaN,
        "Operating Revenue": NaN
    },
    "2024-06-30": {
        "Tax Effect Of Unusual Items": NaN,
        "Tax Rate For Calcs": NaN,
        "Normalized EBITDA": NaN,
        "Total Unusual Items": NaN,
        "Total Unusual Items Excluding Goodwill": NaN,
        "Net Income From Continuing Operation Net Minority Interest": NaN,
        "Reconciled Depreciation": NaN,
        "Reconciled Cost Of Revenue": NaN,
        "EBITDA": NaN,
        "EBIT": NaN,
        "Net Interest Income": NaN,
        "Interest Expense": NaN,
        "Interest Income": NaN,
        "Normalized Income": NaN,
        "Net Income From Continuing And Discontinued Operation": NaN,
        "Total Expenses": NaN,
        "Total Operating Income As Reported": NaN,
        "Diluted Average Shares": NaN,
        "Basic Average Shares": NaN,
        "Diluted EPS": NaN,
        "Basic EPS": NaN,
        "Diluted NI Availto Com Stockholders": NaN,
        "Average Dilution Earnings": 0.0,
        "Net Income Common Stockholders": NaN,
        "Net Income": NaN,
        "Net Income Including Noncontrolling Interests": NaN,
        "Net Income Continuous Operations": NaN,
        "Tax Provision": NaN,
        "Pretax Income": NaN,
        "Other Income Expense": NaN,
        "Other Non Operating Income Expenses": NaN,
        "Special Income Charges": 0.0,
        "Gain On Sale Of Ppe": 0.0,
        "Write Off": -33000.0,
        "Gain On Sale Of Security": NaN,
        "Net Non Operating Interest Income Expense": NaN,
        "Interest Expense Non Operating": NaN,
        "Interest Income Non Operating": NaN,
        "Operating Income": NaN,
        "Operating Expense": NaN,
        "Provision For Doubtful Accounts": -33000.0,
        "Research And Development": NaN,
        "Selling General And Administration": NaN,
        "Gross Profit": NaN,
        "Cost Of Revenue": NaN,
        "Total Revenue": NaN,
        "Operating Revenue": NaN
    },
    "2024-09-30": {
        "Tax Effect Of Unusual Items": -3613470.0,
        "Tax Rate For Calcs": 0.21,
        "Normalized EBITDA": 7732000.0,
        "Total Unusual Items": -17207000.0,
        "Total Unusual Items Excluding Goodwill": -17207000.0,
        "Net Income From Continuing Operation Net Minority Interest": -12860000.0,
        "Reconciled Depreciation": 3337000.0,
        "Reconciled Cost Of Revenue": 19508000.0,
        "EBITDA": -9475000.0,
        "EBIT": -12812000.0,
        "Net Interest Income": 561000.0,
        "Interest Expense": 43000.0,
        "Interest Income": 604000.0,
        "Normalized Income": 733530.0,
        "Net Income From Continuing And Discontinued Operation": -12860000.0,
        "Total Expenses": 31608000.0,
        "Total Operating Income As Reported": 1179000.0,
        "Diluted Average Shares": NaN,
        "Basic Average Shares": NaN,
        "Diluted EPS": NaN,
        "Basic EPS": NaN,
        "Diluted NI Availto Com Stockholders": -12860000.0,
        "Average Dilution Earnings": 0.0,
        "Net Income Common Stockholders": -12860000.0,
        "Net Income": -12860000.0,
        "Net Income Including Noncontrolling Interests": -12860000.0,
        "Net Income Continuous Operations": -12860000.0,
        "Tax Provision": 5000.0,
        "Pretax Income": -12855000.0,
        "Other Income Expense": -17246000.0,
        "Other Non Operating Income Expenses": -39000.0,
        "Special Income Charges": -17190000.0,
        "Gain On Sale Of Ppe": 0.0,
        "Write Off": -26000.0,
        "Gain On Sale Of Security": -17000.0,
        "Net Non Operating Interest Income Expense": 561000.0,
        "Interest Expense Non Operating": 43000.0,
        "Interest Income Non Operating": 604000.0,
        "Operating Income": 3830000.0,
        "Operating Expense": 12100000.0,
        "Provision For Doubtful Accounts": NaN,
        "Research And Development": 4775000.0,
        "Selling General And Administration": 7241000.0,
        "Gross Profit": 15930000.0,
        "Cost Of Revenue": 19508000.0,
        "Total Revenue": 35438000.0,
        "Operating Revenue": 35438000.0
    },
    "2024-12-31": {
        "Tax Effect Of Unusual Items": -186.358817,
        "Tax Rate For Calcs": 0.013311,
        "Normalized EBITDA": 11335000.0,
        "Total Unusual Items": -14000.0,
        "Total Unusual Items Excluding Goodwill": -14000.0,
        "Net Income From Continuing Operation Net Minority Interest": 8376000.0,
        "Reconciled Depreciation": 2788000.0,
        "Reconciled Cost Of Revenue": 17074000.0,
        "EBITDA": 11321000.0,
        "EBIT": 8533000.0,
        "Net Interest Income": 701000.0,
        "Interest Expense": 44000.0,
        "Interest Income": 745000.0,
        "Normalized Income": 8389813.641183,
        "Net Income From Continuing And Discontinued Operation": 8376000.0,
        "Total Expenses": 29388000.0,
        "Total Operating Income As Reported": 7835000.0,
        "Diluted Average Shares": 12877387.0,
        "Basic Average Shares": 12753378.0,
        "Diluted EPS": 0.65,
        "Basic EPS": 0.66,
        "Diluted NI Availto Com Stockholders": 8376000.0,
        "Average Dilution Earnings": NaN,
        "Net Income Common Stockholders": 8376000.0,
        "Net Income": 8376000.0,
        "Net Income Including Noncontrolling Interests": 8376000.0,
        "Net Income Continuous Operations": 8376000.0,
        "Tax Provision": 113000.0,
        "Pretax Income": 8489000.0,
        "Other Income Expense": -47000.0,
        "Other Non Operating Income Expenses": -33000.0,
        "Special Income Charges": NaN,
        "Gain On Sale Of Ppe": NaN,
        "Write Off": NaN,
        "Gain On Sale Of Security": -14000.0,
        "Net Non Operating Interest Income Expense": 701000.0,
        "Interest Expense Non Operating": 44000.0,
        "Interest Income Non Operating": 745000.0,
        "Operating Income": 7835000.0,
        "Operating Expense": 12314000.0,
        "Provision For Doubtful Accounts": 0.0,
        "Research And Development": 4894000.0,
        "Selling General And Administration": 7420000.0,
        "Gross Profit": 20149000.0,
        "Cost Of Revenue": 17074000.0,
        "Total Revenue": 37223000.0,
        "Operating Revenue": 37223000.0
    },
    "2025-03-31": {
        "Tax Effect Of Unusual Items": -3237.605804,
        "Tax Rate For Calcs": 0.012696,
        "Normalized EBITDA": -7155000.0,
        "Total Unusual Items": -255000.0,
        "Total Unusual Items Excluding Goodwill": -255000.0,
        "Net Income From Continuing Operation Net Minority Interest": -9798000.0,
        "Reconciled Depreciation": 2471000.0,
        "Reconciled Cost Of Revenue": 16275000.0,
        "EBITDA": -7410000.0,
        "EBIT": -9881000.0,
        "Net Interest Income": 650000.0,
        "Interest Expense": 43000.0,
        "Interest Income": 693000.0,
        "Normalized Income": -9546237.605804,
        "Net Income From Continuing And Discontinued Operation": -9798000.0,
        "Total Expenses": 28304000.0,
        "Total Operating Income As Reported": -10281000.0,
        "Diluted Average Shares": 12792803.0,
        "Basic Average Shares": 12792803.0,
        "Diluted EPS": -0.77,
        "Basic EPS": -0.77,
        "Diluted NI Availto Com Stockholders": -9798000.0,
        "Average Dilution Earnings": 0.0,
        "Net Income Common Stockholders": -9798000.0,
        "Net Income": -9798000.0,
        "Net Income Including Noncontrolling Interests": -9798000.0,
        "Net Income Continuous Operations": -9798000.0,
        "Tax Provision": -126000.0,
        "Pretax Income": -9924000.0,
        "Other Income Expense": -293000.0,
        "Other Non Operating Income Expenses": -38000.0,
        "Special Income Charges": NaN,
        "Gain On Sale Of Ppe": NaN,
        "Write Off": NaN,
        "Gain On Sale Of Security": -255000.0,
        "Net Non Operating Interest Income Expense": 650000.0,
        "Interest Expense Non Operating": 43000.0,
        "Interest Income Non Operating": 693000.0,
        "Operating Income": -10281000.0,
        "Operating Expense": 12029000.0,
        "Provision For Doubtful Accounts": 19000.0,
        "Research And Development": 5235000.0,
        "Selling General And Administration": 6775000.0,
        "Gross Profit": 1748000.0,
        "Cost Of Revenue": 16275000.0,
        "Total Revenue": 18023000.0,
        "Operating Revenue": 18023000.0
    },
    "2025-06-30": {
        "Tax Effect Of Unusual Items": 379420.289855,
        "Tax Rate For Calcs": 0.082126,
        "Normalized EBITDA": -1349000.0,
        "Total Unusual Items": 4620000.0,
        "Total Unusual Items Excluding Goodwill": 4620000.0,
        "Net Income From Continuing Operation Net Minority Interest": 760000.0,
        "Reconciled Depreciation": 2399000.0,
        "Reconciled Cost Of Revenue": 17304000.0,
        "EBITDA": 3271000.0,
        "EBIT": 872000.0,
        "Net Interest Income": 493000.0,
        "Interest Expense": 44000.0,
        "Interest Income": 537000.0,
        "Normalized Income": -3480579.710145,
        "Net Income From Continuing And Discontinued Operation": 760000.0,
        "Total Expenses": 29090000.0,
        "Total Operating Income As Reported": 369000.0,
        "Diluted Average Shares": 12805414.0,
        "Basic Average Shares": 12805414.0,
        "Diluted EPS": 0.06,
        "Basic EPS": 0.06,
        "Diluted NI Availto Com Stockholders": 760000.0,
        "Average Dilution Earnings": NaN,
        "Net Income Common Stockholders": 760000.0,
        "Net Income": 760000.0,
        "Net Income Including Noncontrolling Interests": 760000.0,
        "Net Income Continuous Operations": 760000.0,
        "Tax Provision": 68000.0,
        "Pretax Income": 828000.0,
        "Other Income Expense": 4582000.0,
        "Other Non Operating Income Expenses": -38000.0,
        "Special Income Charges": 4616000.0,
        "Gain On Sale Of Ppe": 4616000.0,
        "Write Off": NaN,
        "Gain On Sale Of Security": 4000.0,
        "Net Non Operating Interest Income Expense": 493000.0,
        "Interest Expense Non Operating": 44000.0,
        "Interest Income Non Operating": 537000.0,
        "Operating Income": -4247000.0,
        "Operating Expense": 11786000.0,
        "Provision For Doubtful Accounts": 2000.0,
        "Research And Development": 4238000.0,
        "Selling General And Administration": 7546000.0,
        "Gross Profit": 7539000.0,
        "Cost Of Revenue": 17304000.0,
        "Total Revenue": 24843000.0,
        "Operating Revenue": 24843000.0
    },
    "2025-09-30": {
        "Tax Effect Of Unusual Items": -15960.0,
        "Tax Rate For Calcs": 0.21,
        "Normalized EBITDA": -6127000.0,
        "Total Unusual Items": -76000.0,
        "Total Unusual Items Excluding Goodwill": -76000.0,
        "Net Income From Continuing Operation Net Minority Interest": -9062000.0,
        "Reconciled Depreciation": 2488000.0,
        "Reconciled Cost Of Revenue": 27253000.0,
        "EBITDA": -6203000.0,
        "EBIT": -8691000.0,
        "Net Interest Income": 524000.0,
        "Interest Expense": 38000.0,
        "Interest Income": 562000.0,
        "Normalized Income": -9001960.0,
        "Net Income From Continuing And Discontinued Operation": -9062000.0,
        "Total Expenses": 39855000.0,
        "Total Operating Income As Reported": -9207000.0,
        "Diluted Average Shares": 12820403.0,
        "Basic Average Shares": 12820403.0,
        "Diluted EPS": -0.71,
        "Basic EPS": -0.71,
        "Diluted NI Availto Com Stockholders": -9062000.0,
        "Average Dilution Earnings": NaN,
        "Net Income Common Stockholders": -9062000.0,
        "Net Income": -9062000.0,
        "Net Income Including Noncontrolling Interests": -9062000.0,
        "Net Income Continuous Operations": -9062000.0,
        "Tax Provision": 333000.0,
        "Pretax Income": -8729000.0,
        "Other Income Expense": -112000.0,
        "Other Non Operating Income Expenses": -36000.0,
        "Special Income Charges": -66000.0,
        "Gain On Sale Of Ppe": 0.0,
        "Write Off": NaN,
        "Gain On Sale Of Security": -10000.0,
        "Net Non Operating Interest Income Expense": 524000.0,
        "Interest Expense Non Operating": 38000.0,
        "Interest Income Non Operating": 562000.0,
        "Operating Income": -9141000.0,
        "Operating Expense": 12602000.0,
        "Provision For Doubtful Accounts": NaN,
        "Research And Development": 4549000.0,
        "Selling General And Administration": 8074000.0,
        "Gross Profit": 3461000.0,
        "Cost Of Revenue": 27253000.0,
        "Total Revenue": 30714000.0,
        "Operating Revenue": 30714000.0
    },
    "2025-12-31": {
        "Tax Effect Of Unusual Items": NaN,
        "Tax Rate For Calcs": NaN,
        "Normalized EBITDA": NaN,
        "Total Unusual Items": NaN,
        "Total Unusual Items Excluding Goodwill": NaN,
        "Net Income From Continuing Operation Net Minority Interest": NaN,
        "Reconciled Depreciation": NaN,
        "Reconciled Cost Of Revenue": NaN,
        "EBITDA": NaN,
        "EBIT": NaN,
        "Net Interest Income": NaN,
        "Interest Expense": NaN,
        "Interest Income": NaN,
        "Normalized Income": NaN,
        "Net Income From Continuing And Discontinued Operation": NaN,
        "Total Expenses": NaN,
        "Total Operating Income As Reported": NaN,
        "Diluted Average Shares": 12849600.0,
        "Basic Average Shares": 12849600.0,
        "Diluted EPS": -0.76,
        "Basic EPS": -0.76,
        "Diluted NI Availto Com Stockholders": NaN,
        "Average Dilution Earnings": NaN,
        "Net Income Common Stockholders": NaN,
        "Net Income": NaN,
        "Net Income Including Noncontrolling Interests": NaN,
        "Net Income Continuous Operations": NaN,
        "Tax Provision": NaN,
        "Pretax Income": NaN,
        "Other Income Expense": NaN,
        "Other Non Operating Income Expenses": NaN,
        "Special Income Charges": NaN,
        "Gain On Sale Of Ppe": NaN,
        "Write Off": NaN,
        "Gain On Sale Of Security": NaN,
        "Net Non Operating Interest Income Expense": NaN,
        "Interest Expense Non Operating": NaN,
        "Interest Income Non Operating": NaN,
        "Operating Income": NaN,
        "Operating Expense": NaN,
        "Provision For Doubtful Accounts": NaN,
        "Research And Development": NaN,
        "Selling General And Administration": NaN,
        "Gross Profit": NaN,
        "Cost Of Revenue": NaN,
        "Total Revenue": NaN,
        "Operating Revenue": NaN
    }
}