{
    "2023-03-31": {
        "Tax Effect Of Unusual Items": NaN,
        "Tax Rate For Calcs": NaN,
        "Normalized EBITDA": NaN,
        "Total Unusual Items": NaN,
        "Total Unusual Items Excluding Goodwill": NaN,
        "Net Income From Continuing Operation Net Minority Interest": NaN,
        "Reconciled Depreciation": NaN,
        "Reconciled Cost Of Revenue": NaN,
        "EBITDA": NaN,
        "EBIT": NaN,
        "Net Interest Income": NaN,
        "Interest Expense": NaN,
        "Interest Income": NaN,
        "Normalized Income": NaN,
        "Net Income From Continuing And Discontinued Operation": NaN,
        "Total Expenses": NaN,
        "Total Operating Income As Reported": NaN,
        "Diluted Average Shares": NaN,
        "Basic Average Shares": NaN,
        "Diluted EPS": NaN,
        "Basic EPS": NaN,
        "Diluted NI Availto Com Stockholders": NaN,
        "Net Income Common Stockholders": NaN,
        "Net Income": NaN,
        "Net Income Including Noncontrolling Interests": NaN,
        "Net Income Discontinuous Operations": 0.0,
        "Net Income Continuous Operations": NaN,
        "Tax Provision": NaN,
        "Pretax Income": NaN,
        "Other Income Expense": NaN,
        "Other Non Operating Income Expenses": NaN,
        "Special Income Charges": NaN,
        "Gain On Sale Of Ppe": NaN,
        "Other Special Charges": NaN,
        "Impairment Of Capital Assets": NaN,
        "Restructuring And Mergern Acquisition": NaN,
        "Gain On Sale Of Security": NaN,
        "Net Non Operating Interest Income Expense": NaN,
        "Interest Expense Non Operating": NaN,
        "Interest Income Non Operating": NaN,
        "Operating Income": NaN,
        "Operating Expense": NaN,
        "Depreciation Amortization Depletion Income Statement": NaN,
        "Depreciation And Amortization In Income Statement": NaN,
        "Depreciation Income Statement": NaN,
        "Selling General And Administration": NaN,
        "General And Administrative Expense": NaN,
        "Other Gand A": NaN,
        "Salaries And Wages": -217000.0,
        "Gross Profit": NaN,
        "Cost Of Revenue": NaN,
        "Total Revenue": NaN,
        "Operating Revenue": NaN
    },
    "2022-12-31": {
        "Tax Effect Of Unusual Items": NaN,
        "Tax Rate For Calcs": NaN,
        "Normalized EBITDA": NaN,
        "Total Unusual Items": NaN,
        "Total Unusual Items Excluding Goodwill": NaN,
        "Net Income From Continuing Operation Net Minority Interest": NaN,
        "Reconciled Depreciation": NaN,
        "Reconciled Cost Of Revenue": NaN,
        "EBITDA": NaN,
        "EBIT": NaN,
        "Net Interest Income": NaN,
        "Interest Expense": NaN,
        "Interest Income": NaN,
        "Normalized Income": NaN,
        "Net Income From Continuing And Discontinued Operation": NaN,
        "Total Expenses": NaN,
        "Total Operating Income As Reported": NaN,
        "Diluted Average Shares": NaN,
        "Basic Average Shares": NaN,
        "Diluted EPS": NaN,
        "Basic EPS": NaN,
        "Diluted NI Availto Com Stockholders": NaN,
        "Net Income Common Stockholders": NaN,
        "Net Income": NaN,
        "Net Income Including Noncontrolling Interests": NaN,
        "Net Income Discontinuous Operations": 0.0,
        "Net Income Continuous Operations": NaN,
        "Tax Provision": NaN,
        "Pretax Income": NaN,
        "Other Income Expense": NaN,
        "Other Non Operating Income Expenses": NaN,
        "Special Income Charges": NaN,
        "Gain On Sale Of Ppe": NaN,
        "Other Special Charges": NaN,
        "Impairment Of Capital Assets": NaN,
        "Restructuring And Mergern Acquisition": NaN,
        "Gain On Sale Of Security": NaN,
        "Net Non Operating Interest Income Expense": NaN,
        "Interest Expense Non Operating": NaN,
        "Interest Income Non Operating": NaN,
        "Operating Income": NaN,
        "Operating Expense": NaN,
        "Depreciation Amortization Depletion Income Statement": 4239000.0,
        "Depreciation And Amortization In Income Statement": 4239000.0,
        "Depreciation Income Statement": 4239000.0,
        "Selling General And Administration": NaN,
        "General And Administrative Expense": NaN,
        "Other Gand A": NaN,
        "Salaries And Wages": NaN,
        "Gross Profit": NaN,
        "Cost Of Revenue": NaN,
        "Total Revenue": NaN,
        "Operating Revenue": NaN
    },
    "2022-09-30": {
        "Tax Effect Of Unusual Items": NaN,
        "Tax Rate For Calcs": NaN,
        "Normalized EBITDA": NaN,
        "Total Unusual Items": NaN,
        "Total Unusual Items Excluding Goodwill": NaN,
        "Net Income From Continuing Operation Net Minority Interest": NaN,
        "Reconciled Depreciation": NaN,
        "Reconciled Cost Of Revenue": NaN,
        "EBITDA": NaN,
        "EBIT": NaN,
        "Net Interest Income": NaN,
        "Interest Expense": NaN,
        "Interest Income": NaN,
        "Normalized Income": NaN,
        "Net Income From Continuing And Discontinued Operation": NaN,
        "Total Expenses": NaN,
        "Total Operating Income As Reported": NaN,
        "Diluted Average Shares": NaN,
        "Basic Average Shares": NaN,
        "Diluted EPS": NaN,
        "Basic EPS": NaN,
        "Diluted NI Availto Com Stockholders": NaN,
        "Net Income Common Stockholders": NaN,
        "Net Income": NaN,
        "Net Income Including Noncontrolling Interests": NaN,
        "Net Income Discontinuous Operations": -1471000.0,
        "Net Income Continuous Operations": NaN,
        "Tax Provision": NaN,
        "Pretax Income": NaN,
        "Other Income Expense": NaN,
        "Other Non Operating Income Expenses": NaN,
        "Special Income Charges": NaN,
        "Gain On Sale Of Ppe": NaN,
        "Other Special Charges": -758000.0,
        "Impairment Of Capital Assets": NaN,
        "Restructuring And Mergern Acquisition": NaN,
        "Gain On Sale Of Security": NaN,
        "Net Non Operating Interest Income Expense": NaN,
        "Interest Expense Non Operating": NaN,
        "Interest Income Non Operating": NaN,
        "Operating Income": NaN,
        "Operating Expense": NaN,
        "Depreciation Amortization Depletion Income Statement": NaN,
        "Depreciation And Amortization In Income Statement": NaN,
        "Depreciation Income Statement": NaN,
        "Selling General And Administration": NaN,
        "General And Administrative Expense": NaN,
        "Other Gand A": NaN,
        "Salaries And Wages": NaN,
        "Gross Profit": NaN,
        "Cost Of Revenue": NaN,
        "Total Revenue": NaN,
        "Operating Revenue": NaN
    },
    "2022-06-30": {
        "Tax Effect Of Unusual Items": -1617822.0,
        "Tax Rate For Calcs": 0.306,
        "Normalized EBITDA": 105359000.0,
        "Total Unusual Items": -5287000.0,
        "Total Unusual Items Excluding Goodwill": -5287000.0,
        "Net Income From Continuing Operation Net Minority Interest": 52782000.0,
        "Reconciled Depreciation": 17688000.0,
        "Reconciled Cost Of Revenue": 507578000.0,
        "EBITDA": 100072000.0,
        "EBIT": 100072000.0,
        "Net Interest Income": -23961000.0,
        "Interest Expense": 24022000.0,
        "Interest Income": 61000.0,
        "Normalized Income": 56451178.0,
        "Net Income From Continuing And Discontinued Operation": 140287000.0,
        "Total Expenses": 664965000.0,
        "Total Operating Income As Reported": 103214000.0,
        "Diluted Average Shares": 53914000.0,
        "Basic Average Shares": 51734000.0,
        "Diluted EPS": 2.6,
        "Basic EPS": 2.71,
        "Diluted NI Availto Com Stockholders": 140287000.0,
        "Net Income Common Stockholders": 140287000.0,
        "Net Income": 140287000.0,
        "Net Income Including Noncontrolling Interests": 140287000.0,
        "Net Income Discontinuous Operations": 87505000.0,
        "Net Income Continuous Operations": 52782000.0,
        "Tax Provision": 23268000.0,
        "Pretax Income": 76050000.0,
        "Other Income Expense": -3203000.0,
        "Other Non Operating Income Expenses": 2084000.0,
        "Special Income Charges": -5287000.0,
        "Gain On Sale Of Ppe": NaN,
        "Other Special Charges": 5287000.0,
        "Impairment Of Capital Assets": NaN,
        "Restructuring And Mergern Acquisition": NaN,
        "Net Non Operating Interest Income Expense": -23961000.0,
        "Interest Expense Non Operating": 24022000.0,
        "Interest Income Non Operating": 61000.0,
        "Operating Income": 103214000.0,
        "Operating Expense": 157387000.0,
        "Depreciation Amortization Depletion Income Statement": NaN,
        "Depreciation And Amortization In Income Statement": NaN,
        "Depreciation Income Statement": NaN,
        "Selling General And Administration": 157387000.0,
        "Gross Profit": 260601000.0,
        "Cost Of Revenue": 507578000.0,
        "Total Revenue": 768179000.0,
        "Operating Revenue": 768179000.0
    },
    "2023-06-30": {
        "Tax Effect Of Unusual Items": NaN,
        "Tax Rate For Calcs": NaN,
        "Normalized EBITDA": NaN,
        "Total Unusual Items": NaN,
        "Total Unusual Items Excluding Goodwill": NaN,
        "Net Income From Continuing Operation Net Minority Interest": NaN,
        "Reconciled Depreciation": NaN,
        "Reconciled Cost Of Revenue": NaN,
        "EBITDA": NaN,
        "EBIT": NaN,
        "Net Interest Income": NaN,
        "Interest Expense": NaN,
        "Interest Income": NaN,
        "Normalized Income": NaN,
        "Net Income From Continuing And Discontinued Operation": NaN,
        "Total Expenses": NaN,
        "Total Operating Income As Reported": NaN,
        "Diluted Average Shares": NaN,
        "Basic Average Shares": NaN,
        "Diluted EPS": NaN,
        "Basic EPS": NaN,
        "Diluted NI Availto Com Stockholders": NaN,
        "Net Income Common Stockholders": NaN,
        "Net Income": NaN,
        "Net Income Including Noncontrolling Interests": NaN,
        "Net Income Discontinuous Operations": 0.0,
        "Net Income Continuous Operations": NaN,
        "Tax Provision": NaN,
        "Pretax Income": NaN,
        "Other Income Expense": NaN,
        "Other Non Operating Income Expenses": NaN,
        "Special Income Charges": NaN,
        "Gain On Sale Of Ppe": NaN,
        "Other Special Charges": NaN,
        "Impairment Of Capital Assets": 0.0,
        "Restructuring And Mergern Acquisition": 2085000.0,
        "Gain On Sale Of Security": NaN,
        "Net Non Operating Interest Income Expense": NaN,
        "Interest Expense Non Operating": NaN,
        "Interest Income Non Operating": NaN,
        "Operating Income": NaN,
        "Operating Expense": NaN,
        "Depreciation Amortization Depletion Income Statement": 4404000.0,
        "Depreciation And Amortization In Income Statement": 4404000.0,
        "Depreciation Income Statement": 4404000.0,
        "Selling General And Administration": NaN,
        "General And Administrative Expense": NaN,
        "Other Gand A": NaN,
        "Salaries And Wages": 1609000.0,
        "Gross Profit": NaN,
        "Cost Of Revenue": NaN,
        "Total Revenue": NaN,
        "Operating Revenue": NaN
    },
    "2022-03-31": {
        "Diluted EPS": 1.23,
        "Total Revenue": 780,
        "Gross Profit": 261,
        "Operating Income": 103,
        "EBIT": 120,
        "Net Income": 66
    },
    "2021-12-31": {
        "Diluted EPS": 0.36,
        "Total Revenue": 592,
        "Gross Profit": 166,
        "Operating Income": 38,
        "EBIT": 52,
        "Net Income": 19
    },
    "2021-09-30": {
        "Diluted EPS": 0.3,
        "Total Revenue": 570,
        "Gross Profit": 156,
        "Operating Income": 32,
        "EBIT": 46,
        "Net Income": 16
    },
    "2021-06-30": {
        "Diluted EPS": 0.31,
        "Total Revenue": 584,
        "Gross Profit": 160,
        "Operating Income": 42,
        "EBIT": 56,
        "Net Income": 17
    },
    "2021-03-31": {
        "Diluted EPS": 0.32,
        "Total Revenue": 575,
        "Gross Profit": 161,
        "Operating Income": 44,
        "EBIT": 57,
        "Net Income": 17
    },
    "2020-12-31": {
        "Diluted EPS": 0.55,
        "Total Revenue": 542,
        "Gross Profit": 164,
        "Operating Income": 52,
        "EBIT": 66,
        "Net Income": 30
    },
    "2020-09-30": {
        "Diluted EPS": 0.43,
        "Total Revenue": 320,
        "Gross Profit": 117,
        "Operating Income": 30,
        "EBIT": 36,
        "Net Income": 20
    },
    "2020-06-30": {
        "Diluted EPS": 0.5,
        "Total Revenue": 632,
        "Gross Profit": 165,
        "Operating Income": 51,
        "EBIT": 68,
        "Net Income": 22
    },
    "2020-03-31": {
        "Diluted EPS": 0.02,
        "Total Revenue": 566,
        "Gross Profit": 152,
        "Operating Income": 26,
        "EBIT": 42,
        "Net Income": 1
    },
    "2019-12-31": {
        "Diluted EPS": 0.24,
        "Total Revenue": 548,
        "Gross Profit": 150,
        "Operating Income": 32,
        "EBIT": 49,
        "Net Income": 11
    },
    "2019-09-30": {
        "Diluted EPS": 0.38,
        "Total Revenue": 239,
        "Gross Profit": 82,
        "Operating Income": 17,
        "EBIT": 24,
        "Net Income": 16
    },
    "2019-06-30": {
        "Diluted EPS": 0.31,
        "Total Revenue": 575,
        "Gross Profit": 154,
        "Operating Income": 36,
        "EBIT": 53,
        "Net Income": 14
    },
    "2019-03-31": {
        "Diluted EPS": -0.03,
        "Total Revenue": 550,
        "Gross Profit": 138,
        "Operating Income": 26,
        "EBIT": 43,
        "Net Income": -1
    },
    "2018-12-31": {
        "Diluted EPS": 0.21,
        "Total Revenue": 511,
        "Gross Profit": 143,
        "Operating Income": 29,
        "EBIT": 46,
        "Net Income": 9
    },
    "2018-09-30": {
        "Diluted EPS": -0.01,
        "Total Revenue": 546,
        "Gross Profit": 130,
        "Operating Income": 38,
        "EBIT": 55,
        "Net Income": -1
    },
    "2018-06-30": {
        "Diluted EPS": 0.14,
        "Total Revenue": 517,
        "Gross Profit": 139,
        "Operating Income": 24,
        "EBIT": 39,
        "Net Income": 6
    },
    "2018-03-31": {
        "Diluted EPS": 2.11,
        "Total Revenue": 479,
        "Gross Profit": 121,
        "Operating Income": 17,
        "EBIT": 32,
        "Net Income": 90
    },
    "2017-12-31": {
        "Diluted EPS": 0.72,
        "Total Revenue": 437,
        "Gross Profit": 121,
        "Operating Income": 14,
        "EBIT": 28,
        "Net Income": 31
    },
    "2017-09-30": {
        "Diluted EPS": -0.28,
        "Total Revenue": 431,
        "Gross Profit": 115,
        "Operating Income": 15,
        "EBIT": 27,
        "Net Income": -12
    },
    "2017-06-30": {
        "Diluted EPS": 0.22,
        "Total Revenue": 358,
        "Gross Profit": 98,
        "Operating Income": 17,
        "EBIT": 30,
        "Net Income": 10
    },
    "2017-03-31": {
        "Diluted EPS": 0.12,
        "Total Revenue": 384,
        "Gross Profit": 99,
        "Operating Income": 17,
        "EBIT": 30,
        "Net Income": 5
    },
    "2016-12-31": {
        "Diluted EPS": 0.29,
        "Total Revenue": 352,
        "Gross Profit": 97,
        "Operating Income": 18,
        "EBIT": 32,
        "Net Income": 12
    },
    "2016-09-30": {
        "Diluted EPS": 0.12,
        "Total Revenue": 21,
        "Gross Profit": 51,
        "Operating Income": 10,
        "EBIT": 7,
        "Net Income": 6
    },
    "2016-06-30": {
        "Diluted EPS": 0.18,
        "Total Revenue": 462,
        "Gross Profit": 119,
        "Operating Income": 25,
        "EBIT": 44,
        "Net Income": 8
    },
    "2016-03-31": {
        "Diluted EPS": 0.14,
        "Total Revenue": 500,
        "Gross Profit": 114,
        "Operating Income": 23,
        "EBIT": 41,
        "Net Income": 6
    },
    "2015-12-31": {
        "Diluted EPS": 0.24,
        "Total Revenue": 494,
        "Gross Profit": 116,
        "Operating Income": 25,
        "EBIT": 44,
        "Net Income": 11
    },
    "2015-09-30": {
        "Diluted EPS": 0.24,
        "Total Revenue": 502,
        "Gross Profit": 120,
        "Operating Income": 28,
        "EBIT": 24,
        "Net Income": 11
    },
    "2015-06-30": {
        "Diluted EPS": 0.23,
        "Total Revenue": 512,
        "Gross Profit": 123,
        "Operating Income": 28,
        "EBIT": 47,
        "Net Income": 11
    },
    "2015-03-31": {
        "Diluted EPS": 0.11,
        "Total Revenue": 500,
        "Gross Profit": 114,
        "Operating Income": 21,
        "EBIT": 40,
        "Net Income": 5
    },
    "2014-12-31": {
        "Diluted EPS": 0.16,
        "Total Revenue": 502,
        "Gross Profit": 118,
        "Operating Income": 24,
        "EBIT": 43,
        "Net Income": 7
    },
    "2014-09-30": {
        "Diluted EPS": 0.16,
        "Total Revenue": 526,
        "Gross Profit": 126,
        "Operating Income": 20,
        "EBIT": 39,
        "Net Income": 8
    },
    "2014-06-30": {
        "Diluted EPS": 0.29,
        "Total Revenue": 505,
        "Gross Profit": 118,
        "Operating Income": 22,
        "EBIT": 40,
        "Net Income": 14
    },
    "2014-03-31": {
        "Diluted EPS": -0.53,
        "Total Revenue": 508,
        "Gross Profit": 110,
        "Operating Income": 20,
        "EBIT": 38,
        "Net Income": -26
    },
    "2013-12-31": {
        "Diluted EPS": 0.06,
        "Total Revenue": 453,
        "Gross Profit": 106,
        "Operating Income": 17,
        "EBIT": 35,
        "Net Income": 3
    },
    "2013-09-30": {
        "Diluted EPS": 0.02,
        "Total Revenue": 449,
        "Gross Profit": 106,
        "Operating Income": 19,
        "EBIT": 39,
        "Net Income": 0
    },
    "2013-06-30": {
        "Diluted EPS": 0.06,
        "Total Revenue": 510,
        "Gross Profit": 108,
        "Operating Income": 20,
        "EBIT": 40,
        "Net Income": 4
    },
    "2013-03-31": {
        "Diluted EPS": -0.02,
        "Total Revenue": 489,
        "Gross Profit": 105,
        "Operating Income": 10,
        "EBIT": 29,
        "Net Income": -1
    },
    "2012-12-31": {
        "Diluted EPS": 0.01,
        "Total Revenue": 424,
        "Gross Profit": 98,
        "Operating Income": 14,
        "EBIT": 33,
        "Net Income": 1
    },
    "2012-09-30": {
        "Diluted EPS": 0.06,
        "Total Revenue": 447,
        "Gross Profit": 98,
        "Operating Income": 10,
        "EBIT": 29,
        "Net Income": 3
    },
    "2012-06-30": {
        "Diluted EPS": 0.16,
        "Total Revenue": 480,
        "Gross Profit": 116,
        "Operating Income": 28,
        "EBIT": 47,
        "Net Income": 9
    },
    "2012-03-31": {
        "Diluted EPS": 0.04,
        "Total Revenue": 482,
        "Gross Profit": 103,
        "Operating Income": 17,
        "EBIT": 34,
        "Net Income": 2
    },
    "2011-12-31": {
        "Diluted EPS": 0.04,
        "Total Revenue": 451,
        "Gross Profit": 103,
        "Operating Income": 18,
        "EBIT": 35,
        "Net Income": 2
    },
    "2011-09-30": {
        "Diluted EPS": 0.06,
        "Total Revenue": 485,
        "Gross Profit": 105,
        "Operating Income": 19,
        "EBIT": 41,
        "Net Income": 3
    },
    "2011-06-30": {
        "Diluted EPS": 0.08,
        "Total Revenue": 455,
        "Gross Profit": 99,
        "Operating Income": 15,
        "EBIT": 27,
        "Net Income": 5
    },
    "2011-03-31": {
        "Diluted EPS": -0.24,
        "Total Revenue": 476,
        "Gross Profit": 101,
        "Operating Income": 16,
        "EBIT": 35,
        "Net Income": -14
    },
    "2010-12-31": {
        "Diluted EPS": -0.03,
        "Total Revenue": 414,
        "Gross Profit": 88,
        "Operating Income": 6,
        "EBIT": 20,
        "Net Income": -2
    },
    "2010-09-30": {
        "Diluted EPS": -0.02,
        "Total Revenue": 348,
        "Gross Profit": 75,
        "Operating Income": 0,
        "EBIT": 17,
        "Net Income": -2
    },
    "2010-06-30": {
        "Diluted EPS": 0.08,
        "Total Revenue": 327,
        "Gross Profit": 74,
        "Operating Income": 11,
        "EBIT": 18,
        "Net Income": 5
    },
    "2010-03-31": {
        "Diluted EPS": 0.03,
        "Total Revenue": 314,
        "Gross Profit": 69,
        "Operating Income": 4,
        "EBIT": 16,
        "Net Income": 2
    },
    "2009-12-31": {
        "Diluted EPS": 0.07,
        "Total Revenue": 305,
        "Gross Profit": 70,
        "Operating Income": 7,
        "EBIT": 18,
        "Net Income": 4
    },
    "2009-09-30": {
        "Diluted EPS": 0.2,
        "Total Revenue": 328,
        "Gross Profit": 78,
        "Operating Income": 16,
        "EBIT": 32,
        "Net Income": 12
    },
    "2009-06-30": {
        "Diluted EPS": 0.1,
        "Total Revenue": 287,
        "Gross Profit": 66,
        "Operating Income": 8,
        "EBIT": 18,
        "Net Income": 6
    },
    "2009-03-31": {
        "Diluted EPS": -0.02,
        "Total Revenue": 276,
        "Gross Profit": 54,
        "Operating Income": -2,
        "EBIT": 9,
        "Net Income": -1
    },
    "2023-09-30": {
        "Tax Effect Of Unusual Items": NaN,
        "Tax Rate For Calcs": NaN,
        "Normalized EBITDA": NaN,
        "Total Unusual Items": NaN,
        "Total Unusual Items Excluding Goodwill": NaN,
        "Net Income From Continuing Operation Net Minority Interest": NaN,
        "Reconciled Depreciation": NaN,
        "Reconciled Cost Of Revenue": NaN,
        "EBITDA": NaN,
        "EBIT": NaN,
        "Net Interest Income": NaN,
        "Interest Expense": NaN,
        "Interest Income": NaN,
        "Normalized Income": NaN,
        "Net Income From Continuing And Discontinued Operation": NaN,
        "Total Expenses": NaN,
        "Total Operating Income As Reported": NaN,
        "Diluted Average Shares": NaN,
        "Basic Average Shares": NaN,
        "Diluted EPS": NaN,
        "Basic EPS": NaN,
        "Diluted NI Availto Com Stockholders": NaN,
        "Net Income Common Stockholders": NaN,
        "Net Income": NaN,
        "Net Income Including Noncontrolling Interests": NaN,
        "Net Income Discontinuous Operations": 0.0,
        "Net Income Continuous Operations": NaN,
        "Tax Provision": NaN,
        "Pretax Income": NaN,
        "Other Income Expense": NaN,
        "Other Non Operating Income Expenses": NaN,
        "Special Income Charges": -3863000.0,
        "Gain On Sale Of Ppe": 1803000.0,
        "Other Special Charges": NaN,
        "Impairment Of Capital Assets": 9200000.0,
        "Restructuring And Mergern Acquisition": NaN,
        "Gain On Sale Of Security": NaN,
        "Net Non Operating Interest Income Expense": NaN,
        "Interest Expense Non Operating": NaN,
        "Interest Income Non Operating": NaN,
        "Operating Income": NaN,
        "Operating Expense": NaN,
        "Depreciation Amortization Depletion Income Statement": NaN,
        "Depreciation And Amortization In Income Statement": NaN,
        "Depreciation Income Statement": NaN,
        "Selling General And Administration": NaN,
        "General And Administrative Expense": 176337000.0,
        "Other Gand A": 176337000.0,
        "Salaries And Wages": NaN,
        "Gross Profit": NaN,
        "Cost Of Revenue": NaN,
        "Total Revenue": NaN,
        "Operating Revenue": NaN
    },
    "2023-12-31": {
        "Tax Effect Of Unusual Items": NaN,
        "Tax Rate For Calcs": NaN,
        "Normalized EBITDA": NaN,
        "Total Unusual Items": NaN,
        "Total Unusual Items Excluding Goodwill": NaN,
        "Net Income From Continuing Operation Net Minority Interest": NaN,
        "Reconciled Depreciation": NaN,
        "Reconciled Cost Of Revenue": NaN,
        "EBITDA": NaN,
        "EBIT": NaN,
        "Net Interest Income": NaN,
        "Interest Expense": NaN,
        "Interest Income": NaN,
        "Normalized Income": NaN,
        "Net Income From Continuing And Discontinued Operation": NaN,
        "Total Expenses": NaN,
        "Total Operating Income As Reported": NaN,
        "Diluted Average Shares": NaN,
        "Basic Average Shares": NaN,
        "Diluted EPS": NaN,
        "Basic EPS": NaN,
        "Diluted NI Availto Com Stockholders": NaN,
        "Net Income Common Stockholders": NaN,
        "Net Income": NaN,
        "Net Income Including Noncontrolling Interests": NaN,
        "Net Income Continuous Operations": NaN,
        "Tax Provision": NaN,
        "Pretax Income": NaN,
        "Other Income Expense": NaN,
        "Other Non Operating Income Expenses": NaN,
        "Special Income Charges": -754000.0,
        "Gain On Sale Of Ppe": 547000.0,
        "Other Special Charges": NaN,
        "Impairment Of Capital Assets": NaN,
        "Restructuring And Mergern Acquisition": 754000.0,
        "Gain On Sale Of Security": NaN,
        "Net Non Operating Interest Income Expense": NaN,
        "Interest Expense Non Operating": NaN,
        "Interest Income Non Operating": NaN,
        "Operating Income": NaN,
        "Operating Expense": NaN,
        "Depreciation Amortization Depletion Income Statement": 3999000.0,
        "Depreciation And Amortization In Income Statement": 3999000.0,
        "Depreciation Income Statement": 3999000.0,
        "Selling General And Administration": NaN,
        "General And Administrative Expense": 146196000.0,
        "Other Gand A": 148050000.0,
        "Salaries And Wages": -1854000.0,
        "Gross Profit": NaN,
        "Cost Of Revenue": NaN,
        "Total Revenue": NaN,
        "Operating Revenue": NaN
    },
    "2024-03-31": {
        "Tax Effect Of Unusual Items": NaN,
        "Tax Rate For Calcs": NaN,
        "Normalized EBITDA": NaN,
        "Total Unusual Items": NaN,
        "Total Unusual Items Excluding Goodwill": NaN,
        "Net Income From Continuing Operation Net Minority Interest": NaN,
        "Reconciled Depreciation": NaN,
        "Reconciled Cost Of Revenue": NaN,
        "EBITDA": NaN,
        "EBIT": NaN,
        "Net Interest Income": NaN,
        "Interest Expense": NaN,
        "Interest Income": NaN,
        "Normalized Income": NaN,
        "Net Income From Continuing And Discontinued Operation": NaN,
        "Total Expenses": NaN,
        "Total Operating Income As Reported": NaN,
        "Diluted Average Shares": NaN,
        "Basic Average Shares": NaN,
        "Diluted EPS": NaN,
        "Basic EPS": NaN,
        "Diluted NI Availto Com Stockholders": NaN,
        "Net Income Common Stockholders": NaN,
        "Net Income": NaN,
        "Net Income Including Noncontrolling Interests": NaN,
        "Net Income Continuous Operations": NaN,
        "Tax Provision": NaN,
        "Pretax Income": NaN,
        "Other Income Expense": NaN,
        "Other Non Operating Income Expenses": NaN,
        "Special Income Charges": 0.0,
        "Gain On Sale Of Ppe": 11000.0,
        "Other Special Charges": NaN,
        "Impairment Of Capital Assets": 0.0,
        "Restructuring And Mergern Acquisition": NaN,
        "Gain On Sale Of Security": NaN,
        "Net Non Operating Interest Income Expense": NaN,
        "Interest Expense Non Operating": NaN,
        "Interest Income Non Operating": NaN,
        "Operating Income": NaN,
        "Operating Expense": NaN,
        "Depreciation Amortization Depletion Income Statement": NaN,
        "Depreciation And Amortization In Income Statement": NaN,
        "Depreciation Income Statement": NaN,
        "Selling General And Administration": NaN,
        "General And Administrative Expense": 157217000.0,
        "Other Gand A": 157217000.0,
        "Salaries And Wages": -35000.0,
        "Gross Profit": NaN,
        "Cost Of Revenue": NaN,
        "Total Revenue": NaN,
        "Operating Revenue": NaN
    },
    "2024-06-30": {
        "Tax Effect Of Unusual Items": NaN,
        "Tax Rate For Calcs": NaN,
        "Normalized EBITDA": NaN,
        "Total Unusual Items": NaN,
        "Total Unusual Items Excluding Goodwill": NaN,
        "Net Income From Continuing Operation Net Minority Interest": NaN,
        "Reconciled Depreciation": NaN,
        "Reconciled Cost Of Revenue": NaN,
        "EBITDA": NaN,
        "EBIT": NaN,
        "Net Interest Income": NaN,
        "Interest Expense": NaN,
        "Interest Income": NaN,
        "Normalized Income": NaN,
        "Net Income From Continuing And Discontinued Operation": NaN,
        "Total Expenses": NaN,
        "Total Operating Income As Reported": NaN,
        "Diluted Average Shares": 48851000.0,
        "Basic Average Shares": 47034000.0,
        "Diluted EPS": 0.84,
        "Basic EPS": 0.87,
        "Diluted NI Availto Com Stockholders": NaN,
        "Net Income Common Stockholders": NaN,
        "Net Income": NaN,
        "Net Income Including Noncontrolling Interests": NaN,
        "Net Income Continuous Operations": NaN,
        "Tax Provision": NaN,
        "Pretax Income": NaN,
        "Other Income Expense": NaN,
        "Other Non Operating Income Expenses": NaN,
        "Special Income Charges": -4644000.0,
        "Gain On Sale Of Ppe": -725000.0,
        "Other Special Charges": 1700000.0,
        "Impairment Of Capital Assets": 0.0,
        "Restructuring And Mergern Acquisition": 2944000.0,
        "Gain On Sale Of Security": NaN,
        "Net Non Operating Interest Income Expense": NaN,
        "Interest Expense Non Operating": NaN,
        "Interest Income Non Operating": NaN,
        "Operating Income": NaN,
        "Operating Expense": NaN,
        "Depreciation Amortization Depletion Income Statement": 4124000.0,
        "Depreciation And Amortization In Income Statement": 4124000.0,
        "Depreciation Income Statement": 4124000.0,
        "Selling General And Administration": NaN,
        "General And Administrative Expense": 154597000.0,
        "Other Gand A": 152742000.0,
        "Salaries And Wages": 1855000.0,
        "Gross Profit": NaN,
        "Cost Of Revenue": NaN,
        "Total Revenue": NaN,
        "Operating Revenue": NaN
    },
    "2024-09-30": {
        "Tax Effect Of Unusual Items": 1270296.171456,
        "Tax Rate For Calcs": 0.281101,
        "Normalized EBITDA": 123575000.0,
        "Total Unusual Items": 4519000.0,
        "Total Unusual Items Excluding Goodwill": 4519000.0,
        "Net Income From Continuing Operation Net Minority Interest": 62491000.0,
        "Reconciled Depreciation": 15554000.0,
        "Reconciled Cost Of Revenue": 396193000.0,
        "EBITDA": 128094000.0,
        "EBIT": 112540000.0,
        "Net Interest Income": -30676000.0,
        "Interest Expense": 25614000.0,
        "Interest Income": -5062000.0,
        "Normalized Income": 59242296.171456,
        "Net Income From Continuing And Discontinued Operation": 62491000.0,
        "Total Expenses": 547203000.0,
        "Total Operating Income As Reported": 111672000.0,
        "Diluted Average Shares": 48424000.0,
        "Basic Average Shares": 46529000.0,
        "Diluted EPS": 1.29,
        "Basic EPS": 1.34,
        "Diluted NI Availto Com Stockholders": 62491000.0,
        "Net Income Common Stockholders": 62491000.0,
        "Net Income": 62491000.0,
        "Net Income Including Noncontrolling Interests": 62491000.0,
        "Net Income Continuous Operations": 62491000.0,
        "Tax Provision": 24435000.0,
        "Pretax Income": 86926000.0,
        "Other Income Expense": 5132000.0,
        "Other Non Operating Income Expenses": 613000.0,
        "Special Income Charges": 4765000.0,
        "Gain On Sale Of Ppe": 106000.0,
        "Other Special Charges": 0.0,
        "Impairment Of Capital Assets": 0.0,
        "Restructuring And Mergern Acquisition": NaN,
        "Gain On Sale Of Security": -352000.0,
        "Net Non Operating Interest Income Expense": -30676000.0,
        "Interest Expense Non Operating": 25614000.0,
        "Interest Income Non Operating": -5062000.0,
        "Operating Income": 112470000.0,
        "Operating Expense": 151010000.0,
        "Depreciation Amortization Depletion Income Statement": NaN,
        "Depreciation And Amortization In Income Statement": NaN,
        "Depreciation Income Statement": NaN,
        "Selling General And Administration": 163228000.0,
        "General And Administrative Expense": NaN,
        "Other Gand A": NaN,
        "Salaries And Wages": NaN,
        "Gross Profit": 263480000.0,
        "Cost Of Revenue": 396193000.0,
        "Total Revenue": 659673000.0,
        "Operating Revenue": 659673000.0
    },
    "2024-12-31": {
        "Tax Effect Of Unusual Items": 2350068.0,
        "Tax Rate For Calcs": 0.277,
        "Normalized EBITDA": 131042000.0,
        "Total Unusual Items": 8484000.0,
        "Total Unusual Items Excluding Goodwill": 8484000.0,
        "Net Income From Continuing Operation Net Minority Interest": 70851000.0,
        "Reconciled Depreciation": 15614000.0,
        "Reconciled Cost Of Revenue": 356815000.0,
        "EBITDA": 139526000.0,
        "EBIT": 123912000.0,
        "Net Interest Income": -26086000.0,
        "Interest Expense": 26492000.0,
        "Interest Income": 406000.0,
        "Normalized Income": 64717068.0,
        "Net Income From Continuing And Discontinued Operation": 70851000.0,
        "Total Expenses": 518370000.0,
        "Total Operating Income As Reported": 112095000.0,
        "Diluted Average Shares": 47541000.0,
        "Basic Average Shares": 45538000.0,
        "Diluted EPS": 1.49,
        "Basic EPS": 1.56,
        "Diluted NI Availto Com Stockholders": 70851000.0,
        "Net Income Common Stockholders": 70851000.0,
        "Net Income": 70851000.0,
        "Net Income Including Noncontrolling Interests": 70851000.0,
        "Net Income Continuous Operations": 70851000.0,
        "Tax Provision": 26569000.0,
        "Pretax Income": 97420000.0,
        "Other Income Expense": 9505000.0,
        "Other Non Operating Income Expenses": 1021000.0,
        "Special Income Charges": NaN,
        "Gain On Sale Of Ppe": NaN,
        "Other Special Charges": NaN,
        "Impairment Of Capital Assets": NaN,
        "Restructuring And Mergern Acquisition": NaN,
        "Gain On Sale Of Security": 8484000.0,
        "Net Non Operating Interest Income Expense": -26086000.0,
        "Interest Expense Non Operating": 26492000.0,
        "Interest Income Non Operating": 406000.0,
        "Operating Income": 114001000.0,
        "Operating Expense": 150275000.0,
        "Depreciation Amortization Depletion Income Statement": 4334000.0,
        "Depreciation And Amortization In Income Statement": 4334000.0,
        "Depreciation Income Statement": 4334000.0,
        "Selling General And Administration": 145941000.0,
        "General And Administrative Expense": 145941000.0,
        "Other Gand A": 147847000.0,
        "Salaries And Wages": -1906000.0,
        "Gross Profit": 264276000.0,
        "Cost Of Revenue": 368095000.0,
        "Total Revenue": 632371000.0,
        "Operating Revenue": 632371000.0
    },
    "2025-03-31": {
        "Tax Effect Of Unusual Items": -15235.0,
        "Tax Rate For Calcs": 0.277,
        "Normalized EBITDA": 118272000.0,
        "Total Unusual Items": -55000.0,
        "Total Unusual Items Excluding Goodwill": -55000.0,
        "Net Income From Continuing Operation Net Minority Interest": 56762000.0,
        "Reconciled Depreciation": 15650000.0,
        "Reconciled Cost Of Revenue": 359535000.0,
        "EBITDA": 118217000.0,
        "EBIT": 102567000.0,
        "Net Interest Income": -23222000.0,
        "Interest Expense": 23930000.0,
        "Interest Income": 708000.0,
        "Normalized Income": 56801765.0,
        "Net Income From Continuing And Discontinued Operation": 56762000.0,
        "Total Expenses": 510582000.0,
        "Total Operating Income As Reported": 101164000.0,
        "Diluted Average Shares": 46900000.0,
        "Basic Average Shares": 45658000.0,
        "Diluted EPS": 1.21,
        "Basic EPS": 1.24,
        "Diluted NI Availto Com Stockholders": 56762000.0,
        "Net Income Common Stockholders": 56762000.0,
        "Net Income": 56762000.0,
        "Net Income Including Noncontrolling Interests": 56762000.0,
        "Net Income Continuous Operations": 56762000.0,
        "Tax Provision": 21875000.0,
        "Pretax Income": 78637000.0,
        "Other Income Expense": 695000.0,
        "Other Non Operating Income Expenses": 750000.0,
        "Special Income Charges": NaN,
        "Gain On Sale Of Ppe": NaN,
        "Other Special Charges": NaN,
        "Impairment Of Capital Assets": NaN,
        "Restructuring And Mergern Acquisition": NaN,
        "Gain On Sale Of Security": -55000.0,
        "Net Non Operating Interest Income Expense": -23222000.0,
        "Interest Expense Non Operating": 23930000.0,
        "Interest Income Non Operating": 708000.0,
        "Operating Income": 101164000.0,
        "Operating Expense": 151047000.0,
        "Depreciation Amortization Depletion Income Statement": NaN,
        "Depreciation And Amortization In Income Statement": NaN,
        "Depreciation Income Statement": NaN,
        "Selling General And Administration": 151047000.0,
        "General And Administrative Expense": NaN,
        "Other Gand A": NaN,
        "Salaries And Wages": NaN,
        "Gross Profit": 252211000.0,
        "Cost Of Revenue": 359535000.0,
        "Total Revenue": 611746000.0,
        "Operating Revenue": 611746000.0
    },
    "2025-06-30": {
        "Tax Effect Of Unusual Items": -47541030.140751,
        "Tax Rate For Calcs": 0.194779,
        "Normalized EBITDA": 134836000.0,
        "Total Unusual Items": -244077000.0,
        "Total Unusual Items Excluding Goodwill": -244077000.0,
        "Net Income From Continuing Operation Net Minority Interest": -120139000.0,
        "Reconciled Depreciation": 15822000.0,
        "Reconciled Cost Of Revenue": 336810000.0,
        "EBITDA": -109241000.0,
        "EBIT": -125063000.0,
        "Net Interest Income": -21964000.0,
        "Interest Expense": 24137000.0,
        "Interest Income": 2173000.0,
        "Normalized Income": 76396969.859249,
        "Net Income From Continuing And Discontinued Operation": -120139000.0,
        "Total Expenses": 497922000.0,
        "Total Operating Income As Reported": -126001000.0,
        "Diluted Average Shares": 45320000.0,
        "Basic Average Shares": 45320000.0,
        "Diluted EPS": -2.65,
        "Basic EPS": -2.65,
        "Diluted NI Availto Com Stockholders": -120139000.0,
        "Net Income Common Stockholders": -120139000.0,
        "Net Income": -120139000.0,
        "Net Income Including Noncontrolling Interests": -120139000.0,
        "Net Income Continuous Operations": -120139000.0,
        "Tax Provision": -29061000.0,
        "Pretax Income": -149200000.0,
        "Other Income Expense": -242941000.0,
        "Other Non Operating Income Expenses": 1136000.0,
        "Special Income Charges": -243612000.0,
        "Gain On Sale Of Ppe": NaN,
        "Other Special Charges": NaN,
        "Impairment Of Capital Assets": 243612000.0,
        "Restructuring And Mergern Acquisition": NaN,
        "Gain On Sale Of Security": -465000.0,
        "Net Non Operating Interest Income Expense": -21964000.0,
        "Interest Expense Non Operating": 24137000.0,
        "Interest Income Non Operating": 2173000.0,
        "Operating Income": 115705000.0,
        "Operating Expense": 149543000.0,
        "Depreciation Amortization Depletion Income Statement": 4253000.0,
        "Depreciation And Amortization In Income Statement": 4253000.0,
        "Depreciation Income Statement": 4253000.0,
        "Selling General And Administration": 145290000.0,
        "General And Administrative Expense": 145290000.0,
        "Other Gand A": 143384000.0,
        "Salaries And Wages": 1906000.0,
        "Gross Profit": 265248000.0,
        "Cost Of Revenue": 348379000.0,
        "Total Revenue": 613627000.0,
        "Operating Revenue": 613627000.0
    },
    "2025-09-30": {
        "Tax Effect Of Unusual Items": -33180.0,
        "Tax Rate For Calcs": 0.21,
        "Normalized EBITDA": 139658000.0,
        "Total Unusual Items": -158000.0,
        "Total Unusual Items Excluding Goodwill": -158000.0,
        "Net Income From Continuing Operation Net Minority Interest": 43636000.0,
        "Reconciled Depreciation": 15928000.0,
        "Reconciled Cost Of Revenue": 385912000.0,
        "EBITDA": 139500000.0,
        "EBIT": 123572000.0,
        "Net Interest Income": -27400000.0,
        "Interest Expense": 23058000.0,
        "Interest Income": -4342000.0,
        "Normalized Income": 43760820.0,
        "Net Income From Continuing And Discontinued Operation": 43636000.0,
        "Total Expenses": 537447000.0,
        "Total Operating Income As Reported": 119019000.0,
        "Diluted Average Shares": NaN,
        "Basic Average Shares": NaN,
        "Diluted EPS": NaN,
        "Basic EPS": NaN,
        "Diluted NI Availto Com Stockholders": 43636000.0,
        "Net Income Common Stockholders": 43636000.0,
        "Net Income": 43636000.0,
        "Net Income Including Noncontrolling Interests": 43636000.0,
        "Net Income Continuous Operations": 43636000.0,
        "Tax Provision": 56878000.0,
        "Pretax Income": 100514000.0,
        "Other Income Expense": 3179000.0,
        "Other Non Operating Income Expenses": 3337000.0,
        "Special Income Charges": 0.0,
        "Gain On Sale Of Ppe": NaN,
        "Other Special Charges": NaN,
        "Impairment Of Capital Assets": 0.0,
        "Restructuring And Mergern Acquisition": NaN,
        "Gain On Sale Of Security": -158000.0,
        "Net Non Operating Interest Income Expense": -27400000.0,
        "Interest Expense Non Operating": 23058000.0,
        "Interest Income Non Operating": -4342000.0,
        "Operating Income": 124735000.0,
        "Operating Expense": 151535000.0,
        "Depreciation Amortization Depletion Income Statement": NaN,
        "Depreciation And Amortization In Income Statement": NaN,
        "Depreciation Income Statement": NaN,
        "Selling General And Administration": 164210000.0,
        "General And Administrative Expense": NaN,
        "Other Gand A": NaN,
        "Salaries And Wages": NaN,
        "Gross Profit": 276270000.0,
        "Cost Of Revenue": 385912000.0,
        "Total Revenue": 662182000.0,
        "Operating Revenue": 662182000.0
    }
}