{
    "2023-03-31": {
        "Tax Effect Of Unusual Items": NaN,
        "Tax Rate For Calcs": NaN,
        "Total Unusual Items": -105901000000.0,
        "Total Unusual Items Excluding Goodwill": -105901000000.0,
        "Net Income From Continuing Operation Net Minority Interest": NaN,
        "Reconciled Depreciation": NaN,
        "Net Interest Income": NaN,
        "Interest Income": NaN,
        "Normalized Income": NaN,
        "Net Income From Continuing And Discontinued Operation": NaN,
        "Diluted Average Shares": NaN,
        "Basic Average Shares": NaN,
        "Diluted EPS": NaN,
        "Basic EPS": NaN,
        "Diluted NI Availto Com Stockholders": NaN,
        "Net Income Common Stockholders": NaN,
        "Net Income": NaN,
        "Minority Interests": NaN,
        "Net Income Including Noncontrolling Interests": NaN,
        "Net Income Continuous Operations": NaN,
        "Tax Provision": NaN,
        "Pretax Income": NaN,
        "Special Income Charges": -105901000000.0,
        "Other Special Charges": 105901000000.0,
        "Gain On Sale Of Security": NaN,
        "Depreciation Amortization Depletion Income Statement": NaN,
        "Depreciation And Amortization In Income Statement": NaN,
        "Depreciation Income Statement": NaN,
        "Selling General And Administration": NaN,
        "General And Administrative Expense": NaN,
        "Other Gand A": NaN,
        "Salaries And Wages": NaN,
        "Total Revenue": NaN,
        "Operating Revenue": NaN,
        "Other Non Interest Expense": NaN
    },
    "2022-12-31": {
        "Tax Effect Of Unusual Items": 0.0,
        "Tax Rate For Calcs": 0.35,
        "Total Unusual Items": NaN,
        "Total Unusual Items Excluding Goodwill": NaN,
        "Net Income From Continuing Operation Net Minority Interest": 307400000.0,
        "Reconciled Depreciation": -17449040000.0,
        "Net Interest Income": -56225802000.0,
        "Interest Income": 509298076000.0,
        "Normalized Income": 307400000.0,
        "Net Income From Continuing And Discontinued Operation": 307400000.0,
        "Diluted Average Shares": NaN,
        "Basic Average Shares": NaN,
        "Diluted EPS": NaN,
        "Basic EPS": NaN,
        "Diluted NI Availto Com Stockholders": 307400000.0,
        "Net Income Common Stockholders": 307400000.0,
        "Net Income": 307400000.0,
        "Net Income Including Noncontrolling Interests": 307409000.0,
        "Net Income Continuous Operations": 307409000.0,
        "Tax Provision": 936925000.0,
        "Pretax Income": 1244334000.0,
        "Special Income Charges": NaN,
        "Other Special Charges": NaN,
        "Gain On Sale Of Security": -18627054000.0,
        "Depreciation Amortization Depletion Income Statement": -17449040000.0,
        "Depreciation And Amortization In Income Statement": -17449040000.0,
        "Depreciation Income Statement": -17449393000.0,
        "Selling General And Administration": -48282024000.0,
        "General And Administrative Expense": -52551056000.0,
        "Other Gand A": -51293283000.0,
        "Salaries And Wages": -11379564000.0,
        "Total Revenue": -150914399000.0,
        "Operating Revenue": -150914399000.0,
        "Other Non Interest Expense": -20685336000.0
    },
    "2022-09-30": {
        "Tax Effect Of Unusual Items": NaN,
        "Tax Rate For Calcs": NaN,
        "Total Unusual Items": -163930000000.0,
        "Total Unusual Items Excluding Goodwill": -163930000000.0,
        "Net Income From Continuing Operation Net Minority Interest": NaN,
        "Reconciled Depreciation": NaN,
        "Net Interest Income": NaN,
        "Interest Income": NaN,
        "Normalized Income": NaN,
        "Net Income From Continuing And Discontinued Operation": NaN,
        "Diluted Average Shares": 147469200.0,
        "Basic Average Shares": 147469200.0,
        "Diluted EPS": 180.932696,
        "Basic EPS": 180.932696,
        "Diluted NI Availto Com Stockholders": NaN,
        "Net Income Common Stockholders": NaN,
        "Net Income": NaN,
        "Net Income Including Noncontrolling Interests": NaN,
        "Net Income Continuous Operations": NaN,
        "Tax Provision": NaN,
        "Pretax Income": NaN,
        "Special Income Charges": -163930000000.0,
        "Other Special Charges": 163930000000.0,
        "Gain On Sale Of Security": NaN,
        "Depreciation Amortization Depletion Income Statement": NaN,
        "Depreciation And Amortization In Income Statement": NaN,
        "Depreciation Income Statement": NaN,
        "Selling General And Administration": NaN,
        "General And Administrative Expense": NaN,
        "Other Gand A": NaN,
        "Salaries And Wages": NaN,
        "Total Revenue": NaN,
        "Operating Revenue": NaN
    },
    "2022-06-30": {
        "Diluted EPS": 0.3,
        "Total Revenue": NaN,
        "Gross Profit": 997,
        "Operating Income": 57,
        "EBIT": NaN,
        "Net Income": 44
    },
    "2022-03-31": {
        "Diluted EPS": 0.33,
        "Total Revenue": NaN,
        "Gross Profit": 923,
        "Operating Income": 79,
        "EBIT": NaN,
        "Net Income": 49
    },
    "2021-09-30": {
        "Diluted EPS": 0.66,
        "Total Revenue": NaN,
        "Gross Profit": 734,
        "Operating Income": 145,
        "Net Income": 97
    },
    "2019-03-31": {
        "Diluted EPS": 1.62,
        "Total Revenue": NaN,
        "Gross Profit": 847,
        "Operating Income": 321,
        "EBIT": NaN,
        "Net Income": 231
    },
    "2018-12-31": {
        "Diluted EPS": -5.93,
        "Total Revenue": NaN,
        "Gross Profit": 431,
        "Operating Income": -486,
        "EBIT": NaN,
        "Net Income": -531
    },
    "2018-09-30": {
        "Diluted EPS": 2.24,
        "Total Revenue": 961,
        "Gross Profit": 614,
        "Operating Income": 202,
        "EBIT": NaN,
        "Net Income": 135
    },
    "2018-06-30": {
        "Diluted EPS": 1.76,
        "Total Revenue": 869,
        "Gross Profit": 586,
        "Operating Income": 176,
        "EBIT": NaN,
        "Net Income": 120
    },
    "2018-03-31": {
        "Diluted EPS": 1.07,
        "Total Revenue": NaN,
        "Gross Profit": 767,
        "Operating Income": 227,
        "EBIT": NaN,
        "Net Income": 153
    },
    "2017-09-30": {
        "Diluted EPS": 0.91,
        "Total Revenue": 856,
        "Gross Profit": 578,
        "Operating Income": 193,
        "EBIT": NaN,
        "Net Income": 117
    },
    "2017-06-30": {
        "Diluted EPS": 0.9,
        "Total Revenue": 678,
        "Gross Profit": 374,
        "Operating Income": 171,
        "EBIT": NaN,
        "Net Income": 106
    },
    "2016-06-30": {
        "Diluted EPS": 0.75,
        "Total Revenue": 829,
        "Gross Profit": 451,
        "Operating Income": 128,
        "EBIT": NaN,
        "Net Income": 81
    },
    "2016-03-31": {
        "Diluted EPS": 0.72,
        "Total Revenue": 897,
        "Gross Profit": 497,
        "Operating Income": 148,
        "EBIT": NaN,
        "Net Income": 94
    },
    "2015-12-31": {
        "Diluted EPS": 1.04,
        "Total Revenue": 610,
        "Gross Profit": -58,
        "Operating Income": -773,
        "EBIT": NaN,
        "Net Income": 135
    },
    "2015-09-30": {
        "Diluted EPS": 0.98,
        "Total Revenue": 704,
        "Gross Profit": 345,
        "Operating Income": -50,
        "EBIT": NaN,
        "Net Income": 120
    },
    "2015-06-30": {
        "Diluted EPS": 0.82,
        "Total Revenue": 661,
        "Gross Profit": 309,
        "Operating Income": -77,
        "EBIT": NaN,
        "Net Income": 98
    },
    "2015-03-31": {
        "Diluted EPS": 0.85,
        "Total Revenue": 872,
        "Gross Profit": 552,
        "Operating Income": 176,
        "EBIT": NaN,
        "Net Income": 102
    },
    "2014-12-31": {
        "Diluted EPS": 0.84,
        "Total Revenue": 166,
        "Gross Profit": -266,
        "Operating Income": -644,
        "EBIT": NaN,
        "Net Income": 109
    },
    "2014-09-30": {
        "Diluted EPS": 0.87,
        "Total Revenue": 842,
        "Gross Profit": 559,
        "Operating Income": 196,
        "EBIT": NaN,
        "Net Income": 113
    },
    "2014-06-30": {
        "Diluted EPS": 0.66,
        "Total Revenue": 625,
        "Gross Profit": 284,
        "Operating Income": -71,
        "EBIT": NaN,
        "Net Income": 86
    },
    "2014-03-31": {
        "Diluted EPS": 0.79,
        "Total Revenue": 816,
        "Gross Profit": 486,
        "Operating Income": 144,
        "EBIT": NaN,
        "Net Income": 103
    },
    "2013-12-31": {
        "Diluted EPS": 0.92,
        "Total Revenue": 561,
        "Gross Profit": 505,
        "Operating Income": 709,
        "EBIT": NaN,
        "Net Income": 115
    },
    "2013-09-30": {
        "Diluted EPS": 0.73,
        "Total Revenue": 805,
        "Gross Profit": 511,
        "Operating Income": 125,
        "EBIT": NaN,
        "Net Income": 90
    },
    "2013-06-30": {
        "Diluted EPS": 0.56,
        "Total Revenue": 577,
        "Gross Profit": 313,
        "Operating Income": -125,
        "EBIT": NaN,
        "Net Income": 69
    },
    "2013-03-31": {
        "Diluted EPS": 0.48,
        "Total Revenue": 476,
        "Gross Profit": 225,
        "Operating Income": -293,
        "EBIT": NaN,
        "Net Income": 60
    },
    "2012-12-31": {
        "Diluted EPS": 0.59,
        "Total Revenue": 180,
        "Gross Profit": 76,
        "Operating Income": -1,
        "EBIT": NaN,
        "Net Income": 74
    },
    "2012-09-30": {
        "Diluted EPS": 0.58,
        "Total Revenue": 545,
        "Gross Profit": 381,
        "Operating Income": -70,
        "EBIT": NaN,
        "Net Income": 72
    },
    "2012-06-30": {
        "Diluted EPS": 0.59,
        "Total Revenue": 726,
        "Gross Profit": 525,
        "Operating Income": -112,
        "EBIT": NaN,
        "Net Income": 74
    },
    "2012-03-31": {
        "Diluted EPS": 0.52,
        "Total Revenue": 504,
        "Gross Profit": 301,
        "Operating Income": -123,
        "EBIT": NaN,
        "Net Income": 65
    },
    "2011-12-31": {
        "Diluted EPS": 0.6,
        "Total Revenue": 515,
        "Gross Profit": 454,
        "Operating Income": -117,
        "EBIT": NaN,
        "Net Income": 75
    },
    "2011-09-30": {
        "Diluted EPS": 0.53,
        "Total Revenue": 565,
        "Gross Profit": 424,
        "Operating Income": 126,
        "EBIT": NaN,
        "Net Income": 66
    },
    "2011-06-30": {
        "Diluted EPS": 0.5,
        "Total Revenue": 513,
        "Gross Profit": 385,
        "Operating Income": 89,
        "EBIT": NaN,
        "Net Income": 61
    },
    "2011-03-31": {
        "Diluted EPS": 0.46,
        "Total Revenue": 511,
        "Gross Profit": 400,
        "Operating Income": 76,
        "EBIT": NaN,
        "Net Income": 57
    },
    "2010-12-31": {
        "Diluted EPS": 0.39,
        "Total Revenue": 588,
        "Gross Profit": 535,
        "Operating Income": 152,
        "EBIT": NaN,
        "Net Income": 48
    },
    "2010-09-30": {
        "Diluted EPS": 0.3,
        "Total Revenue": 313,
        "Gross Profit": 256,
        "Operating Income": 23,
        "EBIT": NaN,
        "Net Income": 31
    },
    "2010-06-30": {
        "Diluted EPS": 0.1,
        "Total Revenue": 300,
        "Gross Profit": 218,
        "Operating Income": 27,
        "EBIT": NaN,
        "Net Income": 12
    },
    "2010-03-31": {
        "Diluted EPS": 0.1,
        "Total Revenue": 298,
        "Gross Profit": 212,
        "Operating Income": -12,
        "EBIT": NaN,
        "Net Income": 13
    },
    "2009-12-31": {
        "Diluted EPS": 0.11,
        "Total Revenue": 380,
        "Gross Profit": 311,
        "Operating Income": -36,
        "EBIT": NaN,
        "Net Income": 13
    },
    "2009-09-30": {
        "Diluted EPS": 0.22,
        "Total Revenue": 287,
        "Gross Profit": 197,
        "Operating Income": 24,
        "EBIT": NaN,
        "Net Income": 12
    },
    "2009-06-30": {
        "Diluted EPS": 0.3,
        "Total Revenue": 254,
        "Gross Profit": 188,
        "Operating Income": 17,
        "EBIT": NaN,
        "Net Income": 10
    },
    "2009-03-31": {
        "Diluted EPS": 0.74,
        "Total Revenue": 263,
        "Gross Profit": 155,
        "Operating Income": 35,
        "EBIT": NaN,
        "Net Income": 26
    },
    "2023-09-30": {
        "Tax Effect Of Unusual Items": NaN,
        "Tax Rate For Calcs": NaN,
        "Total Unusual Items": -815593000000.0,
        "Total Unusual Items Excluding Goodwill": -815593000000.0,
        "Net Income From Continuing Operation Net Minority Interest": NaN,
        "Reconciled Depreciation": NaN,
        "Net Interest Income": NaN,
        "Interest Expense": 1790483422000.0,
        "Interest Income": NaN,
        "Normalized Income": NaN,
        "Net Income From Continuing And Discontinued Operation": NaN,
        "Rent Expense Supplemental": 235988000.0,
        "Diluted Average Shares": NaN,
        "Basic Average Shares": NaN,
        "Diluted EPS": NaN,
        "Basic EPS": NaN,
        "Diluted NI Availto Com Stockholders": NaN,
        "Net Income Common Stockholders": NaN,
        "Net Income": NaN,
        "Minority Interests": NaN,
        "Net Income Including Noncontrolling Interests": NaN,
        "Net Income Continuous Operations": NaN,
        "Tax Provision": NaN,
        "Pretax Income": NaN,
        "Other Non Operating Income Expenses": NaN,
        "Special Income Charges": -815593000000.0,
        "Other Special Charges": 815593000000.0,
        "Gain On Sale Of Security": NaN,
        "Depreciation Amortization Depletion Income Statement": NaN,
        "Depreciation And Amortization In Income Statement": NaN,
        "Depreciation Income Statement": NaN,
        "Selling General And Administration": NaN,
        "Selling And Marketing Expense": 8018472000.0,
        "General And Administrative Expense": NaN,
        "Other Gand A": NaN,
        "Insurance And Claims": 15748644000.0,
        "Rent And Landing Fees": 235988000.0,
        "Salaries And Wages": NaN,
        "Total Revenue": NaN,
        "Operating Revenue": NaN,
        "Other Non Interest Expense": NaN
    },
    "2023-06-30": {
        "Tax Effect Of Unusual Items": -140000314173.83786,
        "Tax Rate For Calcs": 0.30243,
        "Total Unusual Items": -462918000000.0,
        "Total Unusual Items Excluding Goodwill": -462918000000.0,
        "Net Income From Continuing Operation Net Minority Interest": 215381000000.0,
        "Reconciled Depreciation": 36937000000.0,
        "Net Interest Income": 812068000000.0,
        "Interest Income": 812068000000.0,
        "Normalized Income": 538298685826.1622,
        "Net Income From Continuing And Discontinued Operation": 215381000000.0,
        "Diluted Average Shares": 147469209.0,
        "Basic Average Shares": 147469209.0,
        "Diluted EPS": 1460.515056,
        "Basic EPS": 1460.515056,
        "Diluted NI Availto Com Stockholders": 215381000000.0,
        "Net Income Common Stockholders": 215381000000.0,
        "Net Income": 215381000000.0,
        "Minority Interests": 0.0,
        "Net Income Including Noncontrolling Interests": 215381000000.0,
        "Net Income Continuous Operations": 215381000000.0,
        "Tax Provision": 93378000000.0,
        "Pretax Income": 308759000000.0,
        "Special Income Charges": -462918000000.0,
        "Other Special Charges": 462918000000.0,
        "Gain On Sale Of Security": 130262000000.0,
        "Depreciation Amortization Depletion Income Statement": 36937000000.0,
        "Depreciation And Amortization In Income Statement": 36937000000.0,
        "Depreciation Income Statement": 36937000000.0,
        "Selling General And Administration": 266660000000.0,
        "General And Administrative Expense": 266660000000.0,
        "Other Gand A": 128357000000.0,
        "Salaries And Wages": 138303000000.0,
        "Total Revenue": 1378793000000.0,
        "Operating Revenue": 1378793000000.0,
        "Other Non Interest Expense": 221623000000.0
    },
    "2023-12-31": {
        "Tax Effect Of Unusual Items": NaN,
        "Tax Rate For Calcs": NaN,
        "Total Unusual Items": NaN,
        "Total Unusual Items Excluding Goodwill": NaN,
        "Net Income From Continuing Operation Net Minority Interest": NaN,
        "Reconciled Depreciation": NaN,
        "Net Interest Income": NaN,
        "Interest Expense": -1518526825000.0,
        "Interest Income": NaN,
        "Normalized Income": NaN,
        "Net Income From Continuing And Discontinued Operation": NaN,
        "Rent Expense Supplemental": -204552000.0,
        "Diluted Average Shares": NaN,
        "Basic Average Shares": NaN,
        "Diluted EPS": NaN,
        "Basic EPS": NaN,
        "Diluted NI Availto Com Stockholders": NaN,
        "Net Income Common Stockholders": NaN,
        "Net Income": NaN,
        "Minority Interests": NaN,
        "Net Income Including Noncontrolling Interests": NaN,
        "Net Income Continuous Operations": NaN,
        "Tax Provision": NaN,
        "Pretax Income": NaN,
        "Other Non Operating Income Expenses": 360743308000.0,
        "Special Income Charges": NaN,
        "Other Special Charges": NaN,
        "Gain On Sale Of Security": NaN,
        "Depreciation Amortization Depletion Income Statement": NaN,
        "Depreciation And Amortization In Income Statement": NaN,
        "Amortization": NaN,
        "Amortization Of Intangibles Income Statement": NaN,
        "Depreciation Income Statement": NaN,
        "Selling General And Administration": NaN,
        "Selling And Marketing Expense": -6549349000.0,
        "General And Administrative Expense": NaN,
        "Other Gand A": NaN,
        "Insurance And Claims": -15497282000.0,
        "Rent And Landing Fees": -204552000.0,
        "Salaries And Wages": NaN,
        "Total Revenue": NaN,
        "Operating Revenue": NaN,
        "Occupancy And Equipment": -20672521000.0,
        "Other Non Interest Expense": NaN
    },
    "2024-06-30": {
        "Tax Effect Of Unusual Items": NaN,
        "Tax Rate For Calcs": NaN,
        "Total Unusual Items": -622505000000.0,
        "Total Unusual Items Excluding Goodwill": -622505000000.0,
        "Net Income From Continuing Operation Net Minority Interest": NaN,
        "Reconciled Depreciation": NaN,
        "Net Interest Income": NaN,
        "Interest Expense": NaN,
        "Interest Income": NaN,
        "Normalized Income": NaN,
        "Net Income From Continuing And Discontinued Operation": NaN,
        "Rent Expense Supplemental": NaN,
        "Diluted Average Shares": 147888864.0,
        "Basic Average Shares": 147888864.0,
        "Diluted EPS": NaN,
        "Basic EPS": NaN,
        "Diluted NI Availto Com Stockholders": NaN,
        "Net Income Common Stockholders": NaN,
        "Net Income": NaN,
        "Minority Interests": NaN,
        "Net Income Including Noncontrolling Interests": NaN,
        "Net Income Continuous Operations": NaN,
        "Tax Provision": NaN,
        "Pretax Income": NaN,
        "Other Non Operating Income Expenses": NaN,
        "Special Income Charges": -622505000000.0,
        "Other Special Charges": 622505000000.0,
        "Gain On Sale Of Security": NaN,
        "Depreciation Amortization Depletion Income Statement": NaN,
        "Depreciation And Amortization In Income Statement": NaN,
        "Amortization": NaN,
        "Amortization Of Intangibles Income Statement": NaN,
        "Depreciation Income Statement": NaN,
        "Selling General And Administration": NaN,
        "Selling And Marketing Expense": NaN,
        "General And Administrative Expense": NaN,
        "Other Gand A": NaN,
        "Insurance And Claims": NaN,
        "Rent And Landing Fees": NaN,
        "Salaries And Wages": NaN,
        "Total Revenue": NaN,
        "Operating Revenue": NaN,
        "Occupancy And Equipment": NaN,
        "Other Non Interest Expense": NaN
    },
    "2024-09-30": {
        "Tax Effect Of Unusual Items": 0.0,
        "Tax Rate For Calcs": 0.34825,
        "Total Unusual Items": -382171000000.0,
        "Total Unusual Items Excluding Goodwill": -382171000000.0,
        "Net Income From Continuing Operation Net Minority Interest": 221327000000.0,
        "Reconciled Depreciation": 49636000000.0,
        "Net Interest Income": 1004408000000.0,
        "Interest Expense": 552084982000.0,
        "Interest Income": 1004408000000.0,
        "Normalized Income": 221327000000.0,
        "Net Income From Continuing And Discontinued Operation": 221327000000.0,
        "Rent Expense Supplemental": 337322000.0,
        "Diluted Average Shares": 147888864.0,
        "Basic Average Shares": 147888864.0,
        "Diluted EPS": 1496.57651,
        "Basic EPS": 1496.57651,
        "Diluted NI Availto Com Stockholders": 221327000000.0,
        "Net Income Common Stockholders": 221327000000.0,
        "Net Income": 221327000000.0,
        "Minority Interests": 39000000.0,
        "Net Income Including Noncontrolling Interests": 221288000000.0,
        "Net Income Continuous Operations": 221288000000.0,
        "Tax Provision": 118241000000.0,
        "Pretax Income": 339529000000.0,
        "Other Non Operating Income Expenses": -504066000000.0,
        "Special Income Charges": -382171000000.0,
        "Other Special Charges": 382171000000.0,
        "Gain On Sale Of Security": 274169000000.0,
        "Depreciation Amortization Depletion Income Statement": 49636000000.0,
        "Depreciation And Amortization In Income Statement": 49636000000.0,
        "Amortization": NaN,
        "Amortization Of Intangibles Income Statement": NaN,
        "Depreciation Income Statement": 49636000000.0,
        "Selling General And Administration": 429540000000.0,
        "Selling And Marketing Expense": 9804146000.0,
        "General And Administrative Expense": 429540000000.0,
        "Other Gand A": 229391000000.0,
        "Insurance And Claims": 12546412000.0,
        "Rent And Landing Fees": 337322000.0,
        "Salaries And Wages": 200149000000.0,
        "Total Revenue": 1832206000000.0,
        "Operating Revenue": 1832206000000.0,
        "Occupancy And Equipment": 24969903000.0,
        "Other Non Interest Expense": 287288000000.0
    },
    "2024-12-31": {
        "Tax Effect Of Unusual Items": 0.0,
        "Tax Rate For Calcs": 0.105246,
        "Total Unusual Items": NaN,
        "Total Unusual Items Excluding Goodwill": NaN,
        "Net Income From Continuing Operation Net Minority Interest": 668474707000.0,
        "Reconciled Depreciation": 73898154000.0,
        "Net Interest Income": 1127936428000.0,
        "Interest Expense": 820128739000.0,
        "Interest Income": 1948065167000.0,
        "Normalized Income": 668474707000.0,
        "Net Income From Continuing And Discontinued Operation": 668474707000.0,
        "Rent Expense Supplemental": 584069000.0,
        "Diluted Average Shares": 159311047.0,
        "Basic Average Shares": 159311047.0,
        "Diluted EPS": 3605.399693,
        "Basic EPS": 3605.399693,
        "Diluted NI Availto Com Stockholders": 668474707000.0,
        "Net Income Common Stockholders": 668474707000.0,
        "Net Income": 668474707000.0,
        "Minority Interests": 26728000.0,
        "Net Income Including Noncontrolling Interests": 668447979000.0,
        "Net Income Continuous Operations": 668447979000.0,
        "Tax Provision": 78626638000.0,
        "Pretax Income": 747074617000.0,
        "Other Non Operating Income Expenses": -408383677000.0,
        "Special Income Charges": NaN,
        "Other Special Charges": NaN,
        "Gain On Sale Of Security": 370184546000.0,
        "Depreciation Amortization Depletion Income Statement": 73898154000.0,
        "Depreciation And Amortization In Income Statement": 73898154000.0,
        "Amortization": NaN,
        "Amortization Of Intangibles Income Statement": NaN,
        "Depreciation Income Statement": -19978684000.0,
        "Selling General And Administration": 650832588000.0,
        "Selling And Marketing Expense": 12223072000.0,
        "General And Administrative Expense": 638609516000.0,
        "Other Gand A": 97564164000.0,
        "Insurance And Claims": 15941366000.0,
        "Rent And Landing Fees": 584069000.0,
        "Salaries And Wages": 524519917000.0,
        "Total Revenue": 1930706259000.0,
        "Operating Revenue": 1930706259000.0,
        "Occupancy And Equipment": 42406060000.0,
        "Other Non Interest Expense": 326851059000.0
    },
    "2024-03-31": {
        "Tax Effect Of Unusual Items": NaN,
        "Tax Rate For Calcs": NaN,
        "Total Unusual Items": NaN,
        "Total Unusual Items Excluding Goodwill": NaN,
        "Net Income From Continuing Operation Net Minority Interest": NaN,
        "Reconciled Depreciation": NaN,
        "Net Interest Income": NaN,
        "Interest Expense": 1295506108000.0,
        "Interest Income": NaN,
        "Normalized Income": NaN,
        "Net Income From Continuing And Discontinued Operation": NaN,
        "Rent Expense Supplemental": 349144000.0,
        "Diluted Average Shares": NaN,
        "Basic Average Shares": NaN,
        "Diluted EPS": NaN,
        "Basic EPS": NaN,
        "Diluted NI Availto Com Stockholders": NaN,
        "Net Income Common Stockholders": NaN,
        "Net Income": NaN,
        "Minority Interests": NaN,
        "Net Income Including Noncontrolling Interests": NaN,
        "Net Income Continuous Operations": NaN,
        "Tax Provision": NaN,
        "Pretax Income": NaN,
        "Other Non Operating Income Expenses": -1283845895000.0,
        "Special Income Charges": NaN,
        "Other Special Charges": NaN,
        "Gain On Sale Of Security": NaN,
        "Depreciation Amortization Depletion Income Statement": NaN,
        "Depreciation And Amortization In Income Statement": NaN,
        "Amortization": 22250504000.0,
        "Amortization Of Intangibles Income Statement": 22250504000.0,
        "Depreciation Income Statement": NaN,
        "Selling General And Administration": NaN,
        "Selling And Marketing Expense": 7279320000.0,
        "General And Administrative Expense": NaN,
        "Other Gand A": NaN,
        "Insurance And Claims": 10804360000.0,
        "Rent And Landing Fees": 349144000.0,
        "Salaries And Wages": NaN,
        "Total Revenue": NaN,
        "Operating Revenue": NaN,
        "Occupancy And Equipment": 30563183000.0,
        "Other Non Interest Expense": NaN
    },
    "2025-03-31": {
        "Tax Effect Of Unusual Items": 0.0,
        "Tax Rate For Calcs": 0.308593,
        "Total Unusual Items": NaN,
        "Total Unusual Items Excluding Goodwill": NaN,
        "Net Income From Continuing Operation Net Minority Interest": 162579195000.0,
        "Reconciled Depreciation": 62026531000.0,
        "Net Interest Income": 1067070596000.0,
        "Interest Expense": 700342237000.0,
        "Interest Income": 1767412833000.0,
        "Normalized Income": 162579195000.0,
        "Net Income From Continuing And Discontinued Operation": 162579195000.0,
        "Rent Expense Supplemental": 2782499000.0,
        "Diluted Average Shares": 159777800.0,
        "Basic Average Shares": 159777800.0,
        "Diluted EPS": 1017.5,
        "Basic EPS": 1017.5,
        "Diluted NI Availto Com Stockholders": 162579195000.0,
        "Net Income Common Stockholders": 162579195000.0,
        "Net Income": 162579195000.0,
        "Minority Interests": -48618000.0,
        "Net Income Including Noncontrolling Interests": 162627813000.0,
        "Net Income Continuous Operations": 162627813000.0,
        "Tax Provision": 72585210000.0,
        "Pretax Income": 235213023000.0,
        "Other Non Operating Income Expenses": -391513430000.0,
        "Special Income Charges": NaN,
        "Other Special Charges": NaN,
        "Gain On Sale Of Security": 249832171000.0,
        "Depreciation Amortization Depletion Income Statement": 62026531000.0,
        "Depreciation And Amortization In Income Statement": 62026531000.0,
        "Amortization": 25212411000.0,
        "Amortization Of Intangibles Income Statement": 25212411000.0,
        "Depreciation Income Statement": 36814120000.0,
        "Selling General And Administration": 385245219000.0,
        "Selling And Marketing Expense": 14542123000.0,
        "General And Administrative Expense": 370703096000.0,
        "Other Gand A": 112375549000.0,
        "Insurance And Claims": 20450583000.0,
        "Rent And Landing Fees": 2782499000.0,
        "Salaries And Wages": 235094465000.0,
        "Total Revenue": 1829548632000.0,
        "Operating Revenue": 1829548632000.0,
        "Occupancy And Equipment": 52148466000.0,
        "Other Non Interest Expense": 298910838000.0
    },
    "2025-06-30": {
        "Tax Effect Of Unusual Items": -106165626978.37292,
        "Tax Rate For Calcs": 0.374058,
        "Total Unusual Items": -283821000000.0,
        "Total Unusual Items Excluding Goodwill": -283821000000.0,
        "Net Income From Continuing Operation Net Minority Interest": 172637000000.0,
        "Reconciled Depreciation": 66343000000.0,
        "Net Interest Income": 1215236000000.0,
        "Interest Expense": NaN,
        "Interest Income": 1215236000000.0,
        "Normalized Income": 350292373021.6271,
        "Net Income From Continuing And Discontinued Operation": 172637000000.0,
        "Rent Expense Supplemental": NaN,
        "Diluted Average Shares": 160625373.0,
        "Basic Average Shares": 160625373.0,
        "Diluted EPS": 1074.780384,
        "Basic EPS": 1074.780384,
        "Diluted NI Availto Com Stockholders": 172637000000.0,
        "Net Income Common Stockholders": 172637000000.0,
        "Net Income": 172637000000.0,
        "Minority Interests": -34000000.0,
        "Net Income Including Noncontrolling Interests": 172671000000.0,
        "Net Income Continuous Operations": 172671000000.0,
        "Tax Provision": 103187000000.0,
        "Pretax Income": 275858000000.0,
        "Other Non Operating Income Expenses": NaN,
        "Special Income Charges": -283821000000.0,
        "Other Special Charges": 283821000000.0,
        "Gain On Sale Of Security": 234481000000.0,
        "Depreciation Amortization Depletion Income Statement": 66343000000.0,
        "Depreciation And Amortization In Income Statement": 66343000000.0,
        "Amortization": NaN,
        "Amortization Of Intangibles Income Statement": NaN,
        "Depreciation Income Statement": 66343000000.0,
        "Selling General And Administration": 491732000000.0,
        "Selling And Marketing Expense": NaN,
        "General And Administrative Expense": 491732000000.0,
        "Other Gand A": 261111000000.0,
        "Insurance And Claims": NaN,
        "Rent And Landing Fees": NaN,
        "Salaries And Wages": 230621000000.0,
        "Total Revenue": 2086391000000.0,
        "Operating Revenue": 2086391000000.0,
        "Occupancy And Equipment": NaN,
        "Other Non Interest Expense": 405143000000.0
    },
    "2025-09-30": {
        "Tax Effect Of Unusual Items": 0.0,
        "Tax Rate For Calcs": 0.35,
        "Total Unusual Items": NaN,
        "Total Unusual Items Excluding Goodwill": NaN,
        "Net Income From Continuing Operation Net Minority Interest": -87710000000.0,
        "Reconciled Depreciation": 66781000000.0,
        "Net Interest Income": 1245416000000.0,
        "Interest Expense": NaN,
        "Interest Income": 1245416000000.0,
        "Normalized Income": -87710000000.0,
        "Net Income From Continuing And Discontinued Operation": -87710000000.0,
        "Rent Expense Supplemental": NaN,
        "Diluted Average Shares": NaN,
        "Basic Average Shares": NaN,
        "Diluted EPS": -546.053207,
        "Basic EPS": -546.053207,
        "Diluted NI Availto Com Stockholders": -87710000000.0,
        "Net Income Common Stockholders": -87710000000.0,
        "Net Income": -87710000000.0,
        "Minority Interests": 6000000.0,
        "Net Income Including Noncontrolling Interests": -87716000000.0,
        "Net Income Continuous Operations": -87716000000.0,
        "Tax Provision": -86155000000.0,
        "Pretax Income": -173871000000.0,
        "Other Non Operating Income Expenses": -287712000000.0,
        "Special Income Charges": NaN,
        "Other Special Charges": NaN,
        "Gain On Sale Of Security": 46749000000.0,
        "Depreciation Amortization Depletion Income Statement": 66781000000.0,
        "Depreciation And Amortization In Income Statement": 66781000000.0,
        "Amortization": NaN,
        "Amortization Of Intangibles Income Statement": NaN,
        "Depreciation Income Statement": 66781000000.0,
        "Selling General And Administration": 658027000000.0,
        "Selling And Marketing Expense": NaN,
        "General And Administrative Expense": 658027000000.0,
        "Other Gand A": 261829000000.0,
        "Insurance And Claims": NaN,
        "Rent And Landing Fees": NaN,
        "Salaries And Wages": 396198000000.0,
        "Total Revenue": 1972491000000.0,
        "Operating Revenue": 1972491000000.0,
        "Occupancy And Equipment": NaN,
        "Other Non Interest Expense": 399210000000.0
    }
}