{
    "2023-03-31": {
        "Tax Effect Of Unusual Items": NaN,
        "Tax Rate For Calcs": NaN,
        "Normalized EBITDA": NaN,
        "Net Income From Continuing Operation Net Minority Interest": NaN,
        "Reconciled Depreciation": NaN,
        "Reconciled Cost Of Revenue": NaN,
        "EBITDA": NaN,
        "EBIT": NaN,
        "Net Interest Income": NaN,
        "Interest Expense": NaN,
        "Normalized Income": NaN,
        "Net Income From Continuing And Discontinued Operation": NaN,
        "Total Expenses": NaN,
        "Total Operating Income As Reported": NaN,
        "Diluted Average Shares": NaN,
        "Basic Average Shares": NaN,
        "Diluted EPS": NaN,
        "Basic EPS": NaN,
        "Diluted NI Availto Com Stockholders": NaN,
        "Net Income Common Stockholders": NaN,
        "Net Income": NaN,
        "Net Income Including Noncontrolling Interests": NaN,
        "Net Income Continuous Operations": NaN,
        "Pretax Income": NaN,
        "Other Income Expense": NaN,
        "Other Non Operating Income Expenses": NaN,
        "Earnings From Equity Interest": NaN,
        "Net Non Operating Interest Income Expense": NaN,
        "Interest Expense Non Operating": NaN,
        "Operating Income": NaN,
        "Operating Expense": NaN,
        "Other Operating Expenses": -2096000.0,
        "Research And Development": NaN,
        "Selling General And Administration": NaN,
        "Selling And Marketing Expense": NaN,
        "General And Administrative Expense": NaN,
        "Other Gand A": NaN,
        "Salaries And Wages": NaN,
        "Gross Profit": NaN,
        "Cost Of Revenue": NaN,
        "Total Revenue": NaN,
        "Operating Revenue": NaN
    },
    "2022-12-31": {
        "Tax Effect Of Unusual Items": NaN,
        "Tax Rate For Calcs": NaN,
        "Normalized EBITDA": NaN,
        "Net Income From Continuing Operation Net Minority Interest": NaN,
        "Reconciled Depreciation": NaN,
        "Reconciled Cost Of Revenue": NaN,
        "EBITDA": NaN,
        "EBIT": NaN,
        "Net Interest Income": NaN,
        "Interest Expense": NaN,
        "Normalized Income": NaN,
        "Net Income From Continuing And Discontinued Operation": NaN,
        "Total Expenses": NaN,
        "Total Operating Income As Reported": NaN,
        "Diluted Average Shares": NaN,
        "Basic Average Shares": NaN,
        "Diluted EPS": NaN,
        "Basic EPS": NaN,
        "Diluted NI Availto Com Stockholders": NaN,
        "Net Income Common Stockholders": NaN,
        "Net Income": NaN,
        "Net Income Including Noncontrolling Interests": NaN,
        "Net Income Continuous Operations": NaN,
        "Pretax Income": NaN,
        "Other Income Expense": NaN,
        "Other Non Operating Income Expenses": NaN,
        "Earnings From Equity Interest": NaN,
        "Net Non Operating Interest Income Expense": NaN,
        "Interest Expense Non Operating": NaN,
        "Operating Income": NaN,
        "Operating Expense": NaN,
        "Other Operating Expenses": -4590000.0,
        "Research And Development": NaN,
        "Selling General And Administration": NaN,
        "Selling And Marketing Expense": NaN,
        "General And Administrative Expense": NaN,
        "Other Gand A": NaN,
        "Salaries And Wages": NaN,
        "Gross Profit": NaN,
        "Cost Of Revenue": NaN,
        "Total Revenue": NaN,
        "Operating Revenue": NaN
    },
    "2022-09-30": {
        "Tax Effect Of Unusual Items": NaN,
        "Tax Rate For Calcs": NaN,
        "Normalized EBITDA": NaN,
        "Net Income From Continuing Operation Net Minority Interest": NaN,
        "Reconciled Depreciation": NaN,
        "Reconciled Cost Of Revenue": NaN,
        "EBITDA": NaN,
        "EBIT": NaN,
        "Net Interest Income": NaN,
        "Interest Expense": NaN,
        "Normalized Income": NaN,
        "Net Income From Continuing And Discontinued Operation": NaN,
        "Total Expenses": NaN,
        "Total Operating Income As Reported": NaN,
        "Diluted Average Shares": NaN,
        "Basic Average Shares": NaN,
        "Diluted EPS": NaN,
        "Basic EPS": NaN,
        "Diluted NI Availto Com Stockholders": NaN,
        "Net Income Common Stockholders": NaN,
        "Net Income": NaN,
        "Net Income Including Noncontrolling Interests": NaN,
        "Net Income Continuous Operations": NaN,
        "Pretax Income": NaN,
        "Other Income Expense": NaN,
        "Other Non Operating Income Expenses": NaN,
        "Earnings From Equity Interest": NaN,
        "Net Non Operating Interest Income Expense": NaN,
        "Interest Expense Non Operating": NaN,
        "Operating Income": NaN,
        "Operating Expense": NaN,
        "Other Operating Expenses": 832000.0,
        "Research And Development": NaN,
        "Selling General And Administration": NaN,
        "Selling And Marketing Expense": NaN,
        "General And Administrative Expense": NaN,
        "Other Gand A": NaN,
        "Salaries And Wages": NaN,
        "Gross Profit": NaN,
        "Cost Of Revenue": NaN,
        "Total Revenue": NaN,
        "Operating Revenue": NaN
    },
    "2022-06-30": {
        "Tax Effect Of Unusual Items": 0.0,
        "Tax Rate For Calcs": 0.0,
        "Normalized EBITDA": -94953000.0,
        "Net Income From Continuing Operation Net Minority Interest": -121052000.0,
        "Reconciled Depreciation": 23660000.0,
        "Reconciled Cost Of Revenue": 78047000.0,
        "EBITDA": -94953000.0,
        "EBIT": -118613000.0,
        "Net Interest Income": -2439000.0,
        "Interest Expense": 2439000.0,
        "Normalized Income": -121052000.0,
        "Net Income From Continuing And Discontinued Operation": -121052000.0,
        "Total Expenses": 313428000.0,
        "Total Operating Income As Reported": -224074000.0,
        "Diluted Average Shares": 230290000.0,
        "Basic Average Shares": 230290000.0,
        "Diluted EPS": -0.53,
        "Basic EPS": -0.53,
        "Diluted NI Availto Com Stockholders": -121052000.0,
        "Net Income Common Stockholders": -121052000.0,
        "Net Income": -121052000.0,
        "Net Income Including Noncontrolling Interests": -121052000.0,
        "Net Income Continuous Operations": -121052000.0,
        "Tax Provision": NaN,
        "Pretax Income": -121052000.0,
        "Other Income Expense": 104092000.0,
        "Other Non Operating Income Expenses": 104092000.0,
        "Earnings From Equity Interest": NaN,
        "Net Non Operating Interest Income Expense": -2439000.0,
        "Interest Expense Non Operating": 2439000.0,
        "Operating Income": -222705000.0,
        "Operating Expense": 235381000.0,
        "Other Operating Expenses": 177435000.0,
        "Research And Development": 11601000.0,
        "Selling General And Administration": 46345000.0,
        "Selling And Marketing Expense": 14698000.0,
        "General And Administrative Expense": 31647000.0,
        "Other Gand A": 31647000.0,
        "Salaries And Wages": NaN,
        "Gross Profit": 12676000.0,
        "Cost Of Revenue": 78047000.0,
        "Total Revenue": 90723000.0,
        "Operating Revenue": 90723000.0
    },
    "2022-03-31": {
        "Diluted EPS": -0.11,
        "Total Revenue": 94,
        "Gross Profit": 13,
        "Operating Income": -20,
        "EBIT": 6,
        "Net Income": -22
    },
    "2021-12-31": {
        "Diluted EPS": 0.0,
        "Total Revenue": NaN,
        "Gross Profit": NaN,
        "Operating Income": NaN,
        "EBIT": NaN,
        "Net Income": NaN
    },
    "2021-09-30": {
        "Diluted EPS": -0.07,
        "Total Revenue": 101,
        "Gross Profit": 17,
        "Operating Income": -12,
        "EBIT": -12,
        "Net Income": -13
    },
    "2020-12-31": {
        "Diluted EPS": 0.0,
        "Total Revenue": NaN,
        "Gross Profit": NaN,
        "Operating Income": NaN,
        "EBIT": NaN,
        "Net Income": NaN
    },
    "2023-06-30": {
        "Tax Effect Of Unusual Items": NaN,
        "Tax Rate For Calcs": NaN,
        "Normalized EBITDA": NaN,
        "Net Income From Continuing Operation Net Minority Interest": NaN,
        "Reconciled Depreciation": NaN,
        "Reconciled Cost Of Revenue": NaN,
        "EBITDA": NaN,
        "EBIT": NaN,
        "Net Interest Income": NaN,
        "Interest Expense": NaN,
        "Normalized Income": NaN,
        "Net Income From Continuing And Discontinued Operation": NaN,
        "Total Expenses": NaN,
        "Total Operating Income As Reported": NaN,
        "Diluted Average Shares": NaN,
        "Basic Average Shares": NaN,
        "Diluted EPS": NaN,
        "Basic EPS": NaN,
        "Diluted NI Availto Com Stockholders": NaN,
        "Net Income Common Stockholders": NaN,
        "Net Income": NaN,
        "Net Income Including Noncontrolling Interests": NaN,
        "Net Income Continuous Operations": NaN,
        "Pretax Income": NaN,
        "Other Income Expense": NaN,
        "Other Non Operating Income Expenses": NaN,
        "Earnings From Equity Interest": NaN,
        "Net Non Operating Interest Income Expense": NaN,
        "Interest Expense Non Operating": NaN,
        "Operating Income": NaN,
        "Operating Expense": NaN,
        "Other Operating Expenses": -1304000.0,
        "Research And Development": NaN,
        "Selling General And Administration": NaN,
        "Selling And Marketing Expense": NaN,
        "General And Administrative Expense": NaN,
        "Other Gand A": NaN,
        "Salaries And Wages": 4401000.0,
        "Gross Profit": NaN,
        "Cost Of Revenue": NaN,
        "Total Revenue": NaN,
        "Operating Revenue": NaN
    },
    "2023-09-30": {
        "Tax Effect Of Unusual Items": 0.0,
        "Tax Rate For Calcs": 0.0,
        "Normalized EBITDA": 23259000.0,
        "Net Income From Continuing Operation Net Minority Interest": -3088000.0,
        "Reconciled Depreciation": 23814000.0,
        "Reconciled Cost Of Revenue": 74967000.0,
        "EBITDA": 23259000.0,
        "EBIT": -555000.0,
        "Net Interest Income": -2533000.0,
        "Interest Expense": 2533000.0,
        "Normalized Income": -3088000.0,
        "Net Income From Continuing And Discontinued Operation": -3088000.0,
        "Total Expenses": 111674000.0,
        "Total Operating Income As Reported": -19924000.0,
        "Diluted Average Shares": 232935000.0,
        "Basic Average Shares": 232935000.0,
        "Diluted EPS": -0.01,
        "Basic EPS": -0.01,
        "Diluted NI Availto Com Stockholders": -3088000.0,
        "Net Income Common Stockholders": -3088000.0,
        "Net Income": -3088000.0,
        "Net Income Including Noncontrolling Interests": -3088000.0,
        "Net Income Continuous Operations": -3088000.0,
        "Pretax Income": -3088000.0,
        "Other Income Expense": 19369000.0,
        "Other Non Operating Income Expenses": 19589000.0,
        "Earnings From Equity Interest": -220000.0,
        "Net Non Operating Interest Income Expense": -2533000.0,
        "Interest Expense Non Operating": 2533000.0,
        "Operating Income": -19924000.0,
        "Operating Expense": 36707000.0,
        "Other Operating Expenses": NaN,
        "Research And Development": 10959000.0,
        "Selling General And Administration": 25748000.0,
        "Selling And Marketing Expense": 12732000.0,
        "General And Administrative Expense": 13016000.0,
        "Other Gand A": 13016000.0,
        "Gross Profit": 16783000.0,
        "Cost Of Revenue": 74967000.0,
        "Total Revenue": 91750000.0,
        "Operating Revenue": 91750000.0
    },
    "2023-12-31": {
        "Tax Effect Of Unusual Items": 0.0,
        "Tax Rate For Calcs": 0.0,
        "Normalized EBITDA": 3709000.0,
        "Net Income From Continuing Operation Net Minority Interest": -26706000.0,
        "Reconciled Depreciation": 25084000.0,
        "Reconciled Cost Of Revenue": 80935000.0,
        "EBITDA": 3709000.0,
        "EBIT": -21375000.0,
        "Net Interest Income": -2385000.0,
        "Interest Expense": 5331000.0,
        "Normalized Income": -26706000.0,
        "Net Income From Continuing And Discontinued Operation": -26706000.0,
        "Total Expenses": 110111000.0,
        "Total Operating Income As Reported": -25952000.0,
        "Diluted Average Shares": 235908000.0,
        "Basic Average Shares": 235908000.0,
        "Diluted EPS": -0.12,
        "Basic EPS": -0.12,
        "Diluted NI Availto Com Stockholders": -26706000.0,
        "Net Income Common Stockholders": -26706000.0,
        "Net Income": -26706000.0,
        "Net Income Including Noncontrolling Interests": -26706000.0,
        "Net Income Continuous Operations": -26706000.0,
        "Pretax Income": -26706000.0,
        "Other Income Expense": -5740000.0,
        "Other Non Operating Income Expenses": -20686000.0,
        "Earnings From Equity Interest": -825000.0,
        "Net Non Operating Interest Income Expense": -2385000.0,
        "Interest Expense Non Operating": 5331000.0,
        "Operating Income": -18581000.0,
        "Operating Expense": 29176000.0,
        "Other Operating Expenses": NaN,
        "Research And Development": 9624000.0,
        "Selling General And Administration": 23894000.0,
        "Selling And Marketing Expense": 14867000.0,
        "General And Administrative Expense": 9027000.0,
        "Other Gand A": 9027000.0,
        "Gross Profit": 10595000.0,
        "Cost Of Revenue": 80935000.0,
        "Total Revenue": 91530000.0,
        "Operating Revenue": 80740000.0
    },
    "2024-03-31": {
        "Tax Effect Of Unusual Items": 0.0,
        "Tax Rate For Calcs": 0.0,
        "Normalized EBITDA": 14281000.0,
        "Net Income From Continuing Operation Net Minority Interest": -13127000.0,
        "Reconciled Depreciation": 24680000.0,
        "Reconciled Cost Of Revenue": 65238000.0,
        "EBITDA": 14281000.0,
        "EBIT": -10399000.0,
        "Net Interest Income": -2728000.0,
        "Interest Expense": 2728000.0,
        "Normalized Income": -13127000.0,
        "Net Income From Continuing And Discontinued Operation": -13127000.0,
        "Total Expenses": 92592000.0,
        "Total Operating Income As Reported": -25297000.0,
        "Diluted Average Shares": 235942000.0,
        "Basic Average Shares": 235942000.0,
        "Diluted EPS": -0.06,
        "Basic EPS": -0.06,
        "Diluted NI Availto Com Stockholders": -13127000.0,
        "Net Income Common Stockholders": -13127000.0,
        "Net Income": -13127000.0,
        "Net Income Including Noncontrolling Interests": -13127000.0,
        "Net Income Continuous Operations": -13127000.0,
        "Pretax Income": -13127000.0,
        "Other Income Expense": 12482000.0,
        "Other Non Operating Income Expenses": 13198000.0,
        "Earnings From Equity Interest": -716000.0,
        "Net Non Operating Interest Income Expense": -2728000.0,
        "Interest Expense Non Operating": 2728000.0,
        "Operating Income": -22881000.0,
        "Operating Expense": 27354000.0,
        "Other Operating Expenses": -1962000.0,
        "Research And Development": 9366000.0,
        "Selling General And Administration": 19950000.0,
        "Selling And Marketing Expense": 10581000.0,
        "General And Administrative Expense": 9369000.0,
        "Other Gand A": 9369000.0,
        "Gross Profit": 4473000.0,
        "Cost Of Revenue": 65238000.0,
        "Total Revenue": 69711000.0,
        "Operating Revenue": 69711000.0
    },
    "2024-06-30": {
        "Tax Effect Of Unusual Items": 0.0,
        "Tax Rate For Calcs": 0.0,
        "Normalized EBITDA": 7831000.0,
        "Net Income From Continuing Operation Net Minority Interest": -20055000.0,
        "Reconciled Depreciation": 25370000.0,
        "Reconciled Cost Of Revenue": 76772000.0,
        "EBITDA": 7831000.0,
        "EBIT": -17539000.0,
        "Net Interest Income": -2516000.0,
        "Interest Expense": 2516000.0,
        "Normalized Income": -20055000.0,
        "Net Income From Continuing And Discontinued Operation": -20055000.0,
        "Total Expenses": 105545000.0,
        "Total Operating Income As Reported": -24601000.0,
        "Diluted Average Shares": 246535000.0,
        "Basic Average Shares": 246535000.0,
        "Diluted EPS": -0.08,
        "Basic EPS": -0.08,
        "Diluted NI Availto Com Stockholders": -20055000.0,
        "Net Income Common Stockholders": -20055000.0,
        "Net Income": -20055000.0,
        "Net Income Including Noncontrolling Interests": -20055000.0,
        "Net Income Continuous Operations": -20055000.0,
        "Pretax Income": -20055000.0,
        "Other Income Expense": 7062000.0,
        "Other Non Operating Income Expenses": 7665000.0,
        "Earnings From Equity Interest": -603000.0,
        "Net Non Operating Interest Income Expense": -2516000.0,
        "Interest Expense Non Operating": 2516000.0,
        "Operating Income": -24601000.0,
        "Operating Expense": 28773000.0,
        "Other Operating Expenses": 54000.0,
        "Research And Development": 8459000.0,
        "Selling General And Administration": 20260000.0,
        "Selling And Marketing Expense": 11687000.0,
        "General And Administrative Expense": 8573000.0,
        "Other Gand A": 8573000.0,
        "Gross Profit": 4172000.0,
        "Cost Of Revenue": 76772000.0,
        "Total Revenue": 80944000.0,
        "Operating Revenue": 80944000.0
    },
    "2024-09-30": {
        "Tax Effect Of Unusual Items": 0.0,
        "Tax Rate For Calcs": 0.0,
        "Normalized EBITDA": 8082000.0,
        "Net Income From Continuing Operation Net Minority Interest": -18244000.0,
        "Reconciled Depreciation": 23814000.0,
        "Reconciled Cost Of Revenue": 82177000.0,
        "EBITDA": 8082000.0,
        "EBIT": -15732000.0,
        "Net Interest Income": -2512000.0,
        "Interest Expense": 2512000.0,
        "Normalized Income": -18244000.0,
        "Net Income From Continuing And Discontinued Operation": -18244000.0,
        "Total Expenses": 111374000.0,
        "Total Operating Income As Reported": -24518000.0,
        "Diluted Average Shares": 287232000.0,
        "Basic Average Shares": 287232000.0,
        "Diluted EPS": -0.06,
        "Basic EPS": -0.06,
        "Diluted NI Availto Com Stockholders": -18244000.0,
        "Net Income Common Stockholders": -18244000.0,
        "Net Income": -18244000.0,
        "Net Income Including Noncontrolling Interests": -18244000.0,
        "Net Income Continuous Operations": -18244000.0,
        "Pretax Income": -18244000.0,
        "Other Income Expense": 8786000.0,
        "Other Non Operating Income Expenses": 9922000.0,
        "Earnings From Equity Interest": -1136000.0,
        "Net Non Operating Interest Income Expense": -2512000.0,
        "Interest Expense Non Operating": 2512000.0,
        "Operating Income": -24518000.0,
        "Operating Expense": 29197000.0,
        "Other Operating Expenses": 3250000.0,
        "Research And Development": 7271000.0,
        "Selling General And Administration": 18676000.0,
        "Selling And Marketing Expense": 10002000.0,
        "General And Administrative Expense": 8674000.0,
        "Other Gand A": 8674000.0,
        "Gross Profit": 4679000.0,
        "Cost Of Revenue": 82177000.0,
        "Total Revenue": 86856000.0,
        "Operating Revenue": 86856000.0
    }
}