{
    "2023-03-31": {
        "Tax Effect Of Unusual Items": NaN,
        "Tax Rate For Calcs": NaN,
        "Normalized EBITDA": NaN,
        "Total Unusual Items": NaN,
        "Total Unusual Items Excluding Goodwill": NaN,
        "Net Income From Continuing Operation Net Minority Interest": NaN,
        "Reconciled Depreciation": NaN,
        "Reconciled Cost Of Revenue": NaN,
        "EBITDA": NaN,
        "EBIT": NaN,
        "Net Interest Income": NaN,
        "Interest Expense": NaN,
        "Interest Income": NaN,
        "Normalized Income": NaN,
        "Net Income From Continuing And Discontinued Operation": NaN,
        "Total Expenses": NaN,
        "Total Operating Income As Reported": NaN,
        "Diluted Average Shares": 4776000.0,
        "Basic Average Shares": 4759000.0,
        "Diluted EPS": 10.88,
        "Basic EPS": 10.91,
        "Diluted NI Availto Com Stockholders": NaN,
        "Average Dilution Earnings": NaN,
        "Net Income Common Stockholders": NaN,
        "Otherunder Preferred Stock Dividend": NaN,
        "Net Income": NaN,
        "Minority Interests": NaN,
        "Net Income Including Noncontrolling Interests": NaN,
        "Net Income Continuous Operations": NaN,
        "Tax Provision": NaN,
        "Pretax Income": NaN,
        "Other Income Expense": NaN,
        "Other Non Operating Income Expenses": NaN,
        "Special Income Charges": NaN,
        "Gain On Sale Of Business": NaN,
        "Write Off": 745000.0,
        "Impairment Of Capital Assets": NaN,
        "Earnings From Equity Interest": NaN,
        "Gain On Sale Of Security": NaN,
        "Net Non Operating Interest Income Expense": NaN,
        "Interest Expense Non Operating": NaN,
        "Interest Income Non Operating": NaN,
        "Operating Income": NaN,
        "Operating Expense": NaN,
        "Depreciation Amortization Depletion Income Statement": NaN,
        "Depreciation And Amortization In Income Statement": NaN,
        "Amortization": NaN,
        "Amortization Of Intangibles Income Statement": NaN,
        "Depreciation Income Statement": NaN,
        "Selling General And Administration": NaN,
        "General And Administrative Expense": NaN,
        "Other Gand A": NaN,
        "Salaries And Wages": NaN,
        "Gross Profit": NaN,
        "Cost Of Revenue": NaN,
        "Total Revenue": NaN,
        "Operating Revenue": NaN
    },
    "2022-12-31": {
        "Tax Effect Of Unusual Items": NaN,
        "Tax Rate For Calcs": NaN,
        "Normalized EBITDA": NaN,
        "Total Unusual Items": NaN,
        "Total Unusual Items Excluding Goodwill": NaN,
        "Net Income From Continuing Operation Net Minority Interest": NaN,
        "Reconciled Depreciation": NaN,
        "Reconciled Cost Of Revenue": NaN,
        "EBITDA": NaN,
        "EBIT": NaN,
        "Net Interest Income": NaN,
        "Interest Expense": NaN,
        "Interest Income": NaN,
        "Normalized Income": NaN,
        "Net Income From Continuing And Discontinued Operation": NaN,
        "Total Expenses": NaN,
        "Total Operating Income As Reported": NaN,
        "Diluted Average Shares": 4786000.0,
        "Basic Average Shares": 4771000.0,
        "Diluted EPS": 1.28,
        "Basic EPS": 1.28,
        "Diluted NI Availto Com Stockholders": NaN,
        "Average Dilution Earnings": NaN,
        "Net Income Common Stockholders": NaN,
        "Otherunder Preferred Stock Dividend": NaN,
        "Net Income": NaN,
        "Minority Interests": NaN,
        "Net Income Including Noncontrolling Interests": NaN,
        "Net Income Continuous Operations": NaN,
        "Tax Provision": NaN,
        "Pretax Income": NaN,
        "Other Income Expense": NaN,
        "Other Non Operating Income Expenses": NaN,
        "Special Income Charges": NaN,
        "Gain On Sale Of Business": NaN,
        "Write Off": NaN,
        "Impairment Of Capital Assets": 128990000.0,
        "Earnings From Equity Interest": NaN,
        "Gain On Sale Of Security": NaN,
        "Net Non Operating Interest Income Expense": NaN,
        "Interest Expense Non Operating": NaN,
        "Interest Income Non Operating": NaN,
        "Operating Income": NaN,
        "Operating Expense": NaN,
        "Depreciation Amortization Depletion Income Statement": NaN,
        "Depreciation And Amortization In Income Statement": NaN,
        "Amortization": NaN,
        "Amortization Of Intangibles Income Statement": NaN,
        "Depreciation Income Statement": NaN,
        "Selling General And Administration": NaN,
        "General And Administrative Expense": NaN,
        "Other Gand A": NaN,
        "Salaries And Wages": NaN,
        "Gross Profit": NaN,
        "Cost Of Revenue": NaN,
        "Total Revenue": NaN,
        "Operating Revenue": NaN
    },
    "2022-09-30": {
        "Tax Effect Of Unusual Items": NaN,
        "Tax Rate For Calcs": NaN,
        "Normalized EBITDA": NaN,
        "Total Unusual Items": NaN,
        "Total Unusual Items Excluding Goodwill": NaN,
        "Net Income From Continuing Operation Net Minority Interest": NaN,
        "Reconciled Depreciation": NaN,
        "Reconciled Cost Of Revenue": NaN,
        "EBITDA": NaN,
        "EBIT": NaN,
        "Net Interest Income": NaN,
        "Interest Expense": NaN,
        "Interest Income": NaN,
        "Normalized Income": NaN,
        "Net Income From Continuing And Discontinued Operation": NaN,
        "Total Expenses": NaN,
        "Total Operating Income As Reported": NaN,
        "Diluted Average Shares": NaN,
        "Basic Average Shares": NaN,
        "Diluted EPS": NaN,
        "Basic EPS": NaN,
        "Diluted NI Availto Com Stockholders": NaN,
        "Average Dilution Earnings": NaN,
        "Net Income Common Stockholders": NaN,
        "Otherunder Preferred Stock Dividend": NaN,
        "Net Income": NaN,
        "Minority Interests": NaN,
        "Net Income Including Noncontrolling Interests": NaN,
        "Net Income Continuous Operations": NaN,
        "Tax Provision": NaN,
        "Pretax Income": NaN,
        "Other Income Expense": NaN,
        "Other Non Operating Income Expenses": NaN,
        "Special Income Charges": NaN,
        "Gain On Sale Of Business": NaN,
        "Write Off": NaN,
        "Impairment Of Capital Assets": 0.0,
        "Earnings From Equity Interest": NaN,
        "Gain On Sale Of Security": NaN,
        "Net Non Operating Interest Income Expense": NaN,
        "Interest Expense Non Operating": NaN,
        "Interest Income Non Operating": NaN,
        "Operating Income": NaN,
        "Operating Expense": NaN,
        "Depreciation Amortization Depletion Income Statement": NaN,
        "Depreciation And Amortization In Income Statement": NaN,
        "Amortization": NaN,
        "Amortization Of Intangibles Income Statement": NaN,
        "Depreciation Income Statement": NaN,
        "Selling General And Administration": NaN,
        "General And Administrative Expense": NaN,
        "Other Gand A": NaN,
        "Salaries And Wages": NaN,
        "Gross Profit": NaN,
        "Cost Of Revenue": NaN,
        "Total Revenue": NaN,
        "Operating Revenue": NaN
    },
    "2022-06-30": {
        "Tax Effect Of Unusual Items": -40194994.035108,
        "Tax Rate For Calcs": 0.24314,
        "Normalized EBITDA": 143480000.0,
        "Total Unusual Items": -165316000.0,
        "Total Unusual Items Excluding Goodwill": -165316000.0,
        "Net Income From Continuing Operation Net Minority Interest": -67485000.0,
        "Reconciled Depreciation": 50206000.0,
        "Reconciled Cost Of Revenue": 615924000.0,
        "EBITDA": -21836000.0,
        "EBIT": -72042000.0,
        "Net Interest Income": -15277000.0,
        "Interest Expense": 15973000.0,
        "Interest Income": 696000.0,
        "Normalized Income": 57636005.964892,
        "Net Income From Continuing And Discontinued Operation": -67485000.0,
        "Total Expenses": 893974000.0,
        "Total Operating Income As Reported": 39328000.0,
        "Diluted Average Shares": 4842000.0,
        "Basic Average Shares": 4842000.0,
        "Diluted EPS": -13.95,
        "Basic EPS": -13.95,
        "Diluted NI Availto Com Stockholders": -67531000.0,
        "Average Dilution Earnings": 0.0,
        "Net Income Common Stockholders": -67531000.0,
        "Otherunder Preferred Stock Dividend": 46000.0,
        "Net Income": -67485000.0,
        "Minority Interests": -870000.0,
        "Net Income Including Noncontrolling Interests": -66615000.0,
        "Net Income Continuous Operations": -66615000.0,
        "Tax Provision": -21400000.0,
        "Pretax Income": -88015000.0,
        "Other Income Expense": -112066000.0,
        "Other Non Operating Income Expenses": 51823000.0,
        "Special Income Charges": 753000.0,
        "Gain On Sale Of Business": 753000.0,
        "Write Off": NaN,
        "Impairment Of Capital Assets": 0.0,
        "Earnings From Equity Interest": 1427000.0,
        "Gain On Sale Of Security": -166069000.0,
        "Net Non Operating Interest Income Expense": -15277000.0,
        "Interest Expense Non Operating": 15973000.0,
        "Interest Income Non Operating": 696000.0,
        "Operating Income": 39328000.0,
        "Operating Expense": 262146000.0,
        "Other Operating Expenses": NaN,
        "Depreciation Amortization Depletion Income Statement": 34302000.0,
        "Depreciation And Amortization In Income Statement": 34302000.0,
        "Amortization": 14889000.0,
        "Amortization Of Intangibles Income Statement": 14889000.0,
        "Depreciation Income Statement": 19413000.0,
        "Selling General And Administration": 227844000.0,
        "Gross Profit": 301474000.0,
        "Cost Of Revenue": 631828000.0,
        "Total Revenue": 933302000.0,
        "Operating Revenue": 933302000.0
    },
    "2023-06-30": {
        "Tax Effect Of Unusual Items": NaN,
        "Tax Rate For Calcs": NaN,
        "Normalized EBITDA": NaN,
        "Total Unusual Items": NaN,
        "Total Unusual Items Excluding Goodwill": NaN,
        "Net Income From Continuing Operation Net Minority Interest": NaN,
        "Reconciled Depreciation": NaN,
        "Reconciled Cost Of Revenue": NaN,
        "EBITDA": NaN,
        "EBIT": NaN,
        "Net Interest Income": NaN,
        "Interest Expense": NaN,
        "Interest Income": NaN,
        "Normalized Income": NaN,
        "Net Income From Continuing And Discontinued Operation": NaN,
        "Total Expenses": NaN,
        "Total Operating Income As Reported": NaN,
        "Diluted Average Shares": 4713000.0,
        "Basic Average Shares": 4700000.0,
        "Diluted EPS": 25.89,
        "Basic EPS": 25.96,
        "Diluted NI Availto Com Stockholders": NaN,
        "Average Dilution Earnings": NaN,
        "Net Income Common Stockholders": NaN,
        "Otherunder Preferred Stock Dividend": NaN,
        "Net Income": NaN,
        "Minority Interests": NaN,
        "Net Income Including Noncontrolling Interests": NaN,
        "Net Income Continuous Operations": NaN,
        "Tax Provision": NaN,
        "Pretax Income": NaN,
        "Other Income Expense": NaN,
        "Other Non Operating Income Expenses": NaN,
        "Special Income Charges": NaN,
        "Gain On Sale Of Business": NaN,
        "Write Off": NaN,
        "Impairment Of Capital Assets": NaN,
        "Earnings From Equity Interest": NaN,
        "Gain On Sale Of Security": NaN,
        "Net Non Operating Interest Income Expense": NaN,
        "Interest Expense Non Operating": NaN,
        "Interest Income Non Operating": NaN,
        "Operating Income": NaN,
        "Operating Expense": NaN,
        "Depreciation Amortization Depletion Income Statement": NaN,
        "Depreciation And Amortization In Income Statement": NaN,
        "Amortization": NaN,
        "Amortization Of Intangibles Income Statement": NaN,
        "Depreciation Income Statement": NaN,
        "Selling General And Administration": NaN,
        "General And Administrative Expense": 214868000.0,
        "Other Gand A": 244683000.0,
        "Salaries And Wages": -29815000.0,
        "Gross Profit": NaN,
        "Cost Of Revenue": NaN,
        "Total Revenue": NaN,
        "Operating Revenue": NaN
    },
    "2022-03-31": {
        "Diluted EPS": 19.45,
        "Total Revenue": 915,
        "Gross Profit": 299,
        "Operating Income": 40,
        "EBIT": 92,
        "Net Income": 96
    },
    "2021-12-31": {
        "Diluted EPS": 17.12,
        "Total Revenue": 863,
        "Gross Profit": 302,
        "Operating Income": 23,
        "EBIT": 76,
        "Net Income": 85
    },
    "2021-09-30": {
        "Diluted EPS": 7.9,
        "Total Revenue": 809,
        "Gross Profit": 261,
        "Operating Income": -17,
        "EBIT": 63,
        "Net Income": 40
    },
    "2021-06-30": {
        "Diluted EPS": 22.99,
        "Total Revenue": 801,
        "Gross Profit": 267,
        "Operating Income": 38,
        "EBIT": 90,
        "Net Income": 115
    },
    "2021-03-31": {
        "Diluted EPS": 22.44,
        "Total Revenue": 712,
        "Gross Profit": 241,
        "Operating Income": 34,
        "EBIT": 84,
        "Net Income": 112
    },
    "2020-12-31": {
        "Diluted EPS": 45.63,
        "Total Revenue": 787,
        "Gross Profit": 286,
        "Operating Income": 46,
        "EBIT": 97,
        "Net Income": 237
    },
    "2020-09-30": {
        "Diluted EPS": 15.22,
        "Total Revenue": 717,
        "Gross Profit": 241,
        "Operating Income": 40,
        "EBIT": 94,
        "Net Income": 78
    },
    "2020-06-30": {
        "Diluted EPS": 3.6,
        "Total Revenue": 653,
        "Gross Profit": 217,
        "Operating Income": 6,
        "EBIT": 82,
        "Net Income": 19
    },
    "2020-03-31": {
        "Diluted EPS": -6.32,
        "Total Revenue": 732,
        "Gross Profit": 233,
        "Operating Income": 8,
        "EBIT": 79,
        "Net Income": -33
    },
    "2019-12-31": {
        "Diluted EPS": 27.25,
        "Total Revenue": 763,
        "Gross Profit": 266,
        "Operating Income": 30,
        "EBIT": 91,
        "Net Income": 146
    },
    "2019-09-30": {
        "Diluted EPS": 8.05,
        "Total Revenue": 739,
        "Gross Profit": 221,
        "Operating Income": 16,
        "EBIT": 66,
        "Net Income": 43
    },
    "2019-06-30": {
        "Diluted EPS": 10.65,
        "Total Revenue": 738,
        "Gross Profit": 256,
        "Operating Income": 58,
        "EBIT": 106,
        "Net Income": 57
    },
    "2019-03-31": {
        "Diluted EPS": 15.26,
        "Total Revenue": 692,
        "Gross Profit": 241,
        "Operating Income": 40,
        "EBIT": 87,
        "Net Income": 82
    },
    "2018-12-31": {
        "Diluted EPS": 10.51,
        "Total Revenue": 689,
        "Gross Profit": 357,
        "Operating Income": 76,
        "EBIT": 104,
        "Net Income": 57
    },
    "2018-09-30": {
        "Diluted EPS": 23.28,
        "Total Revenue": 675,
        "Gross Profit": 226,
        "Operating Income": 61,
        "EBIT": 95,
        "Net Income": 125
    },
    "2018-06-30": {
        "Diluted EPS": 8.63,
        "Total Revenue": 673,
        "Gross Profit": 232,
        "Operating Income": 66,
        "EBIT": 91,
        "Net Income": 47
    },
    "2018-03-31": {
        "Diluted EPS": 7.78,
        "Total Revenue": 659,
        "Gross Profit": 294,
        "Operating Income": 44,
        "EBIT": 69,
        "Net Income": 43
    },
    "2017-12-31": {
        "Diluted EPS": 38.26,
        "Total Revenue": 676,
        "Gross Profit": 304,
        "Operating Income": 49,
        "EBIT": 78,
        "Net Income": 214
    },
    "2017-09-30": {
        "Diluted EPS": 4.42,
        "Total Revenue": 657,
        "Gross Profit": 282,
        "Operating Income": 27,
        "EBIT": 54,
        "Net Income": 25
    },
    "2017-06-30": {
        "Diluted EPS": 7.46,
        "Total Revenue": 676,
        "Gross Profit": 294,
        "Operating Income": 50,
        "EBIT": 85,
        "Net Income": 42
    },
    "2017-03-31": {
        "Diluted EPS": 3.75,
        "Total Revenue": 583,
        "Gross Profit": 257,
        "Operating Income": 10,
        "EBIT": 32,
        "Net Income": 21
    },
    "2016-12-31": {
        "Diluted EPS": 6.58,
        "Total Revenue": 630,
        "Gross Profit": 240,
        "Operating Income": 29,
        "EBIT": 54,
        "Net Income": 51
    },
    "2016-09-30": {
        "Diluted EPS": 5.87,
        "Total Revenue": 622,
        "Gross Profit": 328,
        "Operating Income": 68,
        "EBIT": 91,
        "Net Income": 33
    },
    "2016-06-30": {
        "Diluted EPS": 10.76,
        "Total Revenue": 629,
        "Gross Profit": 333,
        "Operating Income": 74,
        "EBIT": 96,
        "Net Income": 61
    },
    "2016-03-31": {
        "Diluted EPS": 6.59,
        "Total Revenue": 602,
        "Gross Profit": 310,
        "Operating Income": 52,
        "EBIT": 75,
        "Net Income": 24
    },
    "2015-12-31": {
        "Diluted EPS": 9.03,
        "Total Revenue": 616,
        "Gross Profit": 333,
        "Operating Income": 68,
        "EBIT": 93,
        "Net Income": 51
    },
    "2015-09-30": {
        "Diluted EPS": -40.25,
        "Total Revenue": 641,
        "Gross Profit": 339,
        "Operating Income": -214,
        "EBIT": 54,
        "Net Income": -231
    },
    "2015-06-30": {
        "Diluted EPS": 9.87,
        "Total Revenue": 681,
        "Gross Profit": 370,
        "Operating Income": 56,
        "EBIT": 129,
        "Net Income": 58
    },
    "2015-03-31": {
        "Diluted EPS": 3.48,
        "Total Revenue": 647,
        "Gross Profit": 338,
        "Operating Income": 9,
        "EBIT": 72,
        "Net Income": 21
    },
    "2014-12-31": {
        "Diluted EPS": 63.64,
        "Total Revenue": 323,
        "Gross Profit": 160,
        "Operating Income": 11,
        "EBIT": 87,
        "Net Income": 334
    },
    "2014-09-30": {
        "Diluted EPS": 13.12,
        "Total Revenue": 703,
        "Gross Profit": 377,
        "Operating Income": 41,
        "EBIT": 94,
        "Net Income": 76
    },
    "2014-06-30": {
        "Diluted EPS": 100.48,
        "Total Revenue": 874,
        "Gross Profit": 479,
        "Operating Income": 102,
        "EBIT": 165,
        "Net Income": 750
    },
    "2014-03-31": {
        "Diluted EPS": 17.79,
        "Total Revenue": 837,
        "Gross Profit": 460,
        "Operating Income": 79,
        "EBIT": 136,
        "Net Income": 132
    },
    "2013-12-31": {
        "Diluted EPS": 21.34,
        "Total Revenue": 53,
        "Gross Profit": 7,
        "Operating Income": -73,
        "EBIT": -6,
        "Net Income": 156
    },
    "2013-09-30": {
        "Diluted EPS": 4.05,
        "Total Revenue": 856,
        "Gross Profit": 463,
        "Operating Income": 79,
        "EBIT": 143,
        "Net Income": 30
    },
    "2013-06-30": {
        "Diluted EPS": 6.02,
        "Total Revenue": 871,
        "Gross Profit": 476,
        "Operating Income": 96,
        "EBIT": 163,
        "Net Income": 45
    },
    "2013-03-31": {
        "Diluted EPS": 0.64,
        "Total Revenue": 821,
        "Gross Profit": 444,
        "Operating Income": 47,
        "EBIT": 117,
        "Net Income": 5
    },
    "2012-12-31": {
        "Diluted EPS": -6.16,
        "Total Revenue": 550,
        "Gross Profit": 345,
        "Operating Income": -29,
        "EBIT": 59,
        "Net Income": -45
    },
    "2012-09-30": {
        "Diluted EPS": 12.64,
        "Total Revenue": 878,
        "Gross Profit": 470,
        "Operating Income": 93,
        "EBIT": 162,
        "Net Income": 94
    },
    "2012-06-30": {
        "Diluted EPS": 6.84,
        "Total Revenue": 989,
        "Gross Profit": 527,
        "Operating Income": 63,
        "EBIT": 131,
        "Net Income": 52
    },
    "2012-03-31": {
        "Diluted EPS": 4.07,
        "Total Revenue": 956,
        "Gross Profit": 495,
        "Operating Income": 21,
        "EBIT": 89,
        "Net Income": 31
    },
    "2011-12-31": {
        "Diluted EPS": 7.91,
        "Total Revenue": 410,
        "Gross Profit": 311,
        "Operating Income": 125,
        "EBIT": 196,
        "Net Income": 62
    },
    "2011-09-30": {
        "Diluted EPS": -0.82,
        "Total Revenue": NaN,
        "Gross Profit": 526,
        "Operating Income": 70,
        "EBIT": 154,
        "Net Income": -6
    },
    "2011-06-30": {
        "Diluted EPS": 5.74,
        "Total Revenue": NaN,
        "Gross Profit": 560,
        "Operating Income": 82,
        "EBIT": 155,
        "Net Income": 46
    },
    "2011-03-31": {
        "Diluted EPS": 1.87,
        "Total Revenue": NaN,
        "Gross Profit": 566,
        "Operating Income": 57,
        "EBIT": 127,
        "Net Income": 15
    },
    "2010-12-31": {
        "Diluted EPS": 9.29,
        "Total Revenue": NaN,
        "Gross Profit": 634,
        "Operating Income": 195,
        "EBIT": 266,
        "Net Income": 79
    },
    "2010-09-30": {
        "Diluted EPS": 6.84,
        "Total Revenue": NaN,
        "Gross Profit": 704,
        "Operating Income": 137,
        "EBIT": 234,
        "Net Income": 61
    },
    "2010-06-30": {
        "Diluted EPS": 10.0,
        "Total Revenue": NaN,
        "Gross Profit": 726,
        "Operating Income": 167,
        "EBIT": 237,
        "Net Income": 92
    },
    "2010-03-31": {
        "Diluted EPS": 4.91,
        "Total Revenue": NaN,
        "Gross Profit": 672,
        "Operating Income": 103,
        "EBIT": 172,
        "Net Income": 45
    },
    "2009-12-31": {
        "Diluted EPS": 8.71,
        "Total Revenue": NaN,
        "Gross Profit": 636,
        "Operating Income": 216,
        "EBIT": 261,
        "Net Income": 82
    },
    "2009-09-30": {
        "Diluted EPS": 1.81,
        "Total Revenue": NaN,
        "Gross Profit": 647,
        "Operating Income": 75,
        "EBIT": 177,
        "Net Income": 17
    },
    "2009-06-30": {
        "Diluted EPS": 1.3,
        "Total Revenue": NaN,
        "Gross Profit": 605,
        "Operating Income": 19,
        "EBIT": 110,
        "Net Income": 12
    },
    "2009-03-31": {
        "Diluted EPS": -2.04,
        "Total Revenue": NaN,
        "Gross Profit": 559,
        "Operating Income": -20,
        "EBIT": 65,
        "Net Income": -19
    },
    "2023-09-30": {
        "Tax Effect Of Unusual Items": NaN,
        "Tax Rate For Calcs": NaN,
        "Normalized EBITDA": NaN,
        "Total Unusual Items": NaN,
        "Total Unusual Items Excluding Goodwill": NaN,
        "Net Income From Continuing Operation Net Minority Interest": NaN,
        "Reconciled Depreciation": NaN,
        "Reconciled Cost Of Revenue": NaN,
        "EBITDA": NaN,
        "EBIT": NaN,
        "Net Interest Income": NaN,
        "Interest Expense": NaN,
        "Interest Income": NaN,
        "Normalized Income": NaN,
        "Net Income From Continuing And Discontinued Operation": NaN,
        "Total Expenses": NaN,
        "Total Operating Income As Reported": NaN,
        "Diluted Average Shares": 4602000.0,
        "Basic Average Shares": 4602000.0,
        "Diluted EPS": -5.02,
        "Basic EPS": -5.02,
        "Diluted NI Availto Com Stockholders": NaN,
        "Average Dilution Earnings": NaN,
        "Net Income Common Stockholders": NaN,
        "Otherunder Preferred Stock Dividend": NaN,
        "Net Income": NaN,
        "Minority Interests": NaN,
        "Net Income Including Noncontrolling Interests": NaN,
        "Net Income Continuous Operations": NaN,
        "Tax Provision": NaN,
        "Pretax Income": NaN,
        "Other Income Expense": NaN,
        "Other Non Operating Income Expenses": NaN,
        "Special Income Charges": NaN,
        "Gain On Sale Of Business": NaN,
        "Write Off": NaN,
        "Impairment Of Capital Assets": 98321000.0,
        "Earnings From Equity Interest": NaN,
        "Gain On Sale Of Security": NaN,
        "Net Non Operating Interest Income Expense": NaN,
        "Interest Expense Non Operating": NaN,
        "Interest Income Non Operating": NaN,
        "Operating Income": NaN,
        "Operating Expense": NaN,
        "Depreciation Amortization Depletion Income Statement": NaN,
        "Depreciation And Amortization In Income Statement": NaN,
        "Amortization": NaN,
        "Amortization Of Intangibles Income Statement": NaN,
        "Depreciation Income Statement": NaN,
        "Selling General And Administration": NaN,
        "General And Administrative Expense": 219104000.0,
        "Other Gand A": 254757000.0,
        "Salaries And Wages": -35653000.0,
        "Gross Profit": NaN,
        "Cost Of Revenue": NaN,
        "Total Revenue": NaN,
        "Operating Revenue": NaN
    },
    "2023-12-31": {
        "Tax Effect Of Unusual Items": NaN,
        "Tax Rate For Calcs": NaN,
        "Normalized EBITDA": NaN,
        "Total Unusual Items": NaN,
        "Total Unusual Items Excluding Goodwill": NaN,
        "Net Income From Continuing Operation Net Minority Interest": NaN,
        "Reconciled Depreciation": NaN,
        "Reconciled Cost Of Revenue": NaN,
        "EBITDA": NaN,
        "EBIT": NaN,
        "Net Interest Income": NaN,
        "Interest Expense": NaN,
        "Interest Income": NaN,
        "Normalized Income": NaN,
        "Net Income From Continuing And Discontinued Operation": NaN,
        "Total Expenses": NaN,
        "Total Operating Income As Reported": NaN,
        "Diluted Average Shares": NaN,
        "Basic Average Shares": NaN,
        "Diluted EPS": NaN,
        "Basic EPS": NaN,
        "Diluted NI Availto Com Stockholders": NaN,
        "Average Dilution Earnings": NaN,
        "Net Income Common Stockholders": NaN,
        "Otherunder Preferred Stock Dividend": NaN,
        "Net Income": NaN,
        "Minority Interests": NaN,
        "Net Income Including Noncontrolling Interests": NaN,
        "Net Income Continuous Operations": NaN,
        "Tax Provision": NaN,
        "Pretax Income": NaN,
        "Other Income Expense": NaN,
        "Other Non Operating Income Expenses": NaN,
        "Special Income Charges": NaN,
        "Gain On Sale Of Business": NaN,
        "Write Off": NaN,
        "Impairment Of Capital Assets": 0.0,
        "Earnings From Equity Interest": NaN,
        "Gain On Sale Of Security": NaN,
        "Net Non Operating Interest Income Expense": NaN,
        "Interest Expense Non Operating": NaN,
        "Interest Income Non Operating": NaN,
        "Operating Income": NaN,
        "Operating Expense": NaN,
        "Depreciation Amortization Depletion Income Statement": NaN,
        "Depreciation And Amortization In Income Statement": NaN,
        "Amortization": NaN,
        "Amortization Of Intangibles Income Statement": NaN,
        "Depreciation Income Statement": NaN,
        "Selling General And Administration": NaN,
        "General And Administrative Expense": 229480000.0,
        "Other Gand A": 265979000.0,
        "Salaries And Wages": -36499000.0,
        "Gross Profit": NaN,
        "Cost Of Revenue": NaN,
        "Total Revenue": NaN,
        "Operating Revenue": NaN
    },
    "2024-03-31": {
        "Tax Effect Of Unusual Items": NaN,
        "Tax Rate For Calcs": NaN,
        "Normalized EBITDA": NaN,
        "Total Unusual Items": NaN,
        "Total Unusual Items Excluding Goodwill": NaN,
        "Net Income From Continuing Operation Net Minority Interest": NaN,
        "Reconciled Depreciation": NaN,
        "Reconciled Cost Of Revenue": NaN,
        "EBITDA": NaN,
        "EBIT": NaN,
        "Net Interest Income": NaN,
        "Interest Expense": NaN,
        "Interest Income": NaN,
        "Normalized Income": NaN,
        "Net Income From Continuing And Discontinued Operation": NaN,
        "Total Expenses": NaN,
        "Total Operating Income As Reported": NaN,
        "Diluted Average Shares": NaN,
        "Basic Average Shares": NaN,
        "Diluted EPS": NaN,
        "Basic EPS": NaN,
        "Diluted NI Availto Com Stockholders": NaN,
        "Average Dilution Earnings": NaN,
        "Net Income Common Stockholders": NaN,
        "Otherunder Preferred Stock Dividend": NaN,
        "Net Income": NaN,
        "Minority Interests": NaN,
        "Net Income Including Noncontrolling Interests": NaN,
        "Net Income Continuous Operations": NaN,
        "Tax Provision": NaN,
        "Pretax Income": NaN,
        "Other Income Expense": NaN,
        "Other Non Operating Income Expenses": NaN,
        "Special Income Charges": NaN,
        "Gain On Sale Of Business": NaN,
        "Write Off": NaN,
        "Impairment Of Capital Assets": NaN,
        "Earnings From Equity Interest": NaN,
        "Gain On Sale Of Security": NaN,
        "Net Non Operating Interest Income Expense": NaN,
        "Interest Expense Non Operating": NaN,
        "Interest Income Non Operating": NaN,
        "Operating Income": NaN,
        "Operating Expense": NaN,
        "Depreciation Amortization Depletion Income Statement": NaN,
        "Depreciation And Amortization In Income Statement": NaN,
        "Amortization": NaN,
        "Amortization Of Intangibles Income Statement": NaN,
        "Depreciation Income Statement": NaN,
        "Selling General And Administration": NaN,
        "General And Administrative Expense": 221562000.0,
        "Other Gand A": 263979000.0,
        "Salaries And Wages": -42417000.0,
        "Gross Profit": NaN,
        "Cost Of Revenue": NaN,
        "Total Revenue": NaN,
        "Operating Revenue": NaN
    },
    "2024-06-30": {
        "Tax Effect Of Unusual Items": NaN,
        "Tax Rate For Calcs": NaN,
        "Normalized EBITDA": NaN,
        "Total Unusual Items": NaN,
        "Total Unusual Items Excluding Goodwill": NaN,
        "Net Income From Continuing Operation Net Minority Interest": NaN,
        "Reconciled Depreciation": NaN,
        "Reconciled Cost Of Revenue": NaN,
        "EBITDA": NaN,
        "EBIT": NaN,
        "Net Interest Income": NaN,
        "Interest Expense": NaN,
        "Interest Income": NaN,
        "Normalized Income": NaN,
        "Net Income From Continuing And Discontinued Operation": NaN,
        "Total Expenses": NaN,
        "Total Operating Income As Reported": NaN,
        "Diluted Average Shares": NaN,
        "Basic Average Shares": NaN,
        "Diluted EPS": NaN,
        "Basic EPS": NaN,
        "Diluted NI Availto Com Stockholders": NaN,
        "Average Dilution Earnings": NaN,
        "Net Income Common Stockholders": NaN,
        "Otherunder Preferred Stock Dividend": NaN,
        "Net Income": NaN,
        "Minority Interests": NaN,
        "Net Income Including Noncontrolling Interests": NaN,
        "Net Income Continuous Operations": NaN,
        "Tax Provision": NaN,
        "Pretax Income": NaN,
        "Other Income Expense": NaN,
        "Other Non Operating Income Expenses": NaN,
        "Special Income Charges": NaN,
        "Gain On Sale Of Business": NaN,
        "Write Off": NaN,
        "Impairment Of Capital Assets": 26287000.0,
        "Earnings From Equity Interest": NaN,
        "Gain On Sale Of Security": NaN,
        "Net Non Operating Interest Income Expense": NaN,
        "Interest Expense Non Operating": NaN,
        "Interest Income Non Operating": NaN,
        "Operating Income": NaN,
        "Operating Expense": NaN,
        "Depreciation Amortization Depletion Income Statement": NaN,
        "Depreciation And Amortization In Income Statement": NaN,
        "Amortization": NaN,
        "Amortization Of Intangibles Income Statement": NaN,
        "Depreciation Income Statement": NaN,
        "Selling General And Administration": NaN,
        "General And Administrative Expense": 244332000.0,
        "Other Gand A": 268987000.0,
        "Salaries And Wages": -24655000.0,
        "Gross Profit": NaN,
        "Cost Of Revenue": NaN,
        "Total Revenue": NaN,
        "Operating Revenue": NaN
    },
    "2024-09-30": {
        "Tax Effect Of Unusual Items": 10183901.739731,
        "Tax Rate For Calcs": 0.34069,
        "Normalized EBITDA": 180146000.0,
        "Total Unusual Items": 29892000.0,
        "Total Unusual Items Excluding Goodwill": 29892000.0,
        "Net Income From Continuing Operation Net Minority Interest": 72503000.0,
        "Reconciled Depreciation": 71136000.0,
        "Reconciled Cost Of Revenue": 785362000.0,
        "EBITDA": 210038000.0,
        "EBIT": 138902000.0,
        "Net Interest Income": -23619000.0,
        "Interest Expense": 25896000.0,
        "Interest Income": 2277000.0,
        "Normalized Income": 52794901.739731,
        "Net Income From Continuing And Discontinued Operation": 72503000.0,
        "Total Expenses": 1125514000.0,
        "Total Operating Income As Reported": 81648000.0,
        "Diluted Average Shares": 4384000.0,
        "Basic Average Shares": 4352000.0,
        "Diluted EPS": 16.42,
        "Basic EPS": 16.54,
        "Diluted NI Availto Com Stockholders": 72007000.0,
        "Average Dilution Earnings": 3000.0,
        "Net Income Common Stockholders": 72004000.0,
        "Otherunder Preferred Stock Dividend": 52000.0,
        "Net Income": 72503000.0,
        "Minority Interests": -2003000.0,
        "Net Income Including Noncontrolling Interests": 74506000.0,
        "Net Income Continuous Operations": 74506000.0,
        "Tax Provision": 38500000.0,
        "Pretax Income": 113006000.0,
        "Other Income Expense": 54977000.0,
        "Other Non Operating Income Expenses": 38446000.0,
        "Special Income Charges": 3763000.0,
        "Gain On Sale Of Business": 3763000.0,
        "Write Off": 0.0,
        "Impairment Of Capital Assets": 0.0,
        "Earnings From Equity Interest": -13361000.0,
        "Gain On Sale Of Security": 26129000.0,
        "Net Non Operating Interest Income Expense": -23619000.0,
        "Interest Expense Non Operating": 25896000.0,
        "Interest Income Non Operating": 2277000.0,
        "Operating Income": 81648000.0,
        "Operating Expense": 298733000.0,
        "Depreciation Amortization Depletion Income Statement": 29717000.0,
        "Depreciation And Amortization In Income Statement": 29717000.0,
        "Amortization": 8385000.0,
        "Amortization Of Intangibles Income Statement": 8385000.0,
        "Depreciation Income Statement": 21332000.0,
        "Selling General And Administration": 269016000.0,
        "General And Administrative Expense": NaN,
        "Other Gand A": NaN,
        "Salaries And Wages": NaN,
        "Gross Profit": 380381000.0,
        "Cost Of Revenue": 826781000.0,
        "Total Revenue": 1207162000.0,
        "Operating Revenue": 1207162000.0
    },
    "2024-12-31": {
        "Tax Effect Of Unusual Items": 3487027.318134,
        "Tax Rate For Calcs": 0.271914,
        "Normalized EBITDA": 862291000.0,
        "Total Unusual Items": 12824000.0,
        "Total Unusual Items Excluding Goodwill": 12824000.0,
        "Net Income From Continuing Operation Net Minority Interest": 548791000.0,
        "Reconciled Depreciation": 67981000.0,
        "Reconciled Cost Of Revenue": 806888000.0,
        "EBITDA": 875115000.0,
        "EBIT": 807134000.0,
        "Net Interest Income": -46240000.0,
        "Interest Expense": 49542000.0,
        "Interest Income": 3302000.0,
        "Normalized Income": 539454027.318134,
        "Net Income From Continuing And Discontinued Operation": 548791000.0,
        "Total Expenses": 1149762000.0,
        "Total Operating Income As Reported": 72503000.0,
        "Diluted Average Shares": 4341000.0,
        "Basic Average Shares": 4305000.0,
        "Diluted EPS": 125.55,
        "Basic EPS": 126.63,
        "Diluted NI Availto Com Stockholders": 545127000.0,
        "Average Dilution Earnings": 29000.0,
        "Net Income Common Stockholders": 545098000.0,
        "Otherunder Preferred Stock Dividend": 4693000.0,
        "Net Income": 548791000.0,
        "Minority Interests": -2801000.0,
        "Net Income Including Noncontrolling Interests": 551592000.0,
        "Net Income Continuous Operations": 551592000.0,
        "Tax Provision": 206000000.0,
        "Pretax Income": 757592000.0,
        "Other Income Expense": 707794000.0,
        "Other Non Operating Income Expenses": 689803000.0,
        "Special Income Charges": -23535000.0,
        "Gain On Sale Of Business": 0.0,
        "Write Off": 0.0,
        "Impairment Of Capital Assets": 23535000.0,
        "Earnings From Equity Interest": 5167000.0,
        "Gain On Sale Of Security": 36359000.0,
        "Net Non Operating Interest Income Expense": -46240000.0,
        "Interest Expense Non Operating": 49542000.0,
        "Interest Income Non Operating": 3302000.0,
        "Operating Income": 96038000.0,
        "Operating Expense": 303832000.0,
        "Depreciation Amortization Depletion Income Statement": 28939000.0,
        "Depreciation And Amortization In Income Statement": 28939000.0,
        "Amortization": 7925000.0,
        "Amortization Of Intangibles Income Statement": 7925000.0,
        "Depreciation Income Statement": 21014000.0,
        "Selling General And Administration": 274893000.0,
        "General And Administrative Expense": NaN,
        "Other Gand A": NaN,
        "Salaries And Wages": NaN,
        "Gross Profit": 399870000.0,
        "Cost Of Revenue": 845930000.0,
        "Total Revenue": 1245800000.0,
        "Operating Revenue": 1245800000.0
    },
    "2025-03-31": {
        "Tax Effect Of Unusual Items": 9264170.0,
        "Tax Rate For Calcs": 0.235,
        "Normalized EBITDA": 118957000.0,
        "Total Unusual Items": 39422000.0,
        "Total Unusual Items Excluding Goodwill": 39422000.0,
        "Net Income From Continuing Operation Net Minority Interest": 23894000.0,
        "Reconciled Depreciation": 42481000.0,
        "Reconciled Cost Of Revenue": 805255000.0,
        "EBITDA": 158379000.0,
        "EBIT": 115898000.0,
        "Net Interest Income": -79777000.0,
        "Interest Expense": 82277000.0,
        "Interest Income": 2500000.0,
        "Normalized Income": -6263830.0,
        "Net Income From Continuing And Discontinued Operation": 23894000.0,
        "Total Expenses": 1118442000.0,
        "Total Operating Income As Reported": 47473000.0,
        "Diluted Average Shares": 4358000.0,
        "Basic Average Shares": 4320000.0,
        "Diluted EPS": 5.45,
        "Basic EPS": 5.5,
        "Diluted NI Availto Com Stockholders": 23745000.0,
        "Average Dilution Earnings": 0.0,
        "Net Income Common Stockholders": 23745000.0,
        "Otherunder Preferred Stock Dividend": 99000.0,
        "Net Income": 23894000.0,
        "Minority Interests": -1827000.0,
        "Net Income Including Noncontrolling Interests": 25721000.0,
        "Net Income Continuous Operations": 25721000.0,
        "Tax Provision": 7900000.0,
        "Pretax Income": 33621000.0,
        "Other Income Expense": 65925000.0,
        "Other Non Operating Income Expenses": 34931000.0,
        "Special Income Charges": 0.0,
        "Gain On Sale Of Business": 0.0,
        "Write Off": 0.0,
        "Impairment Of Capital Assets": NaN,
        "Earnings From Equity Interest": -8428000.0,
        "Gain On Sale Of Security": 39422000.0,
        "Net Non Operating Interest Income Expense": -79777000.0,
        "Interest Expense Non Operating": 82277000.0,
        "Interest Income Non Operating": 2500000.0,
        "Operating Income": 47473000.0,
        "Operating Expense": 299084000.0,
        "Depreciation Amortization Depletion Income Statement": 28378000.0,
        "Depreciation And Amortization In Income Statement": 28378000.0,
        "Amortization": 7824000.0,
        "Amortization Of Intangibles Income Statement": 7824000.0,
        "Depreciation Income Statement": 20554000.0,
        "Selling General And Administration": 270706000.0,
        "General And Administrative Expense": NaN,
        "Other Gand A": NaN,
        "Salaries And Wages": NaN,
        "Gross Profit": 346557000.0,
        "Cost Of Revenue": 819358000.0,
        "Total Revenue": 1165915000.0,
        "Operating Revenue": 1165915000.0
    },
    "2025-06-30": {
        "Tax Effect Of Unusual Items": -9438417.762235,
        "Tax Rate For Calcs": 0.333207,
        "Normalized EBITDA": 148574000.0,
        "Total Unusual Items": -28326000.0,
        "Total Unusual Items Excluding Goodwill": -28326000.0,
        "Net Income From Continuing Operation Net Minority Interest": 36749000.0,
        "Reconciled Depreciation": 41519000.0,
        "Reconciled Cost Of Revenue": 824812000.0,
        "EBITDA": 120248000.0,
        "EBIT": 78729000.0,
        "Net Interest Income": -15845000.0,
        "Interest Expense": 18106000.0,
        "Interest Income": 2261000.0,
        "Normalized Income": 55636582.237765,
        "Net Income From Continuing And Discontinued Operation": 36749000.0,
        "Total Expenses": 1143021000.0,
        "Total Operating Income As Reported": 72751000.0,
        "Diluted Average Shares": 4373000.0,
        "Basic Average Shares": 4333000.0,
        "Diluted EPS": 8.35,
        "Basic EPS": 8.43,
        "Diluted NI Availto Com Stockholders": 36526000.0,
        "Average Dilution Earnings": 2000.0,
        "Net Income Common Stockholders": 36524000.0,
        "Otherunder Preferred Stock Dividend": 48000.0,
        "Net Income": 36749000.0,
        "Minority Interests": -3674000.0,
        "Net Income Including Noncontrolling Interests": 40423000.0,
        "Net Income Continuous Operations": 40423000.0,
        "Tax Provision": 20200000.0,
        "Pretax Income": 60623000.0,
        "Other Income Expense": 3717000.0,
        "Other Non Operating Income Expenses": 28929000.0,
        "Special Income Charges": -12308000.0,
        "Gain On Sale Of Business": 371000.0,
        "Write Off": 12679000.0,
        "Impairment Of Capital Assets": 0.0,
        "Earnings From Equity Interest": 3114000.0,
        "Gain On Sale Of Security": -16018000.0,
        "Net Non Operating Interest Income Expense": -15845000.0,
        "Interest Expense Non Operating": 18106000.0,
        "Interest Income Non Operating": 2261000.0,
        "Operating Income": 72751000.0,
        "Operating Expense": 303583000.0,
        "Depreciation Amortization Depletion Income Statement": 26893000.0,
        "Depreciation And Amortization In Income Statement": 26893000.0,
        "Amortization": 7241000.0,
        "Amortization Of Intangibles Income Statement": 7241000.0,
        "Depreciation Income Statement": 19652000.0,
        "Selling General And Administration": 276690000.0,
        "General And Administrative Expense": NaN,
        "Other Gand A": NaN,
        "Salaries And Wages": NaN,
        "Gross Profit": 376334000.0,
        "Cost Of Revenue": 839438000.0,
        "Total Revenue": 1215772000.0,
        "Operating Revenue": 1215772000.0
    },
    "2025-09-30": {
        "Tax Effect Of Unusual Items": 25506283.94104,
        "Tax Rate For Calcs": 0.310318,
        "Normalized EBITDA": 162498000.0,
        "Total Unusual Items": 82194000.0,
        "Total Unusual Items Excluding Goodwill": 82194000.0,
        "Net Income From Continuing Operation Net Minority Interest": 122925000.0,
        "Reconciled Depreciation": 44490000.0,
        "Reconciled Cost Of Revenue": 888895000.0,
        "EBITDA": 244692000.0,
        "EBIT": 200202000.0,
        "Net Interest Income": -15700000.0,
        "Interest Expense": 17164000.0,
        "Interest Income": 1464000.0,
        "Normalized Income": 66237283.94104,
        "Net Income From Continuing And Discontinued Operation": 122925000.0,
        "Total Expenses": 1209488000.0,
        "Total Operating Income As Reported": 67136000.0,
        "Diluted Average Shares": 4378000.0,
        "Basic Average Shares": 4334000.0,
        "Diluted EPS": 27.91,
        "Basic EPS": 28.19,
        "Diluted NI Availto Com Stockholders": 122182000.0,
        "Average Dilution Earnings": 7000.0,
        "Net Income Common Stockholders": 122175000.0,
        "Otherunder Preferred Stock Dividend": 49000.0,
        "Net Income": 122925000.0,
        "Minority Interests": -3313000.0,
        "Net Income Including Noncontrolling Interests": 126238000.0,
        "Net Income Continuous Operations": 126238000.0,
        "Tax Provision": 56800000.0,
        "Pretax Income": 183038000.0,
        "Other Income Expense": 129367000.0,
        "Other Non Operating Income Expenses": 31393000.0,
        "Special Income Charges": -3721000.0,
        "Gain On Sale Of Business": 0.0,
        "Write Off": 1486000.0,
        "Impairment Of Capital Assets": 2235000.0,
        "Earnings From Equity Interest": 15780000.0,
        "Gain On Sale Of Security": 85915000.0,
        "Net Non Operating Interest Income Expense": -15700000.0,
        "Interest Expense Non Operating": 17164000.0,
        "Interest Income Non Operating": 1464000.0,
        "Operating Income": 69371000.0,
        "Operating Expense": 305093000.0,
        "Depreciation Amortization Depletion Income Statement": 28990000.0,
        "Depreciation And Amortization In Income Statement": 28990000.0,
        "Amortization": 9692000.0,
        "Amortization Of Intangibles Income Statement": 9692000.0,
        "Depreciation Income Statement": 19298000.0,
        "Selling General And Administration": 276103000.0,
        "General And Administrative Expense": NaN,
        "Other Gand A": NaN,
        "Salaries And Wages": NaN,
        "Gross Profit": 374464000.0,
        "Cost Of Revenue": 904395000.0,
        "Total Revenue": 1278859000.0,
        "Operating Revenue": 1278859000.0
    }
}