{
    "2023-03-31": {
        "Tax Effect Of Unusual Items": NaN,
        "Tax Rate For Calcs": NaN,
        "Normalized EBITDA": NaN,
        "Net Income From Continuing Operation Net Minority Interest": NaN,
        "Reconciled Depreciation": NaN,
        "Reconciled Cost Of Revenue": NaN,
        "EBITDA": NaN,
        "EBIT": NaN,
        "Net Interest Income": NaN,
        "Interest Expense": NaN,
        "Normalized Income": NaN,
        "Net Income From Continuing And Discontinued Operation": NaN,
        "Total Expenses": NaN,
        "Total Operating Income As Reported": NaN,
        "Diluted Average Shares": NaN,
        "Basic Average Shares": NaN,
        "Diluted EPS": NaN,
        "Basic EPS": NaN,
        "Diluted NI Availto Com Stockholders": NaN,
        "Net Income Common Stockholders": NaN,
        "Otherunder Preferred Stock Dividend": NaN,
        "Net Income": NaN,
        "Net Income Including Noncontrolling Interests": NaN,
        "Net Income Discontinuous Operations": NaN,
        "Net Income Continuous Operations": NaN,
        "Tax Provision": NaN,
        "Pretax Income": NaN,
        "Net Non Operating Interest Income Expense": NaN,
        "Total Other Finance Cost": 200000.0,
        "Interest Expense Non Operating": NaN,
        "Operating Income": NaN,
        "Operating Expense": NaN,
        "Selling General And Administration": NaN,
        "Gross Profit": NaN,
        "Cost Of Revenue": NaN,
        "Total Revenue": NaN,
        "Operating Revenue": NaN
    },
    "2022-12-31": {
        "Tax Effect Of Unusual Items": NaN,
        "Tax Rate For Calcs": NaN,
        "Normalized EBITDA": NaN,
        "Net Income From Continuing Operation Net Minority Interest": NaN,
        "Reconciled Depreciation": NaN,
        "Reconciled Cost Of Revenue": NaN,
        "EBITDA": NaN,
        "EBIT": NaN,
        "Net Interest Income": NaN,
        "Interest Expense": -200000.0,
        "Normalized Income": NaN,
        "Net Income From Continuing And Discontinued Operation": NaN,
        "Total Expenses": NaN,
        "Total Operating Income As Reported": NaN,
        "Diluted Average Shares": NaN,
        "Basic Average Shares": NaN,
        "Diluted EPS": NaN,
        "Basic EPS": NaN,
        "Diluted NI Availto Com Stockholders": NaN,
        "Net Income Common Stockholders": NaN,
        "Otherunder Preferred Stock Dividend": NaN,
        "Net Income": NaN,
        "Net Income Including Noncontrolling Interests": NaN,
        "Net Income Discontinuous Operations": NaN,
        "Net Income Continuous Operations": NaN,
        "Tax Provision": NaN,
        "Pretax Income": NaN,
        "Net Non Operating Interest Income Expense": NaN,
        "Total Other Finance Cost": NaN,
        "Interest Expense Non Operating": -200000.0,
        "Operating Income": NaN,
        "Operating Expense": NaN,
        "Selling General And Administration": NaN,
        "Gross Profit": NaN,
        "Cost Of Revenue": NaN,
        "Total Revenue": NaN,
        "Operating Revenue": NaN
    },
    "2022-09-30": {
        "Tax Effect Of Unusual Items": NaN,
        "Tax Rate For Calcs": NaN,
        "Normalized EBITDA": NaN,
        "Net Income From Continuing Operation Net Minority Interest": NaN,
        "Reconciled Depreciation": NaN,
        "Reconciled Cost Of Revenue": NaN,
        "EBITDA": NaN,
        "EBIT": NaN,
        "Net Interest Income": NaN,
        "Interest Expense": 600000.0,
        "Normalized Income": NaN,
        "Net Income From Continuing And Discontinued Operation": NaN,
        "Total Expenses": NaN,
        "Total Operating Income As Reported": NaN,
        "Diluted Average Shares": NaN,
        "Basic Average Shares": NaN,
        "Diluted EPS": NaN,
        "Basic EPS": NaN,
        "Diluted NI Availto Com Stockholders": NaN,
        "Net Income Common Stockholders": NaN,
        "Net Income": NaN,
        "Net Income Including Noncontrolling Interests": NaN,
        "Net Income Discontinuous Operations": NaN,
        "Net Income Continuous Operations": NaN,
        "Tax Provision": NaN,
        "Pretax Income": NaN,
        "Net Non Operating Interest Income Expense": NaN,
        "Total Other Finance Cost": NaN,
        "Interest Expense Non Operating": 600000.0,
        "Operating Income": NaN,
        "Operating Expense": NaN,
        "Selling General And Administration": NaN,
        "Gross Profit": NaN,
        "Cost Of Revenue": NaN,
        "Total Revenue": NaN,
        "Operating Revenue": NaN
    },
    "2022-06-30": {
        "Tax Effect Of Unusual Items": 0.0,
        "Tax Rate For Calcs": 0.252,
        "Normalized EBITDA": 31400000.0,
        "Net Income From Continuing Operation Net Minority Interest": 22600000.0,
        "Reconciled Depreciation": 900000.0,
        "Reconciled Cost Of Revenue": 205500000.0,
        "EBITDA": 31400000.0,
        "EBIT": 30500000.0,
        "Net Interest Income": -300000.0,
        "Interest Expense": NaN,
        "Normalized Income": 22600000.0,
        "Net Income From Continuing And Discontinued Operation": 22800000.0,
        "Total Expenses": 288000000.0,
        "Total Operating Income As Reported": 30500000.0,
        "Diluted Average Shares": 38100000.0,
        "Basic Average Shares": 38000000.0,
        "Diluted EPS": 0.6,
        "Basic EPS": 0.6,
        "Diluted NI Availto Com Stockholders": 22800000.0,
        "Net Income Common Stockholders": 22800000.0,
        "Net Income": 22800000.0,
        "Net Income Including Noncontrolling Interests": 22800000.0,
        "Net Income Discontinuous Operations": 200000.0,
        "Net Income Continuous Operations": 22600000.0,
        "Tax Provision": 7600000.0,
        "Pretax Income": 30200000.0,
        "Net Non Operating Interest Income Expense": -300000.0,
        "Total Other Finance Cost": 300000.0,
        "Interest Expense Non Operating": NaN,
        "Operating Income": 30500000.0,
        "Operating Expense": 82500000.0,
        "Selling General And Administration": 82500000.0,
        "Gross Profit": 113000000.0,
        "Cost Of Revenue": 205500000.0,
        "Total Revenue": 318500000.0,
        "Operating Revenue": 318500000.0
    },
    "2023-06-30": {
        "Tax Effect Of Unusual Items": NaN,
        "Tax Rate For Calcs": NaN,
        "Normalized EBITDA": NaN,
        "Net Income From Continuing Operation Net Minority Interest": NaN,
        "Reconciled Depreciation": NaN,
        "Reconciled Cost Of Revenue": NaN,
        "EBITDA": NaN,
        "EBIT": NaN,
        "Net Interest Income": NaN,
        "Interest Expense": NaN,
        "Normalized Income": NaN,
        "Net Income From Continuing And Discontinued Operation": NaN,
        "Total Expenses": NaN,
        "Total Operating Income As Reported": NaN,
        "Diluted Average Shares": 38200000.0,
        "Basic Average Shares": 38100000.0,
        "Diluted EPS": 0.56,
        "Basic EPS": 0.56,
        "Diluted NI Availto Com Stockholders": NaN,
        "Net Income Common Stockholders": NaN,
        "Otherunder Preferred Stock Dividend": 0.0,
        "Net Income": NaN,
        "Net Income Including Noncontrolling Interests": NaN,
        "Net Income Discontinuous Operations": NaN,
        "Net Income Continuous Operations": NaN,
        "Tax Provision": NaN,
        "Pretax Income": NaN,
        "Net Non Operating Interest Income Expense": NaN,
        "Total Other Finance Cost": 300000.0,
        "Interest Expense Non Operating": NaN,
        "Operating Income": NaN,
        "Operating Expense": NaN,
        "Selling General And Administration": NaN,
        "Gross Profit": NaN,
        "Cost Of Revenue": NaN,
        "Total Revenue": NaN,
        "Operating Revenue": NaN
    },
    "2022-03-31": {
        "Diluted EPS": 0.58,
        "Total Revenue": 289,
        "Gross Profit": 108,
        "Operating Income": 30,
        "EBIT": 30,
        "Net Income": 22
    },
    "2021-12-31": {
        "Diluted EPS": 1.14,
        "Total Revenue": 262,
        "Gross Profit": 97,
        "Operating Income": 26,
        "EBIT": 27,
        "Net Income": 43
    },
    "2021-09-30": {
        "Diluted EPS": 0.61,
        "Total Revenue": 277,
        "Gross Profit": 102,
        "Operating Income": 31,
        "EBIT": 32,
        "Net Income": 23
    },
    "2021-06-30": {
        "Diluted EPS": 0.57,
        "Total Revenue": 273,
        "Gross Profit": 98,
        "Operating Income": 25,
        "EBIT": 26,
        "Net Income": 22
    },
    "2021-03-31": {
        "Diluted EPS": 0.39,
        "Total Revenue": 251,
        "Gross Profit": 77,
        "Operating Income": 7,
        "EBIT": 8,
        "Net Income": 15
    },
    "2020-12-31": {
        "Diluted EPS": 0.42,
        "Total Revenue": 274,
        "Gross Profit": 93,
        "Operating Income": 21,
        "EBIT": 22,
        "Net Income": 16
    },
    "2020-09-30": {
        "Diluted EPS": 0.65,
        "Total Revenue": 286,
        "Gross Profit": 102,
        "Operating Income": 31,
        "EBIT": 32,
        "Net Income": 25
    },
    "2020-06-30": {
        "Diluted EPS": 0.43,
        "Total Revenue": 242,
        "Gross Profit": 85,
        "Operating Income": 20,
        "EBIT": 21,
        "Net Income": 16
    },
    "2020-03-31": {
        "Diluted EPS": 0.21,
        "Total Revenue": 227,
        "Gross Profit": 77,
        "Operating Income": 12,
        "EBIT": 13,
        "Net Income": 8
    },
    "2019-12-31": {
        "Diluted EPS": 0.32,
        "Total Revenue": 222,
        "Gross Profit": 75,
        "Operating Income": 14,
        "EBIT": 16,
        "Net Income": 12
    },
    "2019-09-30": {
        "Diluted EPS": 0.33,
        "Total Revenue": 244,
        "Gross Profit": 84,
        "Operating Income": 19,
        "EBIT": 20,
        "Net Income": 13
    },
    "2019-06-30": {
        "Diluted EPS": 0.38,
        "Total Revenue": 249,
        "Gross Profit": 86,
        "Operating Income": 20,
        "EBIT": 21,
        "Net Income": 15
    },
    "2019-03-31": {
        "Diluted EPS": 0.25,
        "Total Revenue": 232,
        "Gross Profit": 80,
        "Operating Income": 13,
        "EBIT": 14,
        "Net Income": 10
    },
    "2018-12-31": {
        "Diluted EPS": 0.35,
        "Total Revenue": 218,
        "Gross Profit": 73,
        "Operating Income": 14,
        "EBIT": 15,
        "Net Income": 13
    },
    "2018-09-30": {
        "Diluted EPS": 4.72,
        "Total Revenue": 236,
        "Gross Profit": 82,
        "Operating Income": 18,
        "EBIT": 20,
        "Net Income": 179
    },
    "2018-06-30": {
        "Diluted EPS": 0.48,
        "Total Revenue": 231,
        "Gross Profit": 80,
        "Operating Income": 18,
        "EBIT": 19,
        "Net Income": 18
    },
    "2018-03-31": {
        "Diluted EPS": 0.38,
        "Total Revenue": 212,
        "Gross Profit": 73,
        "Operating Income": 11,
        "EBIT": 12,
        "Net Income": 15
    },
    "2017-12-31": {
        "Diluted EPS": 0.9,
        "Total Revenue": -28,
        "Gross Profit": 29,
        "Operating Income": -1,
        "EBIT": 0,
        "Net Income": 34
    },
    "2017-09-30": {
        "Diluted EPS": 0.3,
        "Total Revenue": 204,
        "Gross Profit": 71,
        "Operating Income": 13,
        "EBIT": 13,
        "Net Income": 11
    },
    "2017-06-30": {
        "Diluted EPS": 0.37,
        "Total Revenue": 313,
        "Gross Profit": 92,
        "Operating Income": 22,
        "EBIT": 23,
        "Net Income": 14
    },
    "2017-03-31": {
        "Diluted EPS": -0.5,
        "Total Revenue": 303,
        "Gross Profit": 82,
        "Operating Income": 12,
        "EBIT": 14,
        "Net Income": -19
    },
    "2016-12-31": {
        "Diluted EPS": -0.05,
        "Total Revenue": -122,
        "Gross Profit": 18,
        "Operating Income": -4,
        "EBIT": -3,
        "Net Income": -2
    },
    "2016-09-30": {
        "Diluted EPS": -0.16,
        "Total Revenue": 290,
        "Gross Profit": 76,
        "Operating Income": 3,
        "EBIT": 4,
        "Net Income": -6
    },
    "2016-06-30": {
        "Diluted EPS": -0.2,
        "Total Revenue": 298,
        "Gross Profit": 78,
        "Operating Income": 5,
        "EBIT": 7,
        "Net Income": -7
    },
    "2016-03-31": {
        "Diluted EPS": -0.47,
        "Total Revenue": 287,
        "Gross Profit": 67,
        "Operating Income": 3,
        "EBIT": 4,
        "Net Income": -17
    },
    "2015-12-31": {
        "Diluted EPS": -0.87,
        "Total Revenue": 465,
        "Gross Profit": 87,
        "Operating Income": 1,
        "EBIT": 0,
        "Net Income": -33
    },
    "2015-09-30": {
        "Diluted EPS": -0.27,
        "Total Revenue": 423,
        "Gross Profit": 83,
        "Operating Income": 3,
        "EBIT": 6,
        "Net Income": -10
    },
    "2015-06-30": {
        "Diluted EPS": -0.77,
        "Total Revenue": 454,
        "Gross Profit": 87,
        "Operating Income": -17,
        "EBIT": -15,
        "Net Income": -28
    },
    "2015-03-31": {
        "Diluted EPS": -0.77,
        "Total Revenue": 512,
        "Gross Profit": 87,
        "Operating Income": -12,
        "EBIT": -9,
        "Net Income": -29
    },
    "2014-12-31": {
        "Diluted EPS": -0.69,
        "Total Revenue": 552,
        "Gross Profit": 96,
        "Operating Income": -9,
        "EBIT": -9,
        "Net Income": -26
    },
    "2014-09-30": {
        "Diluted EPS": -0.08,
        "Total Revenue": 825,
        "Gross Profit": 118,
        "Operating Income": -3,
        "EBIT": 1,
        "Net Income": -3
    },
    "2014-06-30": {
        "Diluted EPS": -0.17,
        "Total Revenue": 831,
        "Gross Profit": 123,
        "Operating Income": -5,
        "EBIT": -2,
        "Net Income": -6
    },
    "2014-03-31": {
        "Diluted EPS": -0.08,
        "Total Revenue": 873,
        "Gross Profit": 128,
        "Operating Income": -1,
        "EBIT": 3,
        "Net Income": -3
    },
    "2013-12-31": {
        "Diluted EPS": -0.54,
        "Total Revenue": 874,
        "Gross Profit": 128,
        "Operating Income": -1,
        "EBIT": -3,
        "Net Income": -20
    },
    "2013-09-30": {
        "Diluted EPS": -0.31,
        "Total Revenue": 792,
        "Gross Profit": 117,
        "Operating Income": -4,
        "EBIT": 2,
        "Net Income": -12
    },
    "2013-06-30": {
        "Diluted EPS": -0.16,
        "Total Revenue": 806,
        "Gross Profit": 116,
        "Operating Income": -7,
        "EBIT": -2,
        "Net Income": -6
    },
    "2013-03-31": {
        "Diluted EPS": -0.17,
        "Total Revenue": 881,
        "Gross Profit": 122,
        "Operating Income": -9,
        "EBIT": -4,
        "Net Income": -6
    },
    "2012-12-31": {
        "Diluted EPS": -0.73,
        "Total Revenue": 935,
        "Gross Profit": 118,
        "Operating Income": -47,
        "EBIT": -43,
        "Net Income": -27
    },
    "2012-09-30": {
        "Diluted EPS": 0.38,
        "Total Revenue": 847,
        "Gross Profit": 119,
        "Operating Income": -2,
        "EBIT": 3,
        "Net Income": 14
    },
    "2012-06-30": {
        "Diluted EPS": -0.06,
        "Total Revenue": 849,
        "Gross Profit": 118,
        "Operating Income": -2,
        "EBIT": 3,
        "Net Income": -2
    },
    "2012-03-31": {
        "Diluted EPS": 0.19,
        "Total Revenue": 913,
        "Gross Profit": 131,
        "Operating Income": 11,
        "EBIT": 15,
        "Net Income": 7
    },
    "2011-12-31": {
        "Diluted EPS": 0.4,
        "Total Revenue": 978,
        "Gross Profit": 140,
        "Operating Income": 21,
        "EBIT": 25,
        "Net Income": 15
    },
    "2011-09-30": {
        "Diluted EPS": 0.29,
        "Total Revenue": 900,
        "Gross Profit": 131,
        "Operating Income": 19,
        "EBIT": 24,
        "Net Income": 11
    },
    "2011-06-30": {
        "Diluted EPS": 0.42,
        "Total Revenue": 872,
        "Gross Profit": 129,
        "Operating Income": 22,
        "EBIT": 26,
        "Net Income": 16
    },
    "2011-03-31": {
        "Diluted EPS": 0.36,
        "Total Revenue": 930,
        "Gross Profit": 130,
        "Operating Income": 19,
        "EBIT": 23,
        "Net Income": 14
    },
    "2010-12-31": {
        "Diluted EPS": 0.34,
        "Total Revenue": NaN,
        "Gross Profit": 136,
        "Operating Income": 20,
        "EBIT": 24,
        "Net Income": 13
    },
    "2010-09-30": {
        "Diluted EPS": 0.23,
        "Total Revenue": 863,
        "Gross Profit": 115,
        "Operating Income": 12,
        "EBIT": 16,
        "Net Income": 9
    },
    "2010-06-30": {
        "Diluted EPS": 0.25,
        "Total Revenue": 806,
        "Gross Profit": 113,
        "Operating Income": 16,
        "EBIT": 19,
        "Net Income": 9
    },
    "2010-03-31": {
        "Diluted EPS": 0.31,
        "Total Revenue": 915,
        "Gross Profit": 125,
        "Operating Income": 20,
        "EBIT": 24,
        "Net Income": 12
    },
    "2009-12-31": {
        "Diluted EPS": 0.5,
        "Total Revenue": 938,
        "Gross Profit": 126,
        "Operating Income": 31,
        "EBIT": 34,
        "Net Income": 18
    },
    "2009-09-30": {
        "Diluted EPS": 0.34,
        "Total Revenue": 754,
        "Gross Profit": 113,
        "Operating Income": 19,
        "EBIT": 22,
        "Net Income": 13
    },
    "2009-06-30": {
        "Diluted EPS": 0.17,
        "Total Revenue": 722,
        "Gross Profit": 107,
        "Operating Income": 9,
        "EBIT": 11,
        "Net Income": 6
    },
    "2009-03-31": {
        "Diluted EPS": 0.23,
        "Total Revenue": 752,
        "Gross Profit": 108,
        "Operating Income": 15,
        "EBIT": 18,
        "Net Income": 9
    },
    "2023-09-30": {
        "Tax Effect Of Unusual Items": NaN,
        "Tax Rate For Calcs": NaN,
        "Normalized EBITDA": NaN,
        "Net Income From Continuing Operation Net Minority Interest": NaN,
        "Reconciled Depreciation": NaN,
        "Reconciled Cost Of Revenue": NaN,
        "EBITDA": NaN,
        "EBIT": NaN,
        "Net Interest Income": NaN,
        "Interest Expense": 700000.0,
        "Normalized Income": NaN,
        "Net Income From Continuing And Discontinued Operation": NaN,
        "Total Expenses": NaN,
        "Total Operating Income As Reported": NaN,
        "Diluted Average Shares": NaN,
        "Basic Average Shares": NaN,
        "Diluted EPS": NaN,
        "Basic EPS": NaN,
        "Diluted NI Availto Com Stockholders": NaN,
        "Net Income Common Stockholders": NaN,
        "Otherunder Preferred Stock Dividend": NaN,
        "Net Income": NaN,
        "Net Income Including Noncontrolling Interests": NaN,
        "Net Income Discontinuous Operations": NaN,
        "Net Income Continuous Operations": NaN,
        "Tax Provision": NaN,
        "Pretax Income": NaN,
        "Net Non Operating Interest Income Expense": NaN,
        "Total Other Finance Cost": NaN,
        "Interest Expense Non Operating": 700000.0,
        "Operating Income": NaN,
        "Operating Expense": NaN,
        "Selling General And Administration": NaN,
        "Gross Profit": NaN,
        "Cost Of Revenue": NaN,
        "Total Revenue": NaN,
        "Operating Revenue": NaN
    },
    "2023-12-31": {
        "Tax Effect Of Unusual Items": NaN,
        "Tax Rate For Calcs": NaN,
        "Normalized EBITDA": NaN,
        "Net Income From Continuing Operation Net Minority Interest": NaN,
        "Reconciled Depreciation": NaN,
        "Reconciled Cost Of Revenue": NaN,
        "EBITDA": NaN,
        "EBIT": NaN,
        "Net Interest Income": NaN,
        "Interest Expense": -100000.0,
        "Interest Income": NaN,
        "Normalized Income": NaN,
        "Net Income From Continuing And Discontinued Operation": NaN,
        "Total Expenses": NaN,
        "Total Operating Income As Reported": NaN,
        "Diluted Average Shares": NaN,
        "Basic Average Shares": NaN,
        "Diluted EPS": NaN,
        "Basic EPS": NaN,
        "Diluted NI Availto Com Stockholders": NaN,
        "Average Dilution Earnings": NaN,
        "Net Income Common Stockholders": NaN,
        "Otherunder Preferred Stock Dividend": NaN,
        "Net Income": NaN,
        "Net Income Including Noncontrolling Interests": NaN,
        "Net Income Discontinuous Operations": NaN,
        "Net Income Continuous Operations": NaN,
        "Tax Provision": NaN,
        "Pretax Income": NaN,
        "Net Non Operating Interest Income Expense": NaN,
        "Total Other Finance Cost": NaN,
        "Interest Expense Non Operating": -100000.0,
        "Interest Income Non Operating": NaN,
        "Operating Income": NaN,
        "Operating Expense": NaN,
        "Selling General And Administration": NaN,
        "Gross Profit": NaN,
        "Cost Of Revenue": NaN,
        "Total Revenue": NaN,
        "Operating Revenue": NaN
    },
    "2024-03-31": {
        "Tax Effect Of Unusual Items": NaN,
        "Tax Rate For Calcs": NaN,
        "Normalized EBITDA": NaN,
        "Net Income From Continuing Operation Net Minority Interest": NaN,
        "Reconciled Depreciation": NaN,
        "Reconciled Cost Of Revenue": NaN,
        "EBITDA": NaN,
        "EBIT": NaN,
        "Net Interest Income": NaN,
        "Interest Expense": NaN,
        "Interest Income": NaN,
        "Normalized Income": NaN,
        "Net Income From Continuing And Discontinued Operation": NaN,
        "Total Expenses": NaN,
        "Total Operating Income As Reported": NaN,
        "Diluted Average Shares": NaN,
        "Basic Average Shares": NaN,
        "Diluted EPS": NaN,
        "Basic EPS": NaN,
        "Diluted NI Availto Com Stockholders": NaN,
        "Average Dilution Earnings": NaN,
        "Net Income Common Stockholders": NaN,
        "Otherunder Preferred Stock Dividend": NaN,
        "Net Income": NaN,
        "Net Income Including Noncontrolling Interests": NaN,
        "Net Income Discontinuous Operations": NaN,
        "Net Income Continuous Operations": NaN,
        "Tax Provision": NaN,
        "Pretax Income": NaN,
        "Net Non Operating Interest Income Expense": NaN,
        "Total Other Finance Cost": 200000.0,
        "Interest Expense Non Operating": NaN,
        "Interest Income Non Operating": NaN,
        "Operating Income": NaN,
        "Operating Expense": NaN,
        "Selling General And Administration": NaN,
        "Gross Profit": NaN,
        "Cost Of Revenue": NaN,
        "Total Revenue": NaN,
        "Operating Revenue": NaN
    },
    "2024-06-30": {
        "Tax Effect Of Unusual Items": 0.0,
        "Tax Rate For Calcs": 0.231939,
        "Normalized EBITDA": 28300000.0,
        "Net Income From Continuing Operation Net Minority Interest": 20200000.0,
        "Reconciled Depreciation": 1900000.0,
        "Reconciled Cost Of Revenue": 225300000.0,
        "EBITDA": 28300000.0,
        "EBIT": 26400000.0,
        "Net Interest Income": -100000.0,
        "Interest Expense": 100000.0,
        "Interest Income": NaN,
        "Normalized Income": 20200000.0,
        "Net Income From Continuing And Discontinued Operation": 20300000.0,
        "Total Expenses": 321400000.0,
        "Total Operating Income As Reported": 26400000.0,
        "Diluted Average Shares": 38400000.0,
        "Basic Average Shares": 38200000.0,
        "Diluted EPS": 0.52,
        "Basic EPS": 0.52,
        "Diluted NI Availto Com Stockholders": 20100000.0,
        "Average Dilution Earnings": 0.0,
        "Net Income Common Stockholders": 20100000.0,
        "Otherunder Preferred Stock Dividend": 100000.0,
        "Net Income": 20300000.0,
        "Net Income Including Noncontrolling Interests": 20300000.0,
        "Net Income Discontinuous Operations": 100000.0,
        "Net Income Continuous Operations": 20200000.0,
        "Tax Provision": 6100000.0,
        "Pretax Income": 26300000.0,
        "Net Non Operating Interest Income Expense": -100000.0,
        "Total Other Finance Cost": NaN,
        "Interest Expense Non Operating": 100000.0,
        "Interest Income Non Operating": NaN,
        "Operating Income": 26400000.0,
        "Operating Expense": 96100000.0,
        "Selling General And Administration": 96100000.0,
        "Gross Profit": 122500000.0,
        "Cost Of Revenue": 225300000.0,
        "Total Revenue": 347800000.0,
        "Operating Revenue": 347800000.0
    },
    "2024-09-30": {
        "Tax Effect Of Unusual Items": 0.0,
        "Tax Rate For Calcs": 0.243,
        "Normalized EBITDA": 24200000.0,
        "Net Income From Continuing Operation Net Minority Interest": 16800000.0,
        "Reconciled Depreciation": 2000000.0,
        "Reconciled Cost Of Revenue": 226100000.0,
        "EBITDA": 24200000.0,
        "EBIT": 22200000.0,
        "Net Interest Income": 0.0,
        "Interest Expense": 0.0,
        "Interest Income": NaN,
        "Normalized Income": 16800000.0,
        "Net Income From Continuing And Discontinued Operation": 16800000.0,
        "Total Expenses": 320200000.0,
        "Total Operating Income As Reported": 22200000.0,
        "Diluted Average Shares": 38400000.0,
        "Basic Average Shares": 38300000.0,
        "Diluted EPS": 0.44,
        "Basic EPS": 0.44,
        "Diluted NI Availto Com Stockholders": 16800000.0,
        "Average Dilution Earnings": NaN,
        "Net Income Common Stockholders": 16800000.0,
        "Otherunder Preferred Stock Dividend": NaN,
        "Net Income": 16800000.0,
        "Net Income Including Noncontrolling Interests": 16800000.0,
        "Net Income Discontinuous Operations": 0.0,
        "Net Income Continuous Operations": 16800000.0,
        "Tax Provision": 5400000.0,
        "Pretax Income": 22200000.0,
        "Net Non Operating Interest Income Expense": 0.0,
        "Total Other Finance Cost": NaN,
        "Interest Expense Non Operating": 0.0,
        "Interest Income Non Operating": NaN,
        "Operating Income": 22200000.0,
        "Operating Expense": 94100000.0,
        "Selling General And Administration": 94100000.0,
        "Gross Profit": 116300000.0,
        "Cost Of Revenue": 226100000.0,
        "Total Revenue": 342400000.0,
        "Operating Revenue": 342400000.0
    },
    "2024-12-31": {
        "Tax Effect Of Unusual Items": 0.0,
        "Tax Rate For Calcs": 0.248227,
        "Normalized EBITDA": 15800000.0,
        "Net Income From Continuing Operation Net Minority Interest": 10600000.0,
        "Reconciled Depreciation": 1800000.0,
        "Reconciled Cost Of Revenue": 200000000.0,
        "EBITDA": 15800000.0,
        "EBIT": 14000000.0,
        "Net Interest Income": 100000.0,
        "Interest Expense": -100000.0,
        "Interest Income": NaN,
        "Normalized Income": 10600000.0,
        "Net Income From Continuing And Discontinued Operation": 10700000.0,
        "Total Expenses": 287800000.0,
        "Total Operating Income As Reported": 14500000.0,
        "Diluted Average Shares": 38400000.0,
        "Basic Average Shares": 38300000.0,
        "Diluted EPS": 0.27,
        "Basic EPS": 0.27,
        "Diluted NI Availto Com Stockholders": 10000000.0,
        "Average Dilution Earnings": NaN,
        "Net Income Common Stockholders": 10000000.0,
        "Otherunder Preferred Stock Dividend": NaN,
        "Net Income": 10700000.0,
        "Net Income Including Noncontrolling Interests": 10700000.0,
        "Net Income Discontinuous Operations": 100000.0,
        "Net Income Continuous Operations": 10600000.0,
        "Tax Provision": 3500000.0,
        "Pretax Income": 14100000.0,
        "Net Non Operating Interest Income Expense": 100000.0,
        "Total Other Finance Cost": NaN,
        "Interest Expense Non Operating": -100000.0,
        "Interest Income Non Operating": NaN,
        "Operating Income": 14500000.0,
        "Operating Expense": 87800000.0,
        "Selling General And Administration": 87800000.0,
        "Gross Profit": 102300000.0,
        "Cost Of Revenue": 200000000.0,
        "Total Revenue": 302300000.0,
        "Operating Revenue": 302300000.0
    },
    "2025-03-31": {
        "Tax Effect Of Unusual Items": 0.0,
        "Tax Rate For Calcs": 0.254,
        "Normalized EBITDA": 20100000.0,
        "Net Income From Continuing Operation Net Minority Interest": 13500000.0,
        "Reconciled Depreciation": 1900000.0,
        "Reconciled Cost Of Revenue": 208900000.0,
        "EBITDA": 20100000.0,
        "EBIT": 18200000.0,
        "Net Interest Income": -100000.0,
        "Interest Expense": NaN,
        "Interest Income": NaN,
        "Normalized Income": 13500000.0,
        "Net Income From Continuing And Discontinued Operation": 13600000.0,
        "Total Expenses": 302800000.0,
        "Total Operating Income As Reported": 18200000.0,
        "Diluted Average Shares": 38400000.0,
        "Basic Average Shares": 38300000.0,
        "Diluted EPS": 0.35,
        "Basic EPS": 0.35,
        "Diluted NI Availto Com Stockholders": 13600000.0,
        "Average Dilution Earnings": NaN,
        "Net Income Common Stockholders": 13600000.0,
        "Otherunder Preferred Stock Dividend": NaN,
        "Net Income": 13600000.0,
        "Net Income Including Noncontrolling Interests": 13600000.0,
        "Net Income Discontinuous Operations": 100000.0,
        "Net Income Continuous Operations": 13500000.0,
        "Tax Provision": 4600000.0,
        "Pretax Income": 18100000.0,
        "Net Non Operating Interest Income Expense": -100000.0,
        "Total Other Finance Cost": 100000.0,
        "Interest Expense Non Operating": NaN,
        "Interest Income Non Operating": NaN,
        "Operating Income": 18200000.0,
        "Operating Expense": 93900000.0,
        "Selling General And Administration": 93900000.0,
        "Gross Profit": 112100000.0,
        "Cost Of Revenue": 208900000.0,
        "Total Revenue": 321000000.0,
        "Operating Revenue": 321000000.0
    },
    "2025-06-30": {
        "Tax Effect Of Unusual Items": 0.0,
        "Tax Rate For Calcs": 0.257396,
        "Normalized EBITDA": 35400000.0,
        "Net Income From Continuing Operation Net Minority Interest": 25100000.0,
        "Reconciled Depreciation": 1900000.0,
        "Reconciled Cost Of Revenue": 225900000.0,
        "EBITDA": 35400000.0,
        "EBIT": 33500000.0,
        "Net Interest Income": 300000.0,
        "Interest Expense": NaN,
        "Interest Income": 300000.0,
        "Normalized Income": 25100000.0,
        "Net Income From Continuing And Discontinued Operation": 25100000.0,
        "Total Expenses": 325400000.0,
        "Total Operating Income As Reported": 33500000.0,
        "Diluted Average Shares": 38400000.0,
        "Basic Average Shares": 38400000.0,
        "Diluted EPS": 0.65,
        "Basic EPS": 0.65,
        "Diluted NI Availto Com Stockholders": 24800000.0,
        "Average Dilution Earnings": 0.0,
        "Net Income Common Stockholders": 24800000.0,
        "Otherunder Preferred Stock Dividend": 300000.0,
        "Net Income": 25100000.0,
        "Net Income Including Noncontrolling Interests": 25100000.0,
        "Net Income Discontinuous Operations": 0.0,
        "Net Income Continuous Operations": 25100000.0,
        "Tax Provision": 8700000.0,
        "Pretax Income": 33800000.0,
        "Net Non Operating Interest Income Expense": 300000.0,
        "Total Other Finance Cost": NaN,
        "Interest Expense Non Operating": NaN,
        "Interest Income Non Operating": 300000.0,
        "Operating Income": 33500000.0,
        "Operating Expense": 99500000.0,
        "Selling General And Administration": 99500000.0,
        "Gross Profit": 133000000.0,
        "Cost Of Revenue": 225900000.0,
        "Total Revenue": 358900000.0,
        "Operating Revenue": 358900000.0
    }
}