{
    "2023-03-31": {
        "Tax Effect Of Unusual Items": NaN,
        "Tax Rate For Calcs": NaN,
        "Normalized EBITDA": NaN,
        "Net Income From Continuing Operation Net Minority Interest": NaN,
        "Reconciled Depreciation": NaN,
        "Reconciled Cost Of Revenue": NaN,
        "EBITDA": NaN,
        "EBIT": NaN,
        "Net Interest Income": NaN,
        "Normalized Income": NaN,
        "Net Income From Continuing And Discontinued Operation": NaN,
        "Total Expenses": NaN,
        "Total Operating Income As Reported": NaN,
        "Diluted Average Shares": NaN,
        "Basic Average Shares": NaN,
        "Diluted EPS": NaN,
        "Basic EPS": NaN,
        "Diluted NI Availto Com Stockholders": NaN,
        "Net Income Common Stockholders": NaN,
        "Net Income": NaN,
        "Net Income Including Noncontrolling Interests": NaN,
        "Net Income Continuous Operations": NaN,
        "Tax Provision": NaN,
        "Pretax Income": NaN,
        "Net Non Operating Interest Income Expense": NaN,
        "Total Other Finance Cost": NaN,
        "Operating Income": NaN,
        "Operating Expense": NaN,
        "Other Operating Expenses": -361000.0,
        "Selling General And Administration": NaN,
        "General And Administrative Expense": NaN,
        "Other Gand A": NaN,
        "Gross Profit": NaN,
        "Cost Of Revenue": NaN,
        "Total Revenue": NaN,
        "Operating Revenue": NaN
    },
    "2022-12-31": {
        "Tax Effect Of Unusual Items": NaN,
        "Tax Rate For Calcs": NaN,
        "Normalized EBITDA": NaN,
        "Total Unusual Items": 0.0,
        "Total Unusual Items Excluding Goodwill": 0.0,
        "Net Income From Continuing Operation Net Minority Interest": NaN,
        "Reconciled Depreciation": NaN,
        "Reconciled Cost Of Revenue": NaN,
        "EBITDA": NaN,
        "EBIT": NaN,
        "Net Interest Income": NaN,
        "Normalized Income": NaN,
        "Net Income From Continuing And Discontinued Operation": NaN,
        "Total Expenses": NaN,
        "Total Operating Income As Reported": NaN,
        "Diluted Average Shares": NaN,
        "Basic Average Shares": NaN,
        "Diluted EPS": NaN,
        "Basic EPS": NaN,
        "Diluted NI Availto Com Stockholders": NaN,
        "Net Income Common Stockholders": NaN,
        "Net Income": NaN,
        "Net Income Including Noncontrolling Interests": NaN,
        "Net Income Discontinuous Operations": 0.0,
        "Net Income Continuous Operations": NaN,
        "Tax Provision": NaN,
        "Pretax Income": NaN,
        "Special Income Charges": 0.0,
        "Net Non Operating Interest Income Expense": NaN,
        "Total Other Finance Cost": NaN,
        "Operating Income": NaN,
        "Operating Expense": NaN,
        "Other Operating Expenses": NaN,
        "Selling General And Administration": NaN,
        "General And Administrative Expense": NaN,
        "Other Gand A": NaN,
        "Gross Profit": NaN,
        "Cost Of Revenue": NaN,
        "Total Revenue": NaN,
        "Operating Revenue": NaN
    },
    "2022-09-30": {
        "Tax Effect Of Unusual Items": NaN,
        "Tax Rate For Calcs": NaN,
        "Normalized EBITDA": NaN,
        "Total Unusual Items": 0.0,
        "Total Unusual Items Excluding Goodwill": 0.0,
        "Net Income From Continuing Operation Net Minority Interest": NaN,
        "Reconciled Depreciation": NaN,
        "Reconciled Cost Of Revenue": NaN,
        "EBITDA": NaN,
        "EBIT": NaN,
        "Net Interest Income": NaN,
        "Normalized Income": NaN,
        "Net Income From Continuing And Discontinued Operation": NaN,
        "Total Expenses": NaN,
        "Total Operating Income As Reported": NaN,
        "Diluted Average Shares": NaN,
        "Basic Average Shares": NaN,
        "Diluted EPS": NaN,
        "Basic EPS": NaN,
        "Diluted NI Availto Com Stockholders": NaN,
        "Net Income Common Stockholders": NaN,
        "Net Income": NaN,
        "Net Income Including Noncontrolling Interests": NaN,
        "Net Income Discontinuous Operations": 0.0,
        "Net Income Continuous Operations": NaN,
        "Tax Provision": NaN,
        "Pretax Income": NaN,
        "Special Income Charges": 0.0,
        "Net Non Operating Interest Income Expense": NaN,
        "Total Other Finance Cost": NaN,
        "Operating Income": NaN,
        "Operating Expense": NaN,
        "Other Operating Expenses": NaN,
        "Selling General And Administration": NaN,
        "General And Administrative Expense": NaN,
        "Other Gand A": NaN,
        "Gross Profit": NaN,
        "Cost Of Revenue": NaN,
        "Total Revenue": NaN,
        "Operating Revenue": NaN
    },
    "2022-06-30": {
        "Tax Effect Of Unusual Items": 0.0,
        "Tax Rate For Calcs": 0.4,
        "Normalized EBITDA": 1806000.0,
        "Total Unusual Items": NaN,
        "Total Unusual Items Excluding Goodwill": NaN,
        "Net Income From Continuing Operation Net Minority Interest": 528000.0,
        "Reconciled Depreciation": 1273000.0,
        "Reconciled Cost Of Revenue": 34230000.0,
        "EBITDA": 1806000.0,
        "EBIT": 533000.0,
        "Net Interest Income": -18000.0,
        "Normalized Income": 528000.0,
        "Net Income From Continuing And Discontinued Operation": 528000.0,
        "Total Expenses": 35369000.0,
        "Total Operating Income As Reported": 533000.0,
        "Diluted Average Shares": 15836000.0,
        "Basic Average Shares": 15836000.0,
        "Diluted EPS": 0.03,
        "Basic EPS": 0.03,
        "Diluted NI Availto Com Stockholders": 528000.0,
        "Net Income Common Stockholders": 528000.0,
        "Net Income": 528000.0,
        "Net Income Including Noncontrolling Interests": 528000.0,
        "Net Income Discontinuous Operations": 0.0,
        "Net Income Continuous Operations": 528000.0,
        "Tax Provision": -13000.0,
        "Pretax Income": 515000.0,
        "Special Income Charges": NaN,
        "Net Non Operating Interest Income Expense": -18000.0,
        "Total Other Finance Cost": 18000.0,
        "Operating Income": 533000.0,
        "Operating Expense": 1139000.0,
        "Other Operating Expenses": -3206000.0,
        "Selling General And Administration": 4345000.0,
        "General And Administrative Expense": 4345000.0,
        "Other Gand A": 4345000.0,
        "Gross Profit": 1672000.0,
        "Cost Of Revenue": 34230000.0,
        "Total Revenue": 35902000.0,
        "Operating Revenue": 35902000.0
    },
    "2022-03-31": {
        "Diluted EPS": -0.32,
        "Total Revenue": 29,
        "Gross Profit": 0,
        "Operating Income": -5,
        "EBIT": -4,
        "Net Income": -5
    },
    "2021-12-31": {
        "Diluted EPS": -0.4,
        "Total Revenue": 26,
        "Gross Profit": 1,
        "Operating Income": -6,
        "EBIT": -5,
        "Net Income": -6
    },
    "2021-09-30": {
        "Diluted EPS": 0.35,
        "Total Revenue": 20,
        "Gross Profit": 0,
        "Operating Income": -4,
        "EBIT": -3,
        "Net Income": 5
    },
    "2021-06-30": {
        "Diluted EPS": -0.18,
        "Total Revenue": 24,
        "Gross Profit": 1,
        "Operating Income": -1,
        "EBIT": 0,
        "Net Income": -3
    },
    "2021-03-31": {
        "Diluted EPS": -1.2,
        "Total Revenue": 24,
        "Gross Profit": 0,
        "Operating Income": -2,
        "EBIT": 0,
        "Net Income": -19
    },
    "2020-12-31": {
        "Diluted EPS": -1.01,
        "Total Revenue": -18,
        "Gross Profit": -6,
        "Operating Income": -12,
        "EBIT": -9,
        "Net Income": -15
    },
    "2020-09-30": {
        "Diluted EPS": -0.81,
        "Total Revenue": 25,
        "Gross Profit": -1,
        "Operating Income": -4,
        "EBIT": -2,
        "Net Income": -12
    },
    "2020-06-30": {
        "Diluted EPS": -0.36,
        "Total Revenue": 32,
        "Gross Profit": -1,
        "Operating Income": -4,
        "EBIT": -2,
        "Net Income": -6
    },
    "2020-03-31": {
        "Diluted EPS": 0.39,
        "Total Revenue": 79,
        "Gross Profit": 0,
        "Operating Income": 6,
        "EBIT": 8,
        "Net Income": 6
    },
    "2019-12-31": {
        "Diluted EPS": -2.26,
        "Total Revenue": 79,
        "Gross Profit": -13,
        "Operating Income": -34,
        "EBIT": -32,
        "Net Income": -34
    },
    "2019-09-30": {
        "Diluted EPS": -0.44,
        "Total Revenue": 76,
        "Gross Profit": -3,
        "Operating Income": -7,
        "EBIT": -5,
        "Net Income": -7
    },
    "2019-06-30": {
        "Diluted EPS": -0.34,
        "Total Revenue": 80,
        "Gross Profit": -2,
        "Operating Income": -5,
        "EBIT": -3,
        "Net Income": -5
    },
    "2019-03-31": {
        "Diluted EPS": -0.2,
        "Total Revenue": 68,
        "Gross Profit": 1,
        "Operating Income": -3,
        "EBIT": -1,
        "Net Income": -3
    },
    "2018-12-31": {
        "Diluted EPS": -0.32,
        "Total Revenue": 60,
        "Gross Profit": -4,
        "Operating Income": -5,
        "EBIT": -1,
        "Net Income": -5
    },
    "2018-09-30": {
        "Diluted EPS": -0.73,
        "Total Revenue": 50,
        "Gross Profit": -3,
        "Operating Income": -11,
        "EBIT": -8,
        "Net Income": -11
    },
    "2018-06-30": {
        "Diluted EPS": 0.04,
        "Total Revenue": 54,
        "Gross Profit": -1,
        "Operating Income": 1,
        "EBIT": 3,
        "Net Income": 1
    },
    "2018-03-31": {
        "Diluted EPS": -0.35,
        "Total Revenue": 57,
        "Gross Profit": 1,
        "Operating Income": -5,
        "EBIT": -3,
        "Net Income": -5
    },
    "2017-12-31": {
        "Diluted EPS": -1.64,
        "Total Revenue": 37,
        "Gross Profit": -26,
        "Operating Income": -38,
        "EBIT": -35,
        "Net Income": -24
    },
    "2017-09-30": {
        "Diluted EPS": -0.21,
        "Total Revenue": 50,
        "Gross Profit": 0,
        "Operating Income": -5,
        "EBIT": -3,
        "Net Income": -3
    },
    "2017-06-30": {
        "Diluted EPS": -0.73,
        "Total Revenue": 46,
        "Gross Profit": -12,
        "Operating Income": -16,
        "EBIT": -14,
        "Net Income": -11
    },
    "2017-03-31": {
        "Diluted EPS": -0.44,
        "Total Revenue": 38,
        "Gross Profit": -5,
        "Operating Income": -9,
        "EBIT": -6,
        "Net Income": -6
    },
    "2016-12-31": {
        "Diluted EPS": -0.24,
        "Total Revenue": 55,
        "Gross Profit": 0,
        "Operating Income": -5,
        "EBIT": 1,
        "Net Income": -4
    },
    "2016-09-30": {
        "Diluted EPS": 0.04,
        "Total Revenue": 65,
        "Gross Profit": 5,
        "Operating Income": 0,
        "EBIT": 5,
        "Net Income": 1
    },
    "2016-06-30": {
        "Diluted EPS": 0.37,
        "Total Revenue": 82,
        "Gross Profit": 14,
        "Operating Income": 9,
        "EBIT": 14,
        "Net Income": 5
    },
    "2016-03-31": {
        "Diluted EPS": 0.07,
        "Total Revenue": 84,
        "Gross Profit": 6,
        "Operating Income": 1,
        "EBIT": 7,
        "Net Income": 1
    },
    "2015-12-31": {
        "Diluted EPS": -1.0,
        "Total Revenue": 55,
        "Gross Profit": -18,
        "Operating Income": -23,
        "EBIT": -16,
        "Net Income": -15
    },
    "2015-09-30": {
        "Diluted EPS": -0.84,
        "Total Revenue": 68,
        "Gross Profit": -8,
        "Operating Income": -18,
        "EBIT": -12,
        "Net Income": -12
    },
    "2015-06-30": {
        "Diluted EPS": 0.09,
        "Total Revenue": 84,
        "Gross Profit": 6,
        "Operating Income": 2,
        "EBIT": 9,
        "Net Income": 1
    },
    "2015-03-31": {
        "Diluted EPS": 0.0,
        "Total Revenue": 99,
        "Gross Profit": 4,
        "Operating Income": 0,
        "EBIT": 7,
        "Net Income": 0
    },
    "2014-12-31": {
        "Diluted EPS": -0.01,
        "Total Revenue": 125,
        "Gross Profit": 11,
        "Operating Income": 1,
        "EBIT": 7,
        "Net Income": 0
    },
    "2014-09-30": {
        "Diluted EPS": 0.52,
        "Total Revenue": 118,
        "Gross Profit": 15,
        "Operating Income": 11,
        "EBIT": 18,
        "Net Income": 8
    },
    "2014-06-30": {
        "Diluted EPS": 0.3,
        "Total Revenue": 129,
        "Gross Profit": 10,
        "Operating Income": 6,
        "EBIT": 13,
        "Net Income": 4
    },
    "2014-03-31": {
        "Diluted EPS": 0.24,
        "Total Revenue": 135,
        "Gross Profit": 9,
        "Operating Income": 5,
        "EBIT": 12,
        "Net Income": 3
    },
    "2013-12-31": {
        "Diluted EPS": -0.22,
        "Total Revenue": 135,
        "Gross Profit": -2,
        "Operating Income": -4,
        "EBIT": 2,
        "Net Income": -3
    },
    "2013-09-30": {
        "Diluted EPS": 0.23,
        "Total Revenue": 168,
        "Gross Profit": 9,
        "Operating Income": 5,
        "EBIT": 12,
        "Net Income": 3
    },
    "2013-06-30": {
        "Diluted EPS": 0.3,
        "Total Revenue": 155,
        "Gross Profit": 10,
        "Operating Income": 7,
        "EBIT": 13,
        "Net Income": 4
    },
    "2013-03-31": {
        "Diluted EPS": 0.19,
        "Total Revenue": 150,
        "Gross Profit": 7,
        "Operating Income": 4,
        "EBIT": 10,
        "Net Income": 3
    },
    "2012-12-31": {
        "Diluted EPS": -0.56,
        "Total Revenue": 129,
        "Gross Profit": -9,
        "Operating Income": -12,
        "EBIT": -6,
        "Net Income": -8
    },
    "2012-09-30": {
        "Diluted EPS": -0.72,
        "Total Revenue": 142,
        "Gross Profit": -13,
        "Operating Income": -15,
        "EBIT": -9,
        "Net Income": -10
    },
    "2012-06-30": {
        "Diluted EPS": 0.52,
        "Total Revenue": 137,
        "Gross Profit": 14,
        "Operating Income": 11,
        "EBIT": 17,
        "Net Income": 8
    },
    "2012-03-31": {
        "Diluted EPS": 0.47,
        "Total Revenue": 113,
        "Gross Profit": 13,
        "Operating Income": 10,
        "EBIT": 16,
        "Net Income": 7
    },
    "2011-12-31": {
        "Diluted EPS": 0.12,
        "Total Revenue": 88,
        "Gross Profit": 5,
        "Operating Income": 3,
        "EBIT": 8,
        "Net Income": 2
    },
    "2011-09-30": {
        "Diluted EPS": 0.11,
        "Total Revenue": 86,
        "Gross Profit": 4,
        "Operating Income": 2,
        "EBIT": 7,
        "Net Income": 2
    },
    "2011-06-30": {
        "Diluted EPS": 0.13,
        "Total Revenue": 87,
        "Gross Profit": 5,
        "Operating Income": 3,
        "EBIT": 8,
        "Net Income": 2
    },
    "2011-03-31": {
        "Diluted EPS": -0.49,
        "Total Revenue": 46,
        "Gross Profit": -10,
        "Operating Income": -12,
        "EBIT": -6,
        "Net Income": -7
    },
    "2010-12-31": {
        "Diluted EPS": 0.11,
        "Total Revenue": 43,
        "Gross Profit": 2,
        "Operating Income": 0,
        "EBIT": 5,
        "Net Income": 2
    },
    "2010-09-30": {
        "Diluted EPS": 0.24,
        "Total Revenue": 61,
        "Gross Profit": 7,
        "Operating Income": 5,
        "EBIT": 10,
        "Net Income": 3
    },
    "2010-06-30": {
        "Diluted EPS": 0.24,
        "Total Revenue": 75,
        "Gross Profit": 7,
        "Operating Income": 5,
        "EBIT": 10,
        "Net Income": 3
    },
    "2010-03-31": {
        "Diluted EPS": 0.31,
        "Total Revenue": 69,
        "Gross Profit": 7,
        "Operating Income": 5,
        "EBIT": 10,
        "Net Income": 4
    },
    "2009-12-31": {
        "Diluted EPS": 0.32,
        "Total Revenue": 71,
        "Gross Profit": 8,
        "Operating Income": 6,
        "EBIT": 11,
        "Net Income": 5
    },
    "2009-09-30": {
        "Diluted EPS": 0.41,
        "Total Revenue": 77,
        "Gross Profit": 11,
        "Operating Income": 9,
        "EBIT": 14,
        "Net Income": 6
    },
    "2009-06-30": {
        "Diluted EPS": 0.28,
        "Total Revenue": 79,
        "Gross Profit": 8,
        "Operating Income": 6,
        "EBIT": 11,
        "Net Income": 4
    },
    "2009-03-31": {
        "Diluted EPS": 0.43,
        "Total Revenue": 85,
        "Gross Profit": 12,
        "Operating Income": 10,
        "EBIT": 14,
        "Net Income": 6
    },
    "2023-06-30": {
        "Tax Effect Of Unusual Items": NaN,
        "Tax Rate For Calcs": NaN,
        "Normalized EBITDA": NaN,
        "Net Income From Continuing Operation Net Minority Interest": NaN,
        "Reconciled Depreciation": NaN,
        "Reconciled Cost Of Revenue": NaN,
        "EBITDA": NaN,
        "EBIT": NaN,
        "Net Interest Income": NaN,
        "Normalized Income": NaN,
        "Net Income From Continuing And Discontinued Operation": NaN,
        "Total Expenses": NaN,
        "Total Operating Income As Reported": NaN,
        "Diluted Average Shares": NaN,
        "Basic Average Shares": NaN,
        "Diluted EPS": NaN,
        "Basic EPS": NaN,
        "Diluted NI Availto Com Stockholders": NaN,
        "Net Income Common Stockholders": NaN,
        "Net Income": NaN,
        "Net Income Including Noncontrolling Interests": NaN,
        "Net Income Continuous Operations": NaN,
        "Tax Provision": NaN,
        "Pretax Income": NaN,
        "Net Non Operating Interest Income Expense": NaN,
        "Total Other Finance Cost": NaN,
        "Operating Income": NaN,
        "Operating Expense": NaN,
        "Other Operating Expenses": -4000.0,
        "Selling General And Administration": NaN,
        "General And Administrative Expense": NaN,
        "Other Gand A": NaN,
        "Gross Profit": NaN,
        "Cost Of Revenue": NaN,
        "Total Revenue": NaN,
        "Operating Revenue": NaN
    },
    "2023-09-30": {
        "Tax Effect Of Unusual Items": NaN,
        "Tax Rate For Calcs": NaN,
        "Normalized EBITDA": NaN,
        "Net Income From Continuing Operation Net Minority Interest": NaN,
        "Reconciled Depreciation": NaN,
        "Reconciled Cost Of Revenue": NaN,
        "EBITDA": NaN,
        "EBIT": NaN,
        "Net Interest Income": NaN,
        "Normalized Income": NaN,
        "Net Income From Continuing And Discontinued Operation": NaN,
        "Total Expenses": NaN,
        "Total Operating Income As Reported": NaN,
        "Diluted Average Shares": NaN,
        "Basic Average Shares": NaN,
        "Diluted EPS": NaN,
        "Basic EPS": NaN,
        "Diluted NI Availto Com Stockholders": NaN,
        "Net Income Common Stockholders": NaN,
        "Net Income": NaN,
        "Net Income Including Noncontrolling Interests": NaN,
        "Net Income Continuous Operations": NaN,
        "Tax Provision": NaN,
        "Pretax Income": NaN,
        "Net Non Operating Interest Income Expense": NaN,
        "Total Other Finance Cost": NaN,
        "Operating Income": NaN,
        "Operating Expense": NaN,
        "Other Operating Expenses": -324000.0,
        "Selling General And Administration": NaN,
        "General And Administrative Expense": NaN,
        "Other Gand A": NaN,
        "Gross Profit": NaN,
        "Cost Of Revenue": NaN,
        "Total Revenue": NaN,
        "Operating Revenue": NaN
    },
    "2023-12-31": {
        "Tax Effect Of Unusual Items": 0.0,
        "Tax Rate For Calcs": 0.21,
        "Normalized EBITDA": 5730000.0,
        "Net Income From Continuing Operation Net Minority Interest": 7090000.0,
        "Reconciled Depreciation": 1351000.0,
        "Reconciled Cost Of Revenue": 36087000.0,
        "EBITDA": 5730000.0,
        "EBIT": 4379000.0,
        "Net Interest Income": 383000.0,
        "Normalized Income": 7090000.0,
        "Net Income From Continuing And Discontinued Operation": 7090000.0,
        "Total Expenses": 40171000.0,
        "Total Operating Income As Reported": 6675000.0,
        "Diluted Average Shares": 16488372.0,
        "Basic Average Shares": 16113636.0,
        "Diluted EPS": 0.43,
        "Basic EPS": 0.44,
        "Diluted NI Availto Com Stockholders": 7090000.0,
        "Net Income Common Stockholders": 7090000.0,
        "Net Income": 7090000.0,
        "Net Income Including Noncontrolling Interests": 7090000.0,
        "Net Income Continuous Operations": 7090000.0,
        "Tax Provision": -32000.0,
        "Pretax Income": 7058000.0,
        "Net Non Operating Interest Income Expense": 383000.0,
        "Total Other Finance Cost": -383000.0,
        "Operating Income": 4379000.0,
        "Operating Expense": 4084000.0,
        "Other Operating Expenses": NaN,
        "Selling General And Administration": 3395000.0,
        "General And Administrative Expense": 3395000.0,
        "Other Gand A": 3395000.0,
        "Gross Profit": 8463000.0,
        "Cost Of Revenue": 36087000.0,
        "Total Revenue": 44550000.0,
        "Operating Revenue": 44550000.0
    },
    "2024-03-31": {
        "Tax Effect Of Unusual Items": 0.0,
        "Tax Rate For Calcs": 0.0016,
        "Normalized EBITDA": 6901000.0,
        "Net Income From Continuing Operation Net Minority Interest": 6240000.0,
        "Reconciled Depreciation": 1193000.0,
        "Reconciled Cost Of Revenue": 36757000.0,
        "EBITDA": 6901000.0,
        "EBIT": 5708000.0,
        "Net Interest Income": 542000.0,
        "Normalized Income": 6240000.0,
        "Net Income From Continuing And Discontinued Operation": 6240000.0,
        "Total Expenses": 37173000.0,
        "Total Operating Income As Reported": 5708000.0,
        "Diluted Average Shares": 16864865.0,
        "Basic Average Shares": 16421053.0,
        "Diluted EPS": 0.37,
        "Basic EPS": 0.38,
        "Diluted NI Availto Com Stockholders": 6240000.0,
        "Net Income Common Stockholders": 6240000.0,
        "Net Income": 6240000.0,
        "Net Income Including Noncontrolling Interests": 6240000.0,
        "Net Income Continuous Operations": 6240000.0,
        "Tax Provision": 10000.0,
        "Pretax Income": 6250000.0,
        "Net Non Operating Interest Income Expense": 542000.0,
        "Total Other Finance Cost": -542000.0,
        "Operating Income": 5708000.0,
        "Operating Expense": 416000.0,
        "Other Operating Expenses": -3068000.0,
        "Selling General And Administration": 3484000.0,
        "General And Administrative Expense": 3484000.0,
        "Other Gand A": 3484000.0,
        "Gross Profit": 6124000.0,
        "Cost Of Revenue": 36757000.0,
        "Total Revenue": 42881000.0,
        "Operating Revenue": 42881000.0
    },
    "2024-06-30": {
        "Tax Effect Of Unusual Items": 0.0,
        "Tax Rate For Calcs": 0.21,
        "Normalized EBITDA": 2523000.0,
        "Net Income From Continuing Operation Net Minority Interest": 1889000.0,
        "Reconciled Depreciation": 1240000.0,
        "Reconciled Cost Of Revenue": 37104000.0,
        "EBITDA": 2523000.0,
        "EBIT": 1283000.0,
        "Net Interest Income": 603000.0,
        "Normalized Income": 1889000.0,
        "Net Income From Continuing And Discontinued Operation": 1889000.0,
        "Total Expenses": 39979000.0,
        "Total Operating Income As Reported": 1283000.0,
        "Diluted Average Shares": 16864000.0,
        "Basic Average Shares": 16415000.0,
        "Diluted EPS": 0.11,
        "Basic EPS": 0.12,
        "Diluted NI Availto Com Stockholders": 1889000.0,
        "Net Income Common Stockholders": 1889000.0,
        "Net Income": 1889000.0,
        "Net Income Including Noncontrolling Interests": 1889000.0,
        "Net Income Continuous Operations": 1889000.0,
        "Tax Provision": -3000.0,
        "Pretax Income": 1886000.0,
        "Net Non Operating Interest Income Expense": 603000.0,
        "Total Other Finance Cost": -603000.0,
        "Operating Income": 1283000.0,
        "Operating Expense": 2875000.0,
        "Other Operating Expenses": -479000.0,
        "Selling General And Administration": 3354000.0,
        "General And Administrative Expense": 3354000.0,
        "Other Gand A": 3354000.0,
        "Gross Profit": 4158000.0,
        "Cost Of Revenue": 37104000.0,
        "Total Revenue": 41262000.0,
        "Operating Revenue": 41262000.0
    },
    "2024-09-30": {
        "Tax Effect Of Unusual Items": 0.0,
        "Tax Rate For Calcs": 0.000862,
        "Normalized EBITDA": 2880000.0,
        "Net Income From Continuing Operation Net Minority Interest": 2317000.0,
        "Reconciled Depreciation": 1208000.0,
        "Reconciled Cost Of Revenue": 32984000.0,
        "EBITDA": 2880000.0,
        "EBIT": 1672000.0,
        "Net Interest Income": 647000.0,
        "Normalized Income": 2317000.0,
        "Net Income From Continuing And Discontinued Operation": 2317000.0,
        "Total Expenses": 35968000.0,
        "Total Operating Income As Reported": 1672000.0,
        "Diluted Average Shares": 16728000.0,
        "Basic Average Shares": 16489000.0,
        "Diluted EPS": 0.14,
        "Basic EPS": 0.14,
        "Diluted NI Availto Com Stockholders": 2317000.0,
        "Net Income Common Stockholders": 2317000.0,
        "Net Income": 2317000.0,
        "Net Income Including Noncontrolling Interests": 2317000.0,
        "Net Income Continuous Operations": 2317000.0,
        "Tax Provision": 2000.0,
        "Pretax Income": 2319000.0,
        "Net Non Operating Interest Income Expense": 647000.0,
        "Total Other Finance Cost": -647000.0,
        "Operating Income": 1672000.0,
        "Operating Expense": 2984000.0,
        "Other Operating Expenses": -1000.0,
        "Selling General And Administration": 2985000.0,
        "General And Administrative Expense": 2985000.0,
        "Other Gand A": 2985000.0,
        "Gross Profit": 4656000.0,
        "Cost Of Revenue": 32984000.0,
        "Total Revenue": 37640000.0,
        "Operating Revenue": 37640000.0
    },
    "2024-12-31": {
        "Tax Effect Of Unusual Items": 0.0,
        "Tax Rate For Calcs": 0.21,
        "Normalized EBITDA": 1293000.0,
        "Net Income From Continuing Operation Net Minority Interest": 4295000.0,
        "Reconciled Depreciation": 1224000.0,
        "Reconciled Cost Of Revenue": 30101000.0,
        "EBITDA": 1293000.0,
        "EBIT": 69000.0,
        "Net Interest Income": 619000.0,
        "Normalized Income": 4295000.0,
        "Net Income From Continuing And Discontinued Operation": 4295000.0,
        "Total Expenses": 37347000.0,
        "Total Operating Income As Reported": 3616000.0,
        "Diluted Average Shares": 16670000.0,
        "Basic Average Shares": 16359000.0,
        "Diluted EPS": 0.26,
        "Basic EPS": 0.26,
        "Diluted NI Availto Com Stockholders": 4295000.0,
        "Net Income Common Stockholders": 4295000.0,
        "Net Income": 4295000.0,
        "Net Income Including Noncontrolling Interests": 4295000.0,
        "Net Income Continuous Operations": 4295000.0,
        "Tax Provision": -60000.0,
        "Pretax Income": 4235000.0,
        "Net Non Operating Interest Income Expense": 619000.0,
        "Total Other Finance Cost": -619000.0,
        "Operating Income": 69000.0,
        "Operating Expense": 7246000.0,
        "Other Operating Expenses": NaN,
        "Selling General And Administration": 3698000.0,
        "General And Administrative Expense": 3698000.0,
        "Other Gand A": 3698000.0,
        "Gross Profit": 7315000.0,
        "Cost Of Revenue": 30101000.0,
        "Total Revenue": 37416000.0,
        "Operating Revenue": 37416000.0
    },
    "2025-03-31": {
        "Tax Effect Of Unusual Items": 0.0,
        "Tax Rate For Calcs": 0.000522,
        "Normalized EBITDA": 4536000.0,
        "Net Income From Continuing Operation Net Minority Interest": 3827000.0,
        "Reconciled Depreciation": 1256000.0,
        "Reconciled Cost Of Revenue": 33658000.0,
        "EBITDA": 4536000.0,
        "EBIT": 3280000.0,
        "Net Interest Income": 549000.0,
        "Normalized Income": 3827000.0,
        "Net Income From Continuing And Discontinued Operation": 3827000.0,
        "Total Expenses": 36993000.0,
        "Total Operating Income As Reported": 3280000.0,
        "Diluted Average Shares": 16722000.0,
        "Basic Average Shares": 16339000.0,
        "Diluted EPS": 0.23,
        "Basic EPS": 0.23,
        "Diluted NI Availto Com Stockholders": 3827000.0,
        "Net Income Common Stockholders": 3827000.0,
        "Net Income": 3827000.0,
        "Net Income Including Noncontrolling Interests": 3827000.0,
        "Net Income Continuous Operations": 3827000.0,
        "Tax Provision": 2000.0,
        "Pretax Income": 3829000.0,
        "Net Non Operating Interest Income Expense": 549000.0,
        "Total Other Finance Cost": -549000.0,
        "Operating Income": 3280000.0,
        "Operating Expense": 3335000.0,
        "Other Operating Expenses": 100000.0,
        "Selling General And Administration": 3235000.0,
        "General And Administrative Expense": 3235000.0,
        "Other Gand A": 3235000.0,
        "Gross Profit": 6615000.0,
        "Cost Of Revenue": 33658000.0,
        "Total Revenue": 40273000.0,
        "Operating Revenue": 40273000.0
    }
}