{
    "2023-04-30": {
        "Tax Effect Of Unusual Items": 0.0,
        "Tax Rate For Calcs": 0.231,
        "Normalized EBITDA": 22813000.0,
        "Total Unusual Items": NaN,
        "Total Unusual Items Excluding Goodwill": NaN,
        "Net Income From Continuing Operation Net Minority Interest": 3236000.0,
        "Reconciled Depreciation": 6576000.0,
        "Reconciled Cost Of Revenue": 356788000.0,
        "EBITDA": 22813000.0,
        "EBIT": 16237000.0,
        "Net Interest Income": -12151000.0,
        "Interest Expense": 12151000.0,
        "Normalized Income": 3236000.0,
        "Net Income From Continuing And Discontinued Operation": 3236000.0,
        "Total Expenses": 591325000.0,
        "Total Operating Income As Reported": 15264000.0,
        "Diluted Average Shares": 47442000.0,
        "Basic Average Shares": 46286000.0,
        "Diluted EPS": 0.07,
        "Basic EPS": 0.07,
        "Diluted NI Availto Com Stockholders": 3236000.0,
        "Net Income Common Stockholders": 3236000.0,
        "Net Income": 3236000.0,
        "Minority Interests": 95000.0,
        "Net Income Including Noncontrolling Interests": 3141000.0,
        "Net Income Continuous Operations": 3141000.0,
        "Tax Provision": 945000.0,
        "Pretax Income": 4086000.0,
        "Other Income Expense": 973000.0,
        "Other Non Operating Income Expenses": 973000.0,
        "Special Income Charges": NaN,
        "Impairment Of Capital Assets": NaN,
        "Net Non Operating Interest Income Expense": -12151000.0,
        "Total Other Finance Cost": NaN,
        "Interest Expense Non Operating": 12151000.0,
        "Operating Income": 15264000.0,
        "Operating Expense": 234537000.0,
        "Depreciation Amortization Depletion Income Statement": 6576000.0,
        "Depreciation And Amortization In Income Statement": 6576000.0,
        "Selling General And Administration": 227961000.0,
        "Gross Profit": 249801000.0,
        "Cost Of Revenue": 356788000.0,
        "Total Revenue": 606589000.0,
        "Operating Revenue": 606589000.0
    },
    "2023-01-31": {
        "Tax Effect Of Unusual Items": NaN,
        "Tax Rate For Calcs": NaN,
        "Normalized EBITDA": NaN,
        "Total Unusual Items": -349474000.0,
        "Total Unusual Items Excluding Goodwill": -349474000.0,
        "Net Income From Continuing Operation Net Minority Interest": NaN,
        "Reconciled Depreciation": NaN,
        "Reconciled Cost Of Revenue": NaN,
        "EBITDA": NaN,
        "EBIT": NaN,
        "Net Interest Income": NaN,
        "Interest Expense": NaN,
        "Normalized Income": NaN,
        "Net Income From Continuing And Discontinued Operation": NaN,
        "Total Expenses": NaN,
        "Total Operating Income As Reported": NaN,
        "Diluted Average Shares": NaN,
        "Basic Average Shares": NaN,
        "Diluted EPS": NaN,
        "Basic EPS": NaN,
        "Diluted NI Availto Com Stockholders": NaN,
        "Net Income Common Stockholders": NaN,
        "Net Income": NaN,
        "Minority Interests": NaN,
        "Net Income Including Noncontrolling Interests": NaN,
        "Net Income Continuous Operations": NaN,
        "Tax Provision": NaN,
        "Pretax Income": NaN,
        "Other Income Expense": NaN,
        "Other Non Operating Income Expenses": NaN,
        "Special Income Charges": -349474000.0,
        "Impairment Of Capital Assets": 349474000.0,
        "Net Non Operating Interest Income Expense": NaN,
        "Total Other Finance Cost": 15797000.0,
        "Interest Expense Non Operating": NaN,
        "Operating Income": NaN,
        "Operating Expense": NaN,
        "Depreciation Amortization Depletion Income Statement": NaN,
        "Depreciation And Amortization In Income Statement": NaN,
        "Selling General And Administration": NaN,
        "Gross Profit": NaN,
        "Cost Of Revenue": NaN,
        "Total Revenue": NaN,
        "Operating Revenue": NaN
    },
    "2022-10-31": {
        "Tax Effect Of Unusual Items": NaN,
        "Tax Rate For Calcs": NaN,
        "Normalized EBITDA": NaN,
        "Total Unusual Items": -250000.0,
        "Total Unusual Items Excluding Goodwill": -250000.0,
        "Net Income From Continuing Operation Net Minority Interest": NaN,
        "Reconciled Depreciation": NaN,
        "Reconciled Cost Of Revenue": NaN,
        "EBITDA": NaN,
        "EBIT": NaN,
        "Net Interest Income": NaN,
        "Interest Expense": NaN,
        "Normalized Income": NaN,
        "Net Income From Continuing And Discontinued Operation": NaN,
        "Total Expenses": NaN,
        "Total Operating Income As Reported": NaN,
        "Diluted Average Shares": NaN,
        "Basic Average Shares": NaN,
        "Diluted EPS": NaN,
        "Basic EPS": NaN,
        "Diluted NI Availto Com Stockholders": NaN,
        "Net Income Common Stockholders": NaN,
        "Net Income": NaN,
        "Minority Interests": NaN,
        "Net Income Including Noncontrolling Interests": NaN,
        "Net Income Continuous Operations": NaN,
        "Tax Provision": NaN,
        "Pretax Income": NaN,
        "Other Income Expense": NaN,
        "Other Non Operating Income Expenses": NaN,
        "Special Income Charges": -250000.0,
        "Impairment Of Capital Assets": 250000.0,
        "Net Non Operating Interest Income Expense": NaN,
        "Total Other Finance Cost": 16052000.0,
        "Interest Expense Non Operating": NaN,
        "Operating Income": NaN,
        "Operating Expense": NaN,
        "Depreciation Amortization Depletion Income Statement": NaN,
        "Depreciation And Amortization In Income Statement": NaN,
        "Selling General And Administration": NaN,
        "Gross Profit": NaN,
        "Cost Of Revenue": NaN,
        "Total Revenue": NaN,
        "Operating Revenue": NaN
    },
    "2022-07-31": {
        "Tax Effect Of Unusual Items": 7669.773418,
        "Tax Rate For Calcs": 0.264475,
        "Normalized EBITDA": 68210000.0,
        "Total Unusual Items": 29000.0,
        "Total Unusual Items Excluding Goodwill": 29000.0,
        "Net Income From Continuing Operation Net Minority Interest": 36319000.0,
        "Reconciled Depreciation": 6656000.0,
        "Reconciled Cost Of Revenue": 376318000.0,
        "EBITDA": 68239000.0,
        "EBIT": 61583000.0,
        "Net Interest Income": -12550000.0,
        "Interest Expense": 12550000.0,
        "Normalized Income": 36297669.773418,
        "Net Income From Continuing And Discontinued Operation": 36319000.0,
        "Total Expenses": 574015000.0,
        "Total Operating Income As Reported": 31258000.0,
        "Diluted Average Shares": 49019000.0,
        "Basic Average Shares": 47999000.0,
        "Diluted EPS": 0.74,
        "Basic EPS": 0.76,
        "Diluted NI Availto Com Stockholders": 36319000.0,
        "Net Income Common Stockholders": 36319000.0,
        "Net Income": 36319000.0,
        "Minority Interests": 254000.0,
        "Net Income Including Noncontrolling Interests": 36065000.0,
        "Net Income Continuous Operations": 36065000.0,
        "Tax Provision": 12968000.0,
        "Pretax Income": 49033000.0,
        "Other Income Expense": 30354000.0,
        "Other Non Operating Income Expenses": 30325000.0,
        "Special Income Charges": 29000.0,
        "Other Special Charges": -29000.0,
        "Impairment Of Capital Assets": NaN,
        "Net Non Operating Interest Income Expense": -12550000.0,
        "Total Other Finance Cost": NaN,
        "Interest Expense Non Operating": 12550000.0,
        "Operating Income": 31229000.0,
        "Operating Expense": 197697000.0,
        "Depreciation Amortization Depletion Income Statement": 6656000.0,
        "Depreciation And Amortization In Income Statement": 6656000.0,
        "Selling General And Administration": 191041000.0,
        "Gross Profit": 228926000.0,
        "Cost Of Revenue": 376318000.0,
        "Total Revenue": 605244000.0,
        "Operating Revenue": 605244000.0
    },
    "2022-04-30": {
        "Diluted EPS": 0.62,
        "Total Revenue": 689,
        "Gross Profit": 246,
        "Operating Income": 55,
        "EBIT": 61,
        "Net Income": 31
    },
    "2022-01-31": {
        "Diluted EPS": 0.97,
        "Total Revenue": 748,
        "Gross Profit": 252,
        "Operating Income": 67,
        "EBIT": 74,
        "Net Income": 48
    },
    "2021-10-31": {
        "Diluted EPS": 2.16,
        "Total Revenue": NaN,
        "Gross Profit": 348,
        "Operating Income": 158,
        "EBIT": 165,
        "Net Income": 107
    },
    "2021-07-31": {
        "Diluted EPS": 0.39,
        "Total Revenue": 483,
        "Gross Profit": 193,
        "Operating Income": 39,
        "EBIT": 46,
        "Net Income": 19
    },
    "2021-04-30": {
        "Diluted EPS": 0.53,
        "Total Revenue": 520,
        "Gross Profit": 195,
        "Operating Income": 47,
        "EBIT": 54,
        "Net Income": 26
    },
    "2021-01-31": {
        "Diluted EPS": 0.32,
        "Total Revenue": 526,
        "Gross Profit": 188,
        "Operating Income": 27,
        "EBIT": 36,
        "Net Income": 15
    },
    "2020-10-31": {
        "Diluted EPS": 1.29,
        "Total Revenue": 827,
        "Gross Profit": 298,
        "Operating Income": 110,
        "EBIT": 120,
        "Net Income": 63
    },
    "2020-07-31": {
        "Diluted EPS": -0.31,
        "Total Revenue": 297,
        "Gross Profit": 135,
        "Operating Income": -11,
        "EBIT": -2,
        "Net Income": -15
    },
    "2020-04-30": {
        "Diluted EPS": -0.82,
        "Total Revenue": 405,
        "Gross Profit": 124,
        "Operating Income": -43,
        "EBIT": -33,
        "Net Income": -39
    },
    "2020-01-31": {
        "Diluted EPS": 0.5,
        "Total Revenue": 755,
        "Gross Profit": 251,
        "Operating Income": 32,
        "EBIT": 42,
        "Net Income": 25
    },
    "2019-10-31": {
        "Diluted EPS": 1.97,
        "Total Revenue": NaN,
        "Gross Profit": 399,
        "Operating Income": 143,
        "EBIT": 153,
        "Net Income": 95
    },
    "2019-07-31": {
        "Diluted EPS": 0.23,
        "Total Revenue": 644,
        "Gross Profit": 232,
        "Operating Income": 27,
        "EBIT": 37,
        "Net Income": 11
    },
    "2019-04-30": {
        "Diluted EPS": 0.24,
        "Total Revenue": 634,
        "Gross Profit": 236,
        "Operating Income": 26,
        "EBIT": 35,
        "Net Income": 12
    },
    "2019-01-31": {
        "Diluted EPS": 0.49,
        "Total Revenue": 767,
        "Gross Profit": 259,
        "Operating Income": 44,
        "EBIT": 54,
        "Net Income": 24
    },
    "2018-10-31": {
        "Diluted EPS": 1.86,
        "Total Revenue": NaN,
        "Gross Profit": 382,
        "Operating Income": 140,
        "EBIT": 150,
        "Net Income": 94
    },
    "2018-07-31": {
        "Diluted EPS": 0.2,
        "Total Revenue": 625,
        "Gross Profit": 232,
        "Operating Income": 23,
        "EBIT": 33,
        "Net Income": 10
    },
    "2018-04-30": {
        "Diluted EPS": 0.2,
        "Total Revenue": 612,
        "Gross Profit": 235,
        "Operating Income": 23,
        "EBIT": 32,
        "Net Income": 10
    },
    "2018-01-31": {
        "Diluted EPS": -0.01,
        "Total Revenue": 715,
        "Gross Profit": 259,
        "Operating Income": 22,
        "EBIT": 32,
        "Net Income": -1
    },
    "2017-10-31": {
        "Diluted EPS": 1.65,
        "Total Revenue": NaN,
        "Gross Profit": 391,
        "Operating Income": 141,
        "EBIT": 148,
        "Net Income": 82
    },
    "2017-07-31": {
        "Diluted EPS": -0.18,
        "Total Revenue": 538,
        "Gross Profit": 203,
        "Operating Income": -4,
        "EBIT": 7,
        "Net Income": -9
    },
    "2017-04-30": {
        "Diluted EPS": -0.21,
        "Total Revenue": 529,
        "Gross Profit": 202,
        "Operating Income": -6,
        "EBIT": 4,
        "Net Income": -10
    },
    "2017-01-31": {
        "Diluted EPS": -0.43,
        "Total Revenue": 603,
        "Gross Profit": 199,
        "Operating Income": -21,
        "EBIT": -12,
        "Net Income": -20
    },
    "2016-10-31": {
        "Diluted EPS": 1.5,
        "Total Revenue": 883,
        "Gross Profit": 321,
        "Operating Income": 115,
        "EBIT": 123,
        "Net Income": 71
    },
    "2016-07-31": {
        "Diluted EPS": -0.03,
        "Total Revenue": 442,
        "Gross Profit": 156,
        "Operating Income": -5,
        "EBIT": 2,
        "Net Income": -1
    },
    "2016-04-30": {
        "Diluted EPS": 0.06,
        "Total Revenue": 457,
        "Gross Profit": 166,
        "Operating Income": 5,
        "EBIT": 13,
        "Net Income": 3
    },
    "2016-01-31": {
        "Diluted EPS": 0.17,
        "Total Revenue": 527,
        "Gross Profit": 179,
        "Operating Income": 12,
        "EBIT": 20,
        "Net Income": 8
    },
    "2015-10-31": {
        "Diluted EPS": 1.87,
        "Total Revenue": 910,
        "Gross Profit": 337,
        "Operating Income": 139,
        "EBIT": 146,
        "Net Income": 87
    },
    "2015-07-31": {
        "Diluted EPS": 0.27,
        "Total Revenue": 474,
        "Gross Profit": 168,
        "Operating Income": 21,
        "EBIT": 27,
        "Net Income": 12
    },
    "2015-04-30": {
        "Diluted EPS": 0.15,
        "Total Revenue": 433,
        "Gross Profit": 154,
        "Operating Income": 12,
        "EBIT": 17,
        "Net Income": 7
    },
    "2015-01-31": {
        "Diluted EPS": 0.55,
        "Total Revenue": 514,
        "Gross Profit": 183,
        "Operating Income": 36,
        "EBIT": 42,
        "Net Income": 22
    },
    "2014-10-31": {
        "Diluted EPS": 1.76,
        "Total Revenue": 812,
        "Gross Profit": 295,
        "Operating Income": 113,
        "EBIT": 119,
        "Net Income": 81
    },
    "2014-07-31": {
        "Diluted EPS": 0.14,
        "Total Revenue": 424,
        "Gross Profit": 148,
        "Operating Income": 12,
        "EBIT": 17,
        "Net Income": 6
    },
    "2014-04-30": {
        "Diluted EPS": 0.03,
        "Total Revenue": 366,
        "Gross Profit": 130,
        "Operating Income": 3,
        "EBIT": 8,
        "Net Income": 1
    },
    "2014-01-31": {
        "Diluted EPS": 0.32,
        "Total Revenue": 473,
        "Gross Profit": 166,
        "Operating Income": 22,
        "EBIT": 26,
        "Net Income": 13
    },
    "2013-10-31": {
        "Diluted EPS": 1.43,
        "Total Revenue": 669,
        "Gross Profit": 227,
        "Operating Income": 98,
        "EBIT": 101,
        "Net Income": 60
    },
    "2013-07-31": {
        "Diluted EPS": 0.09,
        "Total Revenue": 304,
        "Gross Profit": 99,
        "Operating Income": 7,
        "EBIT": 10,
        "Net Income": 4
    },
    "2013-04-30": {
        "Diluted EPS": 0.03,
        "Total Revenue": 273,
        "Gross Profit": 92,
        "Operating Income": 3,
        "EBIT": 7,
        "Net Income": 1
    },
    "2013-01-31": {
        "Diluted EPS": 0.2,
        "Total Revenue": 375,
        "Gross Profit": 118,
        "Operating Income": 16,
        "EBIT": 19,
        "Net Income": 8
    },
    "2012-10-31": {
        "Diluted EPS": 1.19,
        "Total Revenue": 544,
        "Gross Profit": 190,
        "Operating Income": 81,
        "EBIT": 84,
        "Net Income": 48
    },
    "2012-07-31": {
        "Diluted EPS": 0.04,
        "Total Revenue": 251,
        "Gross Profit": 75,
        "Operating Income": 3,
        "EBIT": 5,
        "Net Income": 1
    },
    "2012-04-30": {
        "Diluted EPS": -0.02,
        "Total Revenue": 229,
        "Gross Profit": 69,
        "Operating Income": 0,
        "EBIT": 2,
        "Net Income": -1
    },
    "2012-01-31": {
        "Diluted EPS": 0.13,
        "Total Revenue": 294,
        "Gross Profit": 83,
        "Operating Income": 9,
        "EBIT": 11,
        "Net Income": 5
    },
    "2011-10-31": {
        "Diluted EPS": 1.08,
        "Total Revenue": 510,
        "Gross Profit": 162,
        "Operating Income": 73,
        "EBIT": 75,
        "Net Income": 44
    },
    "2011-07-31": {
        "Diluted EPS": 0.04,
        "Total Revenue": 230,
        "Gross Profit": 66,
        "Operating Income": 4,
        "EBIT": 6,
        "Net Income": 2
    },
    "2011-04-30": {
        "Diluted EPS": -0.02,
        "Total Revenue": 197,
        "Gross Profit": 59,
        "Operating Income": 0,
        "EBIT": 2,
        "Net Income": -1
    },
    "2011-01-31": {
        "Diluted EPS": 0.32,
        "Total Revenue": 270,
        "Gross Profit": 87,
        "Operating Income": 21,
        "EBIT": 23,
        "Net Income": 12
    },
    "2010-10-31": {
        "Diluted EPS": 1.08,
        "Total Revenue": 450,
        "Gross Profit": 154,
        "Operating Income": 72,
        "EBIT": 74,
        "Net Income": 43
    },
    "2010-07-31": {
        "Diluted EPS": 0.08,
        "Total Revenue": 189,
        "Gross Profit": 61,
        "Operating Income": 6,
        "EBIT": 7,
        "Net Income": 3
    },
    "2010-04-30": {
        "Diluted EPS": -0.04,
        "Total Revenue": 154,
        "Gross Profit": 49,
        "Operating Income": -2,
        "EBIT": -1,
        "Net Income": -1
    },
    "2010-01-31": {
        "Diluted EPS": 0.27,
        "Total Revenue": 194,
        "Gross Profit": 69,
        "Operating Income": 13,
        "EBIT": 15,
        "Net Income": 9
    },
    "2009-10-31": {
        "Diluted EPS": 0.94,
        "Total Revenue": 364,
        "Gross Profit": 126,
        "Operating Income": 58,
        "EBIT": 59,
        "Net Income": 32
    },
    "2009-07-31": {
        "Diluted EPS": -0.09,
        "Total Revenue": 136,
        "Gross Profit": 41,
        "Operating Income": -4,
        "EBIT": -2,
        "Net Income": -3
    },
    "2009-04-30": {
        "Diluted EPS": -0.21,
        "Total Revenue": 108,
        "Gross Profit": 31,
        "Operating Income": -11,
        "EBIT": -10,
        "Net Income": -7
    },
    "2009-01-31": {
        "Diluted EPS": -0.94,
        "Total Revenue": 171,
        "Gross Profit": 42,
        "Operating Income": -39,
        "EBIT": -37,
        "Net Income": -32
    },
    "2023-07-31": {
        "Tax Effect Of Unusual Items": 0.0,
        "Tax Rate For Calcs": 0.268,
        "Normalized EBITDA": 37638000.0,
        "Total Unusual Items": NaN,
        "Total Unusual Items Excluding Goodwill": NaN,
        "Net Income From Continuing Operation Net Minority Interest": 16438000.0,
        "Reconciled Depreciation": 5959000.0,
        "Reconciled Cost Of Revenue": 383108000.0,
        "EBITDA": 37638000.0,
        "EBIT": 31679000.0,
        "Net Interest Income": -9492000.0,
        "Interest Expense": 9492000.0,
        "Normalized Income": 16438000.0,
        "Net Income From Continuing And Discontinued Operation": 16438000.0,
        "Total Expenses": 628274000.0,
        "Total Operating Income As Reported": 31487000.0,
        "Diluted Average Shares": 46570000.0,
        "Basic Average Shares": 45714000.0,
        "Diluted EPS": 0.35,
        "Basic EPS": 0.36,
        "Diluted NI Availto Com Stockholders": 16438000.0,
        "Net Income Common Stockholders": 16438000.0,
        "Net Income": 16438000.0,
        "Minority Interests": 202000.0,
        "Net Income Including Noncontrolling Interests": 16236000.0,
        "Net Income Continuous Operations": 16236000.0,
        "Tax Provision": 5951000.0,
        "Pretax Income": 22187000.0,
        "Other Income Expense": 192000.0,
        "Other Non Operating Income Expenses": 192000.0,
        "Special Income Charges": NaN,
        "Impairment Of Capital Assets": NaN,
        "Net Non Operating Interest Income Expense": -9492000.0,
        "Interest Expense Non Operating": 9492000.0,
        "Operating Income": 31487000.0,
        "Operating Expense": 245166000.0,
        "Depreciation Amortization Depletion Income Statement": 5959000.0,
        "Depreciation And Amortization In Income Statement": 5959000.0,
        "Selling General And Administration": 239207000.0,
        "Gross Profit": 276653000.0,
        "Cost Of Revenue": 383108000.0,
        "Total Revenue": 659761000.0,
        "Operating Revenue": 659761000.0
    },
    "2023-10-31": {
        "Tax Effect Of Unusual Items": NaN,
        "Tax Rate For Calcs": NaN,
        "Normalized EBITDA": NaN,
        "Total Unusual Items": -222000.0,
        "Total Unusual Items Excluding Goodwill": -222000.0,
        "Net Income From Continuing Operation Net Minority Interest": NaN,
        "Reconciled Depreciation": NaN,
        "Reconciled Cost Of Revenue": NaN,
        "EBITDA": NaN,
        "EBIT": NaN,
        "Net Interest Income": NaN,
        "Interest Expense": NaN,
        "Normalized Income": NaN,
        "Net Income From Continuing And Discontinued Operation": NaN,
        "Total Expenses": NaN,
        "Total Operating Income As Reported": NaN,
        "Diluted Average Shares": NaN,
        "Basic Average Shares": NaN,
        "Diluted EPS": NaN,
        "Basic EPS": NaN,
        "Diluted NI Availto Com Stockholders": NaN,
        "Net Income Common Stockholders": NaN,
        "Net Income": NaN,
        "Minority Interests": NaN,
        "Net Income Including Noncontrolling Interests": NaN,
        "Net Income Continuous Operations": NaN,
        "Tax Provision": NaN,
        "Pretax Income": NaN,
        "Other Income Expense": NaN,
        "Other Non Operating Income Expenses": NaN,
        "Special Income Charges": -222000.0,
        "Write Off": 222000.0,
        "Impairment Of Capital Assets": 222000.0,
        "Net Non Operating Interest Income Expense": NaN,
        "Interest Expense Non Operating": NaN,
        "Operating Income": NaN,
        "Operating Expense": NaN,
        "Depreciation Amortization Depletion Income Statement": NaN,
        "Depreciation And Amortization In Income Statement": NaN,
        "Selling General And Administration": NaN,
        "Gross Profit": NaN,
        "Cost Of Revenue": NaN,
        "Total Revenue": NaN,
        "Operating Revenue": NaN
    },
    "2024-01-31": {
        "Tax Effect Of Unusual Items": NaN,
        "Tax Rate For Calcs": NaN,
        "Normalized EBITDA": NaN,
        "Total Unusual Items": -6536000.0,
        "Total Unusual Items Excluding Goodwill": -6536000.0,
        "Net Income From Continuing Operation Net Minority Interest": NaN,
        "Reconciled Depreciation": NaN,
        "Reconciled Cost Of Revenue": NaN,
        "EBITDA": NaN,
        "EBIT": NaN,
        "Net Interest Income": NaN,
        "Interest Expense": NaN,
        "Interest Income": NaN,
        "Normalized Income": NaN,
        "Net Income From Continuing And Discontinued Operation": NaN,
        "Total Expenses": NaN,
        "Total Operating Income As Reported": NaN,
        "Diluted Average Shares": NaN,
        "Basic Average Shares": NaN,
        "Diluted EPS": NaN,
        "Basic EPS": NaN,
        "Diluted NI Availto Com Stockholders": NaN,
        "Net Income Common Stockholders": NaN,
        "Net Income": NaN,
        "Minority Interests": NaN,
        "Net Income Including Noncontrolling Interests": NaN,
        "Net Income Continuous Operations": NaN,
        "Tax Provision": NaN,
        "Pretax Income": NaN,
        "Other Income Expense": NaN,
        "Other Non Operating Income Expenses": NaN,
        "Special Income Charges": -6536000.0,
        "Write Off": 6536000.0,
        "Impairment Of Capital Assets": 6536000.0,
        "Net Non Operating Interest Income Expense": NaN,
        "Interest Expense Non Operating": NaN,
        "Interest Income Non Operating": NaN,
        "Operating Income": NaN,
        "Operating Expense": NaN,
        "Depreciation Amortization Depletion Income Statement": NaN,
        "Depreciation And Amortization In Income Statement": NaN,
        "Selling General And Administration": NaN,
        "Gross Profit": NaN,
        "Cost Of Revenue": NaN,
        "Total Revenue": NaN,
        "Operating Revenue": NaN
    },
    "2024-04-30": {
        "Tax Effect Of Unusual Items": NaN,
        "Tax Rate For Calcs": NaN,
        "Normalized EBITDA": NaN,
        "Total Unusual Items": NaN,
        "Total Unusual Items Excluding Goodwill": NaN,
        "Net Income From Continuing Operation Net Minority Interest": NaN,
        "Reconciled Depreciation": NaN,
        "Reconciled Cost Of Revenue": NaN,
        "EBITDA": NaN,
        "EBIT": NaN,
        "Net Interest Income": NaN,
        "Interest Expense": 5424000.0,
        "Interest Income": NaN,
        "Normalized Income": NaN,
        "Net Income From Continuing And Discontinued Operation": NaN,
        "Total Expenses": NaN,
        "Total Operating Income As Reported": NaN,
        "Diluted Average Shares": NaN,
        "Basic Average Shares": NaN,
        "Diluted EPS": NaN,
        "Basic EPS": NaN,
        "Diluted NI Availto Com Stockholders": NaN,
        "Net Income Common Stockholders": NaN,
        "Net Income": NaN,
        "Minority Interests": NaN,
        "Net Income Including Noncontrolling Interests": NaN,
        "Net Income Continuous Operations": NaN,
        "Tax Provision": NaN,
        "Pretax Income": NaN,
        "Other Income Expense": NaN,
        "Other Non Operating Income Expenses": NaN,
        "Special Income Charges": NaN,
        "Write Off": NaN,
        "Net Non Operating Interest Income Expense": NaN,
        "Interest Expense Non Operating": 5424000.0,
        "Interest Income Non Operating": NaN,
        "Operating Income": NaN,
        "Operating Expense": NaN,
        "Depreciation Amortization Depletion Income Statement": NaN,
        "Depreciation And Amortization In Income Statement": NaN,
        "Selling General And Administration": NaN,
        "Gross Profit": NaN,
        "Cost Of Revenue": NaN,
        "Total Revenue": NaN,
        "Operating Revenue": NaN
    },
    "2024-07-31": {
        "Tax Effect Of Unusual Items": NaN,
        "Tax Rate For Calcs": NaN,
        "Normalized EBITDA": NaN,
        "Total Unusual Items": NaN,
        "Total Unusual Items Excluding Goodwill": NaN,
        "Net Income From Continuing Operation Net Minority Interest": NaN,
        "Reconciled Depreciation": NaN,
        "Reconciled Cost Of Revenue": NaN,
        "EBITDA": NaN,
        "EBIT": NaN,
        "Net Interest Income": NaN,
        "Interest Expense": 4876000.0,
        "Interest Income": NaN,
        "Normalized Income": NaN,
        "Net Income From Continuing And Discontinued Operation": NaN,
        "Total Expenses": NaN,
        "Total Operating Income As Reported": NaN,
        "Diluted Average Shares": NaN,
        "Basic Average Shares": NaN,
        "Diluted EPS": NaN,
        "Basic EPS": NaN,
        "Diluted NI Availto Com Stockholders": NaN,
        "Net Income Common Stockholders": NaN,
        "Net Income": NaN,
        "Minority Interests": NaN,
        "Net Income Including Noncontrolling Interests": NaN,
        "Net Income Continuous Operations": NaN,
        "Tax Provision": NaN,
        "Pretax Income": NaN,
        "Other Income Expense": NaN,
        "Other Non Operating Income Expenses": NaN,
        "Special Income Charges": NaN,
        "Write Off": NaN,
        "Net Non Operating Interest Income Expense": NaN,
        "Interest Expense Non Operating": 4876000.0,
        "Interest Income Non Operating": NaN,
        "Operating Income": NaN,
        "Operating Expense": NaN,
        "Depreciation Amortization Depletion Income Statement": NaN,
        "Depreciation And Amortization In Income Statement": NaN,
        "Selling General And Administration": NaN,
        "Gross Profit": NaN,
        "Cost Of Revenue": NaN,
        "Total Revenue": NaN,
        "Operating Revenue": NaN
    },
    "2024-10-31": {
        "Tax Effect Of Unusual Items": 0.0,
        "Tax Rate For Calcs": 0.287,
        "Normalized EBITDA": 173833000.0,
        "Total Unusual Items": 0.0,
        "Total Unusual Items Excluding Goodwill": 0.0,
        "Net Income From Continuing Operation Net Minority Interest": 114768000.0,
        "Reconciled Depreciation": 6556000.0,
        "Reconciled Cost Of Revenue": 654628000.0,
        "EBITDA": 173833000.0,
        "EBIT": 167277000.0,
        "Net Interest Income": -6358000.0,
        "Interest Expense": 6358000.0,
        "Interest Income": NaN,
        "Normalized Income": 114768000.0,
        "Net Income From Continuing And Discontinued Operation": 114768000.0,
        "Total Expenses": 920424000.0,
        "Total Operating Income As Reported": 166335000.0,
        "Diluted Average Shares": 44954000.0,
        "Basic Average Shares": 43885000.0,
        "Diluted EPS": 2.55,
        "Basic EPS": 2.62,
        "Diluted NI Availto Com Stockholders": 114768000.0,
        "Net Income Common Stockholders": 114768000.0,
        "Net Income": 114768000.0,
        "Minority Interests": 0.0,
        "Net Income Including Noncontrolling Interests": 114768000.0,
        "Net Income Continuous Operations": 114768000.0,
        "Tax Provision": 46151000.0,
        "Pretax Income": 160919000.0,
        "Other Income Expense": 942000.0,
        "Other Non Operating Income Expenses": 942000.0,
        "Special Income Charges": 0.0,
        "Write Off": 0.0,
        "Net Non Operating Interest Income Expense": -6358000.0,
        "Interest Expense Non Operating": 6358000.0,
        "Interest Income Non Operating": NaN,
        "Operating Income": 166335000.0,
        "Operating Expense": 265796000.0,
        "Depreciation Amortization Depletion Income Statement": 6556000.0,
        "Depreciation And Amortization In Income Statement": 6556000.0,
        "Selling General And Administration": 259240000.0,
        "Gross Profit": 432131000.0,
        "Cost Of Revenue": 654628000.0,
        "Total Revenue": 1086759000.0,
        "Operating Revenue": 1086759000.0
    },
    "2025-01-31": {
        "Tax Effect Of Unusual Items": -2267606.935816,
        "Tax Rate For Calcs": 0.276706,
        "Normalized EBITDA": 84566000.0,
        "Total Unusual Items": -8195000.0,
        "Total Unusual Items Excluding Goodwill": -8195000.0,
        "Net Income From Continuing Operation Net Minority Interest": 48784000.0,
        "Reconciled Depreciation": 6740000.0,
        "Reconciled Cost Of Revenue": 507907000.0,
        "EBITDA": 76371000.0,
        "EBIT": 69631000.0,
        "Net Interest Income": -2184000.0,
        "Interest Expense": 2184000.0,
        "Interest Income": NaN,
        "Normalized Income": 54711393.064184,
        "Net Income From Continuing And Discontinued Operation": 48784000.0,
        "Total Expenses": 759568000.0,
        "Total Operating Income As Reported": 71772000.0,
        "Diluted Average Shares": 45703000.0,
        "Basic Average Shares": 43886000.0,
        "Diluted EPS": 1.07,
        "Basic EPS": 1.11,
        "Diluted NI Availto Com Stockholders": 48784000.0,
        "Net Income Common Stockholders": 48784000.0,
        "Net Income": 48784000.0,
        "Minority Interests": 0.0,
        "Net Income Including Noncontrolling Interests": 48784000.0,
        "Net Income Continuous Operations": 48784000.0,
        "Tax Provision": 18663000.0,
        "Pretax Income": 67447000.0,
        "Other Income Expense": -10336000.0,
        "Other Non Operating Income Expenses": -2141000.0,
        "Special Income Charges": -8195000.0,
        "Write Off": 8195000.0,
        "Net Non Operating Interest Income Expense": -2184000.0,
        "Interest Expense Non Operating": 2184000.0,
        "Interest Income Non Operating": NaN,
        "Operating Income": 79967000.0,
        "Operating Expense": 251661000.0,
        "Depreciation Amortization Depletion Income Statement": 6740000.0,
        "Depreciation And Amortization In Income Statement": 6740000.0,
        "Selling General And Administration": 244921000.0,
        "Gross Profit": 331628000.0,
        "Cost Of Revenue": 507907000.0,
        "Total Revenue": 839535000.0,
        "Operating Revenue": 839535000.0
    },
    "2025-04-30": {
        "Tax Effect Of Unusual Items": 0.0,
        "Tax Rate For Calcs": 0.324,
        "Normalized EBITDA": 18511000.0,
        "Total Unusual Items": NaN,
        "Total Unusual Items Excluding Goodwill": NaN,
        "Net Income From Continuing Operation Net Minority Interest": 7759000.0,
        "Reconciled Depreciation": 6573000.0,
        "Reconciled Cost Of Revenue": 337065000.0,
        "EBITDA": 18511000.0,
        "EBIT": 11938000.0,
        "Net Interest Income": -461000.0,
        "Interest Expense": 461000.0,
        "Interest Income": NaN,
        "Normalized Income": 7759000.0,
        "Net Income From Continuing And Discontinued Operation": 7759000.0,
        "Total Expenses": 575133000.0,
        "Total Operating Income As Reported": 8476000.0,
        "Diluted Average Shares": 45385000.0,
        "Basic Average Shares": 43748000.0,
        "Diluted EPS": 0.17,
        "Basic EPS": 0.18,
        "Diluted NI Availto Com Stockholders": 7759000.0,
        "Net Income Common Stockholders": 7759000.0,
        "Net Income": 7759000.0,
        "Minority Interests": 0.0,
        "Net Income Including Noncontrolling Interests": 7759000.0,
        "Net Income Continuous Operations": 7759000.0,
        "Tax Provision": 3718000.0,
        "Pretax Income": 11477000.0,
        "Other Income Expense": 3462000.0,
        "Other Non Operating Income Expenses": 3462000.0,
        "Special Income Charges": NaN,
        "Write Off": NaN,
        "Net Non Operating Interest Income Expense": -461000.0,
        "Interest Expense Non Operating": 461000.0,
        "Interest Income Non Operating": NaN,
        "Operating Income": 8476000.0,
        "Operating Expense": 238068000.0,
        "Depreciation Amortization Depletion Income Statement": 6573000.0,
        "Depreciation And Amortization In Income Statement": 6573000.0,
        "Selling General And Administration": 231495000.0,
        "Gross Profit": 246544000.0,
        "Cost Of Revenue": 337065000.0,
        "Total Revenue": 583609000.0,
        "Operating Revenue": 583609000.0
    },
    "2025-07-31": {
        "Tax Effect Of Unusual Items": 0.0,
        "Tax Rate For Calcs": 0.312,
        "Normalized EBITDA": 23626000.0,
        "Total Unusual Items": NaN,
        "Total Unusual Items Excluding Goodwill": NaN,
        "Net Income From Continuing Operation Net Minority Interest": 10939000.0,
        "Reconciled Depreciation": 7326000.0,
        "Reconciled Cost Of Revenue": 362795000.0,
        "EBITDA": 23626000.0,
        "EBIT": 16300000.0,
        "Net Interest Income": 304000.0,
        "Interest Expense": NaN,
        "Interest Income": 304000.0,
        "Normalized Income": 10939000.0,
        "Net Income From Continuing And Discontinued Operation": 10939000.0,
        "Total Expenses": 596966000.0,
        "Total Operating Income As Reported": 16300000.0,
        "Diluted Average Shares": 44219000.0,
        "Basic Average Shares": 42777000.0,
        "Diluted EPS": 0.25,
        "Basic EPS": 0.26,
        "Diluted NI Availto Com Stockholders": 10939000.0,
        "Net Income Common Stockholders": 10939000.0,
        "Net Income": 10939000.0,
        "Minority Interests": 0.0,
        "Net Income Including Noncontrolling Interests": 10939000.0,
        "Net Income Continuous Operations": 10939000.0,
        "Tax Provision": 4958000.0,
        "Pretax Income": 15897000.0,
        "Other Income Expense": -707000.0,
        "Other Non Operating Income Expenses": -707000.0,
        "Special Income Charges": NaN,
        "Write Off": NaN,
        "Net Non Operating Interest Income Expense": 304000.0,
        "Interest Expense Non Operating": NaN,
        "Interest Income Non Operating": 304000.0,
        "Operating Income": 16300000.0,
        "Operating Expense": 234171000.0,
        "Depreciation Amortization Depletion Income Statement": 7326000.0,
        "Depreciation And Amortization In Income Statement": 7326000.0,
        "Selling General And Administration": 226845000.0,
        "Gross Profit": 250471000.0,
        "Cost Of Revenue": 362795000.0,
        "Total Revenue": 613266000.0,
        "Operating Revenue": 613266000.0
    },
    "2025-10-31": {
        "Tax Effect Of Unusual Items": -466030.0,
        "Tax Rate For Calcs": 0.29,
        "Normalized EBITDA": 122516000.0,
        "Total Unusual Items": -1607000.0,
        "Total Unusual Items Excluding Goodwill": -1607000.0,
        "Net Income From Continuing Operation Net Minority Interest": 80593000.0,
        "Reconciled Depreciation": 7196000.0,
        "Reconciled Cost Of Revenue": 607116000.0,
        "EBITDA": 120909000.0,
        "EBIT": 113713000.0,
        "Net Interest Income": -229000.0,
        "Interest Expense": 229000.0,
        "Interest Income": NaN,
        "Normalized Income": 81733970.0,
        "Net Income From Continuing And Discontinued Operation": 80593000.0,
        "Total Expenses": 874741000.0,
        "Total Operating Income As Reported": 112301000.0,
        "Diluted Average Shares": 43898000.0,
        "Basic Average Shares": 42254000.0,
        "Diluted EPS": 1.84,
        "Basic EPS": 1.91,
        "Diluted NI Availto Com Stockholders": 80593000.0,
        "Net Income Common Stockholders": 80593000.0,
        "Net Income": 80593000.0,
        "Minority Interests": 0.0,
        "Net Income Including Noncontrolling Interests": 80593000.0,
        "Net Income Continuous Operations": 80593000.0,
        "Tax Provision": 32891000.0,
        "Pretax Income": 113484000.0,
        "Other Income Expense": -195000.0,
        "Other Non Operating Income Expenses": 1412000.0,
        "Special Income Charges": -1607000.0,
        "Write Off": 1607000.0,
        "Net Non Operating Interest Income Expense": -229000.0,
        "Interest Expense Non Operating": 229000.0,
        "Interest Income Non Operating": NaN,
        "Operating Income": 113908000.0,
        "Operating Expense": 267625000.0,
        "Depreciation Amortization Depletion Income Statement": 7196000.0,
        "Depreciation And Amortization In Income Statement": 7196000.0,
        "Selling General And Administration": 260429000.0,
        "Gross Profit": 381533000.0,
        "Cost Of Revenue": 607116000.0,
        "Total Revenue": 988649000.0,
        "Operating Revenue": 988649000.0
    }
}