{
    "2023-03-31": {
        "Tax Effect Of Unusual Items": NaN,
        "Tax Rate For Calcs": NaN,
        "Normalized EBITDA": NaN,
        "Total Unusual Items": 0.0,
        "Total Unusual Items Excluding Goodwill": 0.0,
        "Net Income From Continuing Operation Net Minority Interest": NaN,
        "Reconciled Depreciation": NaN,
        "Reconciled Cost Of Revenue": NaN,
        "EBITDA": NaN,
        "EBIT": NaN,
        "Net Interest Income": NaN,
        "Interest Expense": 149000.0,
        "Normalized Income": NaN,
        "Net Income From Continuing And Discontinued Operation": NaN,
        "Total Expenses": NaN,
        "Total Operating Income As Reported": NaN,
        "Diluted Average Shares": NaN,
        "Basic Average Shares": NaN,
        "Diluted EPS": NaN,
        "Basic EPS": NaN,
        "Diluted NI Availto Com Stockholders": NaN,
        "Net Income Common Stockholders": NaN,
        "Net Income": NaN,
        "Net Income Including Noncontrolling Interests": NaN,
        "Net Income Continuous Operations": NaN,
        "Tax Provision": NaN,
        "Pretax Income": NaN,
        "Special Income Charges": 0.0,
        "Write Off": 0.0,
        "Net Non Operating Interest Income Expense": NaN,
        "Total Other Finance Cost": NaN,
        "Interest Expense Non Operating": 149000.0,
        "Operating Income": NaN,
        "Operating Expense": NaN,
        "Other Operating Expenses": NaN,
        "Research And Development": NaN,
        "Selling General And Administration": NaN,
        "Selling And Marketing Expense": NaN,
        "General And Administrative Expense": NaN,
        "Other Gand A": NaN,
        "Gross Profit": NaN,
        "Cost Of Revenue": NaN,
        "Total Revenue": NaN,
        "Operating Revenue": NaN
    },
    "2022-12-31": {
        "Tax Effect Of Unusual Items": NaN,
        "Tax Rate For Calcs": NaN,
        "Normalized EBITDA": NaN,
        "Total Unusual Items": -2072000.0,
        "Total Unusual Items Excluding Goodwill": -2072000.0,
        "Net Income From Continuing Operation Net Minority Interest": NaN,
        "Reconciled Depreciation": NaN,
        "Reconciled Cost Of Revenue": NaN,
        "EBITDA": NaN,
        "EBIT": NaN,
        "Net Interest Income": NaN,
        "Interest Expense": -2716000.0,
        "Normalized Income": NaN,
        "Net Income From Continuing And Discontinued Operation": NaN,
        "Total Expenses": NaN,
        "Total Operating Income As Reported": NaN,
        "Diluted Average Shares": NaN,
        "Basic Average Shares": NaN,
        "Diluted EPS": NaN,
        "Basic EPS": NaN,
        "Diluted NI Availto Com Stockholders": NaN,
        "Net Income Common Stockholders": NaN,
        "Net Income": NaN,
        "Net Income Including Noncontrolling Interests": NaN,
        "Net Income Continuous Operations": NaN,
        "Tax Provision": NaN,
        "Pretax Income": NaN,
        "Other Income Expense": -2072000.0,
        "Special Income Charges": -53000.0,
        "Write Off": 53000.0,
        "Net Non Operating Interest Income Expense": NaN,
        "Total Other Finance Cost": NaN,
        "Interest Expense Non Operating": -2716000.0,
        "Operating Income": NaN,
        "Operating Expense": NaN,
        "Other Operating Expenses": NaN,
        "Research And Development": NaN,
        "Selling General And Administration": NaN,
        "Selling And Marketing Expense": NaN,
        "General And Administrative Expense": NaN,
        "Other Gand A": NaN,
        "Gross Profit": NaN,
        "Cost Of Revenue": NaN,
        "Total Revenue": NaN,
        "Operating Revenue": NaN
    },
    "2022-09-30": {
        "Tax Effect Of Unusual Items": NaN,
        "Tax Rate For Calcs": NaN,
        "Normalized EBITDA": NaN,
        "Total Unusual Items": NaN,
        "Total Unusual Items Excluding Goodwill": NaN,
        "Net Income From Continuing Operation Net Minority Interest": NaN,
        "Reconciled Depreciation": NaN,
        "Reconciled Cost Of Revenue": NaN,
        "EBITDA": NaN,
        "EBIT": NaN,
        "Net Interest Income": NaN,
        "Interest Expense": 1053000.0,
        "Normalized Income": NaN,
        "Net Income From Continuing And Discontinued Operation": NaN,
        "Total Expenses": NaN,
        "Total Operating Income As Reported": NaN,
        "Diluted Average Shares": NaN,
        "Basic Average Shares": NaN,
        "Diluted EPS": NaN,
        "Basic EPS": NaN,
        "Diluted NI Availto Com Stockholders": NaN,
        "Net Income Common Stockholders": NaN,
        "Net Income": NaN,
        "Net Income Including Noncontrolling Interests": NaN,
        "Net Income Continuous Operations": NaN,
        "Tax Provision": NaN,
        "Pretax Income": NaN,
        "Other Income Expense": -279000.0,
        "Special Income Charges": NaN,
        "Write Off": NaN,
        "Net Non Operating Interest Income Expense": NaN,
        "Total Other Finance Cost": NaN,
        "Interest Expense Non Operating": 1053000.0,
        "Operating Income": NaN,
        "Operating Expense": NaN,
        "Other Operating Expenses": NaN,
        "Research And Development": NaN,
        "Selling General And Administration": NaN,
        "Selling And Marketing Expense": NaN,
        "General And Administrative Expense": NaN,
        "Other Gand A": NaN,
        "Gross Profit": NaN,
        "Cost Of Revenue": NaN,
        "Total Revenue": NaN,
        "Operating Revenue": NaN
    },
    "2022-06-30": {
        "Tax Effect Of Unusual Items": -91600.0,
        "Tax Rate For Calcs": 0.4,
        "Normalized EBITDA": 4607000.0,
        "Total Unusual Items": -229000.0,
        "Total Unusual Items Excluding Goodwill": -229000.0,
        "Net Income From Continuing Operation Net Minority Interest": 506000.0,
        "Reconciled Depreciation": 2887000.0,
        "Reconciled Cost Of Revenue": 35685000.0,
        "EBITDA": 4378000.0,
        "EBIT": 1491000.0,
        "Net Interest Income": -468000.0,
        "Interest Expense": 468000.0,
        "Normalized Income": 643400.0,
        "Net Income From Continuing And Discontinued Operation": 506000.0,
        "Total Expenses": 53734000.0,
        "Total Operating Income As Reported": 1491000.0,
        "Diluted Average Shares": 56637208.0,
        "Basic Average Shares": 56597523.0,
        "Diluted EPS": 0.01,
        "Basic EPS": 0.01,
        "Diluted NI Availto Com Stockholders": 506000.0,
        "Net Income Common Stockholders": 506000.0,
        "Net Income": 506000.0,
        "Net Income Including Noncontrolling Interests": 506000.0,
        "Net Income Continuous Operations": 506000.0,
        "Tax Provision": 517000.0,
        "Pretax Income": 1023000.0,
        "Other Income Expense": -229000.0,
        "Special Income Charges": -229000.0,
        "Write Off": 229000.0,
        "Net Non Operating Interest Income Expense": -468000.0,
        "Interest Expense Non Operating": 468000.0,
        "Operating Income": 1720000.0,
        "Operating Expense": 18049000.0,
        "Other Operating Expenses": NaN,
        "Research And Development": 8718000.0,
        "Selling General And Administration": 9331000.0,
        "Selling And Marketing Expense": 4960000.0,
        "General And Administrative Expense": 4371000.0,
        "Other Gand A": 4371000.0,
        "Gross Profit": 19769000.0,
        "Cost Of Revenue": 35685000.0,
        "Total Revenue": 55454000.0,
        "Operating Revenue": 55454000.0
    },
    "2022-03-31": {
        "Diluted EPS": -0.04,
        "Total Revenue": 51,
        "Gross Profit": 16,
        "Operating Income": -1,
        "EBIT": 2,
        "Net Income": -3
    },
    "2021-12-31": {
        "Diluted EPS": 0.04,
        "Total Revenue": 67,
        "Gross Profit": 25,
        "Operating Income": 5,
        "EBIT": 9,
        "Net Income": 2
    },
    "2021-09-30": {
        "Diluted EPS": 0.0,
        "Total Revenue": 50,
        "Gross Profit": 17,
        "Operating Income": 1,
        "EBIT": 3,
        "Net Income": 0
    },
    "2021-06-30": {
        "Diluted EPS": 0.0,
        "Total Revenue": 55,
        "Gross Profit": 17,
        "Operating Income": 0,
        "EBIT": 2,
        "Net Income": 0
    },
    "2021-03-31": {
        "Diluted EPS": -0.09,
        "Total Revenue": 43,
        "Gross Profit": 12,
        "Operating Income": -4,
        "EBIT": -1,
        "Net Income": -5
    },
    "2020-12-31": {
        "Diluted EPS": 1.13,
        "Total Revenue": 43,
        "Gross Profit": 13,
        "Operating Income": 63,
        "EBIT": 65,
        "Net Income": 63
    },
    "2020-09-30": {
        "Diluted EPS": -0.21,
        "Total Revenue": 37,
        "Gross Profit": 9,
        "Operating Income": -11,
        "EBIT": -8,
        "Net Income": -12
    },
    "2020-06-30": {
        "Diluted EPS": -0.08,
        "Total Revenue": 38,
        "Gross Profit": 10,
        "Operating Income": -3,
        "EBIT": -1,
        "Net Income": -4
    },
    "2020-03-31": {
        "Diluted EPS": -0.21,
        "Total Revenue": 48,
        "Gross Profit": 9,
        "Operating Income": -11,
        "EBIT": -8,
        "Net Income": -12
    },
    "2019-12-31": {
        "Diluted EPS": 0.43,
        "Total Revenue": 78,
        "Gross Profit": 27,
        "Operating Income": 9,
        "EBIT": 12,
        "Net Income": 24
    },
    "2019-09-30": {
        "Diluted EPS": 0.11,
        "Total Revenue": 63,
        "Gross Profit": 23,
        "Operating Income": 7,
        "EBIT": 10,
        "Net Income": 6
    },
    "2019-06-30": {
        "Diluted EPS": 0.06,
        "Total Revenue": 60,
        "Gross Profit": 22,
        "Operating Income": 5,
        "EBIT": 8,
        "Net Income": 3
    },
    "2019-03-31": {
        "Diluted EPS": 0.05,
        "Total Revenue": 62,
        "Gross Profit": 24,
        "Operating Income": 4,
        "EBIT": 7,
        "Net Income": 3
    },
    "2018-12-31": {
        "Diluted EPS": 0.09,
        "Total Revenue": 70,
        "Gross Profit": 26,
        "Operating Income": 8,
        "EBIT": 10,
        "Net Income": 5
    },
    "2018-09-30": {
        "Diluted EPS": 0.16,
        "Total Revenue": 63,
        "Gross Profit": 24,
        "Operating Income": 6,
        "EBIT": 9,
        "Net Income": 9
    },
    "2018-06-30": {
        "Diluted EPS": 0.04,
        "Total Revenue": 67,
        "Gross Profit": 22,
        "Operating Income": 4,
        "EBIT": 8,
        "Net Income": 2
    },
    "2018-03-31": {
        "Diluted EPS": 0.04,
        "Total Revenue": 67,
        "Gross Profit": 21,
        "Operating Income": 4,
        "EBIT": 7,
        "Net Income": 2
    },
    "2017-12-31": {
        "Diluted EPS": 0.05,
        "Total Revenue": 83,
        "Gross Profit": 25,
        "Operating Income": 6,
        "EBIT": 9,
        "Net Income": 3
    },
    "2017-09-30": {
        "Diluted EPS": 0.04,
        "Total Revenue": 70,
        "Gross Profit": 20,
        "Operating Income": 3,
        "EBIT": 7,
        "Net Income": 2
    },
    "2017-06-30": {
        "Diluted EPS": 0.04,
        "Total Revenue": 66,
        "Gross Profit": 20,
        "Operating Income": 2,
        "EBIT": 5,
        "Net Income": 2
    },
    "2017-03-31": {
        "Diluted EPS": -0.01,
        "Total Revenue": 64,
        "Gross Profit": 17,
        "Operating Income": 0,
        "EBIT": 3,
        "Net Income": -1
    },
    "2016-12-31": {
        "Diluted EPS": 0.1,
        "Total Revenue": 80,
        "Gross Profit": 24,
        "Operating Income": 6,
        "EBIT": 10,
        "Net Income": 5
    },
    "2016-09-30": {
        "Diluted EPS": -0.04,
        "Total Revenue": 79,
        "Gross Profit": 24,
        "Operating Income": 0,
        "EBIT": 3,
        "Net Income": -2
    },
    "2016-06-30": {
        "Diluted EPS": -0.07,
        "Total Revenue": 68,
        "Gross Profit": 15,
        "Operating Income": -3,
        "EBIT": 1,
        "Net Income": -4
    },
    "2016-03-31": {
        "Diluted EPS": -0.09,
        "Total Revenue": 53,
        "Gross Profit": 12,
        "Operating Income": -3,
        "EBIT": 0,
        "Net Income": -4
    },
    "2015-12-31": {
        "Diluted EPS": -0.12,
        "Total Revenue": 68,
        "Gross Profit": 10,
        "Operating Income": -3,
        "EBIT": 0,
        "Net Income": -5
    },
    "2015-09-30": {
        "Diluted EPS": -0.73,
        "Total Revenue": 40,
        "Gross Profit": 9,
        "Operating Income": -29,
        "EBIT": -25,
        "Net Income": -32
    },
    "2015-06-30": {
        "Diluted EPS": -0.21,
        "Total Revenue": 44,
        "Gross Profit": 11,
        "Operating Income": -7,
        "EBIT": -3,
        "Net Income": -9
    },
    "2015-03-31": {
        "Diluted EPS": -0.13,
        "Total Revenue": 45,
        "Gross Profit": 13,
        "Operating Income": -4,
        "EBIT": 0,
        "Net Income": -6
    },
    "2014-12-31": {
        "Diluted EPS": 0.06,
        "Total Revenue": 73,
        "Gross Profit": 26,
        "Operating Income": 5,
        "EBIT": 10,
        "Net Income": 2
    },
    "2014-09-30": {
        "Diluted EPS": 0.0,
        "Total Revenue": 57,
        "Gross Profit": 19,
        "Operating Income": 2,
        "EBIT": 6,
        "Net Income": 0
    },
    "2014-06-30": {
        "Diluted EPS": -0.03,
        "Total Revenue": 54,
        "Gross Profit": 19,
        "Operating Income": 0,
        "EBIT": 3,
        "Net Income": -1
    },
    "2014-03-31": {
        "Diluted EPS": -0.06,
        "Total Revenue": 51,
        "Gross Profit": 20,
        "Operating Income": -1,
        "EBIT": 2,
        "Net Income": -3
    },
    "2013-12-31": {
        "Diluted EPS": -0.18,
        "Total Revenue": 56,
        "Gross Profit": 65,
        "Operating Income": 56,
        "EBIT": 58,
        "Net Income": -8
    },
    "2013-09-30": {
        "Diluted EPS": -0.1,
        "Total Revenue": 71,
        "Gross Profit": 20,
        "Operating Income": -3,
        "EBIT": 1,
        "Net Income": -4
    },
    "2013-06-30": {
        "Diluted EPS": -0.09,
        "Total Revenue": 80,
        "Gross Profit": 24,
        "Operating Income": -1,
        "EBIT": 5,
        "Net Income": -4
    },
    "2013-03-31": {
        "Diluted EPS": -0.06,
        "Total Revenue": 83,
        "Gross Profit": 26,
        "Operating Income": -1,
        "EBIT": 5,
        "Net Income": -2
    },
    "2012-12-31": {
        "Diluted EPS": -0.58,
        "Total Revenue": 97,
        "Gross Profit": 33,
        "Operating Income": 4,
        "EBIT": 10,
        "Net Income": -24
    },
    "2012-09-30": {
        "Diluted EPS": 0.08,
        "Total Revenue": 89,
        "Gross Profit": 28,
        "Operating Income": 3,
        "EBIT": 9,
        "Net Income": 3
    },
    "2012-06-30": {
        "Diluted EPS": 0.02,
        "Total Revenue": 85,
        "Gross Profit": 27,
        "Operating Income": 2,
        "EBIT": 8,
        "Net Income": 1
    },
    "2012-03-31": {
        "Diluted EPS": -0.07,
        "Total Revenue": 77,
        "Gross Profit": 24,
        "Operating Income": -3,
        "EBIT": 2,
        "Net Income": -3
    },
    "2011-12-31": {
        "Diluted EPS": -0.28,
        "Total Revenue": 94,
        "Gross Profit": 34,
        "Operating Income": 4,
        "EBIT": 10,
        "Net Income": -12
    },
    "2011-09-30": {
        "Diluted EPS": 0.1,
        "Total Revenue": 84,
        "Gross Profit": 29,
        "Operating Income": 2,
        "EBIT": 8,
        "Net Income": 4
    },
    "2011-06-30": {
        "Diluted EPS": 0.02,
        "Total Revenue": 82,
        "Gross Profit": 29,
        "Operating Income": 0,
        "EBIT": 6,
        "Net Income": 1
    },
    "2011-03-31": {
        "Diluted EPS": 0.01,
        "Total Revenue": 80,
        "Gross Profit": 29,
        "Operating Income": 1,
        "EBIT": 8,
        "Net Income": 0
    },
    "2010-12-31": {
        "Diluted EPS": -0.12,
        "Total Revenue": 66,
        "Gross Profit": 23,
        "Operating Income": -1,
        "EBIT": 4,
        "Net Income": -5
    },
    "2010-09-30": {
        "Diluted EPS": 0.86,
        "Total Revenue": 58,
        "Gross Profit": 20,
        "Operating Income": 0,
        "EBIT": 4,
        "Net Income": 36
    },
    "2010-06-30": {
        "Diluted EPS": -0.03,
        "Total Revenue": 52,
        "Gross Profit": 17,
        "Operating Income": -1,
        "EBIT": 2,
        "Net Income": -1
    },
    "2010-03-31": {
        "Diluted EPS": 0.02,
        "Total Revenue": 57,
        "Gross Profit": 20,
        "Operating Income": 0,
        "EBIT": 3,
        "Net Income": 1
    },
    "2009-12-31": {
        "Diluted EPS": 0.01,
        "Total Revenue": 57,
        "Gross Profit": 19,
        "Operating Income": 0,
        "EBIT": 4,
        "Net Income": 0
    },
    "2009-09-30": {
        "Diluted EPS": 0.06,
        "Total Revenue": 55,
        "Gross Profit": 17,
        "Operating Income": 0,
        "EBIT": 3,
        "Net Income": 2
    },
    "2009-06-30": {
        "Diluted EPS": -0.03,
        "Total Revenue": 56,
        "Gross Profit": 17,
        "Operating Income": 0,
        "EBIT": 3,
        "Net Income": -1
    },
    "2009-03-31": {
        "Diluted EPS": 0.01,
        "Total Revenue": 61,
        "Gross Profit": 18,
        "Operating Income": 0,
        "EBIT": 4,
        "Net Income": 0
    },
    "2023-06-30": {
        "Tax Effect Of Unusual Items": NaN,
        "Tax Rate For Calcs": NaN,
        "Normalized EBITDA": NaN,
        "Total Unusual Items": 0.0,
        "Total Unusual Items Excluding Goodwill": 0.0,
        "Net Income From Continuing Operation Net Minority Interest": NaN,
        "Reconciled Depreciation": NaN,
        "Reconciled Cost Of Revenue": NaN,
        "EBITDA": NaN,
        "EBIT": NaN,
        "Net Interest Income": NaN,
        "Interest Expense": 586000.0,
        "Normalized Income": NaN,
        "Net Income From Continuing And Discontinued Operation": NaN,
        "Total Expenses": NaN,
        "Total Operating Income As Reported": NaN,
        "Diluted Average Shares": NaN,
        "Basic Average Shares": NaN,
        "Diluted EPS": NaN,
        "Basic EPS": NaN,
        "Diluted NI Availto Com Stockholders": NaN,
        "Net Income Common Stockholders": NaN,
        "Net Income": NaN,
        "Net Income Including Noncontrolling Interests": NaN,
        "Net Income Continuous Operations": NaN,
        "Tax Provision": NaN,
        "Pretax Income": NaN,
        "Special Income Charges": 0.0,
        "Write Off": 0.0,
        "Net Non Operating Interest Income Expense": NaN,
        "Total Other Finance Cost": NaN,
        "Interest Expense Non Operating": 586000.0,
        "Operating Income": NaN,
        "Operating Expense": NaN,
        "Other Operating Expenses": NaN,
        "Research And Development": NaN,
        "Selling General And Administration": NaN,
        "Selling And Marketing Expense": NaN,
        "General And Administrative Expense": NaN,
        "Other Gand A": NaN,
        "Gross Profit": NaN,
        "Cost Of Revenue": NaN,
        "Total Revenue": NaN,
        "Operating Revenue": NaN
    },
    "2023-09-30": {
        "Tax Effect Of Unusual Items": NaN,
        "Tax Rate For Calcs": NaN,
        "Normalized EBITDA": NaN,
        "Total Unusual Items": 0.0,
        "Total Unusual Items Excluding Goodwill": 0.0,
        "Net Income From Continuing Operation Net Minority Interest": NaN,
        "Reconciled Depreciation": NaN,
        "Reconciled Cost Of Revenue": NaN,
        "EBITDA": NaN,
        "EBIT": NaN,
        "Net Interest Income": NaN,
        "Interest Expense": 352000.0,
        "Normalized Income": NaN,
        "Net Income From Continuing And Discontinued Operation": NaN,
        "Total Expenses": NaN,
        "Total Operating Income As Reported": NaN,
        "Diluted Average Shares": NaN,
        "Basic Average Shares": NaN,
        "Diluted EPS": NaN,
        "Basic EPS": NaN,
        "Diluted NI Availto Com Stockholders": NaN,
        "Net Income Common Stockholders": NaN,
        "Net Income": NaN,
        "Net Income Including Noncontrolling Interests": NaN,
        "Net Income Continuous Operations": NaN,
        "Tax Provision": NaN,
        "Pretax Income": NaN,
        "Special Income Charges": 0.0,
        "Write Off": 0.0,
        "Net Non Operating Interest Income Expense": NaN,
        "Total Other Finance Cost": NaN,
        "Interest Expense Non Operating": 352000.0,
        "Operating Income": NaN,
        "Operating Expense": NaN,
        "Other Operating Expenses": NaN,
        "Research And Development": NaN,
        "Selling General And Administration": NaN,
        "Selling And Marketing Expense": NaN,
        "General And Administrative Expense": NaN,
        "Other Gand A": NaN,
        "Gross Profit": NaN,
        "Cost Of Revenue": NaN,
        "Total Revenue": NaN,
        "Operating Revenue": NaN
    },
    "2023-12-31": {
        "Tax Effect Of Unusual Items": NaN,
        "Tax Rate For Calcs": NaN,
        "Normalized EBITDA": NaN,
        "Total Unusual Items": 7417000.0,
        "Total Unusual Items Excluding Goodwill": 7417000.0,
        "Net Income From Continuing Operation Net Minority Interest": NaN,
        "Reconciled Depreciation": NaN,
        "Reconciled Cost Of Revenue": NaN,
        "EBITDA": NaN,
        "EBIT": NaN,
        "Net Interest Income": NaN,
        "Interest Expense": NaN,
        "Normalized Income": NaN,
        "Net Income From Continuing And Discontinued Operation": NaN,
        "Total Expenses": NaN,
        "Total Operating Income As Reported": NaN,
        "Diluted Average Shares": 56820774.0,
        "Basic Average Shares": 56820774.0,
        "Diluted EPS": 0.06,
        "Basic EPS": 0.06,
        "Diluted NI Availto Com Stockholders": NaN,
        "Net Income Common Stockholders": NaN,
        "Net Income": NaN,
        "Net Income Including Noncontrolling Interests": NaN,
        "Net Income Continuous Operations": NaN,
        "Tax Provision": NaN,
        "Pretax Income": NaN,
        "Special Income Charges": 8853000.0,
        "Write Off": 0.0,
        "Net Non Operating Interest Income Expense": NaN,
        "Total Other Finance Cost": NaN,
        "Interest Expense Non Operating": NaN,
        "Operating Income": NaN,
        "Operating Expense": NaN,
        "Other Operating Expenses": NaN,
        "Research And Development": NaN,
        "Selling General And Administration": NaN,
        "Selling And Marketing Expense": NaN,
        "General And Administrative Expense": NaN,
        "Other Gand A": NaN,
        "Gross Profit": NaN,
        "Cost Of Revenue": NaN,
        "Total Revenue": NaN,
        "Operating Revenue": NaN
    },
    "2024-03-31": {
        "Tax Effect Of Unusual Items": 0.0,
        "Tax Rate For Calcs": 0.159214,
        "Normalized EBITDA": 8816000.0,
        "Total Unusual Items": NaN,
        "Total Unusual Items Excluding Goodwill": NaN,
        "Net Income From Continuing Operation Net Minority Interest": 4964000.0,
        "Reconciled Depreciation": 3425000.0,
        "Reconciled Cost Of Revenue": 48024000.0,
        "EBITDA": 8816000.0,
        "EBIT": 5391000.0,
        "Net Interest Income": 513000.0,
        "Interest Expense": NaN,
        "Normalized Income": 4964000.0,
        "Net Income From Continuing And Discontinued Operation": 4964000.0,
        "Total Expenses": 70687000.0,
        "Total Operating Income As Reported": 5391000.0,
        "Diluted Average Shares": 57016585.0,
        "Basic Average Shares": 57016585.0,
        "Diluted EPS": 0.09,
        "Basic EPS": 0.09,
        "Diluted NI Availto Com Stockholders": 4964000.0,
        "Net Income Common Stockholders": 4964000.0,
        "Net Income": 4964000.0,
        "Net Income Including Noncontrolling Interests": 4964000.0,
        "Net Income Continuous Operations": 4964000.0,
        "Tax Provision": 940000.0,
        "Pretax Income": 5904000.0,
        "Special Income Charges": NaN,
        "Write Off": NaN,
        "Net Non Operating Interest Income Expense": 513000.0,
        "Total Other Finance Cost": -513000.0,
        "Interest Expense Non Operating": NaN,
        "Operating Income": 5391000.0,
        "Operating Expense": 22663000.0,
        "Other Operating Expenses": -1810000.0,
        "Research And Development": 9319000.0,
        "Selling General And Administration": 15154000.0,
        "Selling And Marketing Expense": 7077000.0,
        "General And Administrative Expense": 8077000.0,
        "Other Gand A": 8077000.0,
        "Gross Profit": 28054000.0,
        "Cost Of Revenue": 48024000.0,
        "Total Revenue": 76078000.0,
        "Operating Revenue": 76078000.0
    },
    "2024-06-30": {
        "Tax Effect Of Unusual Items": 0.0,
        "Tax Rate For Calcs": 0.21,
        "Normalized EBITDA": 6699000.0,
        "Total Unusual Items": NaN,
        "Total Unusual Items Excluding Goodwill": NaN,
        "Net Income From Continuing Operation Net Minority Interest": 1302000.0,
        "Reconciled Depreciation": 3908000.0,
        "Reconciled Cost Of Revenue": 50058000.0,
        "EBITDA": 6699000.0,
        "EBIT": 2791000.0,
        "Net Interest Income": 266000.0,
        "Interest Expense": NaN,
        "Normalized Income": 1302000.0,
        "Net Income From Continuing And Discontinued Operation": 1302000.0,
        "Total Expenses": 73840000.0,
        "Total Operating Income As Reported": 2791000.0,
        "Diluted Average Shares": NaN,
        "Basic Average Shares": NaN,
        "Diluted EPS": NaN,
        "Basic EPS": NaN,
        "Diluted NI Availto Com Stockholders": 1302000.0,
        "Net Income Common Stockholders": 1302000.0,
        "Net Income": 1302000.0,
        "Net Income Including Noncontrolling Interests": 1302000.0,
        "Net Income Continuous Operations": 1302000.0,
        "Tax Provision": 1755000.0,
        "Pretax Income": 3057000.0,
        "Special Income Charges": NaN,
        "Write Off": NaN,
        "Net Non Operating Interest Income Expense": 266000.0,
        "Total Other Finance Cost": -266000.0,
        "Interest Expense Non Operating": NaN,
        "Operating Income": 2791000.0,
        "Operating Expense": 23782000.0,
        "Other Operating Expenses": 1085000.0,
        "Research And Development": 9228000.0,
        "Selling General And Administration": 13469000.0,
        "Selling And Marketing Expense": 7032000.0,
        "General And Administrative Expense": 6437000.0,
        "Other Gand A": 6437000.0,
        "Gross Profit": 26573000.0,
        "Cost Of Revenue": 50058000.0,
        "Total Revenue": 76631000.0,
        "Operating Revenue": 76631000.0
    },
    "2024-09-30": {
        "Tax Effect Of Unusual Items": 0.0,
        "Tax Rate For Calcs": 0.079384,
        "Normalized EBITDA": 9954000.0,
        "Total Unusual Items": NaN,
        "Total Unusual Items Excluding Goodwill": NaN,
        "Net Income From Continuing Operation Net Minority Interest": 6819000.0,
        "Reconciled Depreciation": 3209000.0,
        "Reconciled Cost Of Revenue": 46928000.0,
        "EBITDA": 9954000.0,
        "EBIT": 6745000.0,
        "Net Interest Income": 662000.0,
        "Interest Expense": NaN,
        "Normalized Income": 6819000.0,
        "Net Income From Continuing And Discontinued Operation": 6819000.0,
        "Total Expenses": 67866000.0,
        "Total Operating Income As Reported": 6745000.0,
        "Diluted Average Shares": 57017032.0,
        "Basic Average Shares": 57017032.0,
        "Diluted EPS": 0.12,
        "Basic EPS": 0.12,
        "Diluted NI Availto Com Stockholders": 6819000.0,
        "Net Income Common Stockholders": 6819000.0,
        "Net Income": 6819000.0,
        "Net Income Including Noncontrolling Interests": 6819000.0,
        "Net Income Continuous Operations": 6819000.0,
        "Tax Provision": 588000.0,
        "Pretax Income": 7407000.0,
        "Special Income Charges": NaN,
        "Write Off": NaN,
        "Net Non Operating Interest Income Expense": 662000.0,
        "Total Other Finance Cost": -662000.0,
        "Interest Expense Non Operating": NaN,
        "Operating Income": 6745000.0,
        "Operating Expense": 20938000.0,
        "Other Operating Expenses": -1320000.0,
        "Research And Development": 9481000.0,
        "Selling General And Administration": 12777000.0,
        "Selling And Marketing Expense": 6615000.0,
        "General And Administrative Expense": 6162000.0,
        "Other Gand A": 6162000.0,
        "Gross Profit": 27683000.0,
        "Cost Of Revenue": 46928000.0,
        "Total Revenue": 74611000.0,
        "Operating Revenue": 74611000.0
    },
    "2024-12-31": {
        "Tax Effect Of Unusual Items": 0.0,
        "Tax Rate For Calcs": 0.083301,
        "Normalized EBITDA": 17787000.0,
        "Total Unusual Items": NaN,
        "Total Unusual Items Excluding Goodwill": NaN,
        "Net Income From Continuing Operation Net Minority Interest": 11764000.0,
        "Reconciled Depreciation": 3012000.0,
        "Reconciled Cost Of Revenue": 47107000.0,
        "EBITDA": 17787000.0,
        "EBIT": 14775000.0,
        "Net Interest Income": 902000.0,
        "Interest Expense": NaN,
        "Normalized Income": 11764000.0,
        "Net Income From Continuing And Discontinued Operation": 11764000.0,
        "Total Expenses": 74979000.0,
        "Total Operating Income As Reported": 12770000.0,
        "Diluted Average Shares": 57017032.0,
        "Basic Average Shares": 57017032.0,
        "Diluted EPS": 0.21,
        "Basic EPS": 0.21,
        "Diluted NI Availto Com Stockholders": 11764000.0,
        "Net Income Common Stockholders": 11764000.0,
        "Net Income": 11764000.0,
        "Net Income Including Noncontrolling Interests": 11764000.0,
        "Net Income Continuous Operations": 11764000.0,
        "Tax Provision": 1069000.0,
        "Pretax Income": 12833000.0,
        "Special Income Charges": NaN,
        "Write Off": NaN,
        "Net Non Operating Interest Income Expense": 902000.0,
        "Total Other Finance Cost": 2947000.0,
        "Interest Expense Non Operating": NaN,
        "Operating Income": 3149000.0,
        "Operating Expense": 27872000.0,
        "Other Operating Expenses": 1566000.0,
        "Research And Development": 10108000.0,
        "Selling General And Administration": 12849000.0,
        "Selling And Marketing Expense": 6657000.0,
        "General And Administrative Expense": 6192000.0,
        "Other Gand A": 6192000.0,
        "Gross Profit": 31021000.0,
        "Cost Of Revenue": 47107000.0,
        "Total Revenue": 78128000.0,
        "Operating Revenue": 78128000.0
    },
    "2025-03-31": {
        "Tax Effect Of Unusual Items": 0.0,
        "Tax Rate For Calcs": 0.21,
        "Normalized EBITDA": 1158000.0,
        "Total Unusual Items": NaN,
        "Total Unusual Items Excluding Goodwill": NaN,
        "Net Income From Continuing Operation Net Minority Interest": -5996000.0,
        "Reconciled Depreciation": 3905000.0,
        "Reconciled Cost Of Revenue": 63639000.0,
        "EBITDA": 1158000.0,
        "EBIT": -2747000.0,
        "Net Interest Income": -936000.0,
        "Interest Expense": NaN,
        "Normalized Income": -5996000.0,
        "Net Income From Continuing And Discontinued Operation": -5996000.0,
        "Total Expenses": 94784000.0,
        "Total Operating Income As Reported": -2747000.0,
        "Diluted Average Shares": 57037671.0,
        "Basic Average Shares": 57037671.0,
        "Diluted EPS": -0.11,
        "Basic EPS": -0.11,
        "Diluted NI Availto Com Stockholders": -5996000.0,
        "Net Income Common Stockholders": -5996000.0,
        "Net Income": -5996000.0,
        "Net Income Including Noncontrolling Interests": -5996000.0,
        "Net Income Continuous Operations": -5996000.0,
        "Tax Provision": 2313000.0,
        "Pretax Income": -3683000.0,
        "Special Income Charges": NaN,
        "Write Off": NaN,
        "Net Non Operating Interest Income Expense": -936000.0,
        "Total Other Finance Cost": 936000.0,
        "Interest Expense Non Operating": NaN,
        "Operating Income": -2747000.0,
        "Operating Expense": 31145000.0,
        "Other Operating Expenses": 4538000.0,
        "Research And Development": 11621000.0,
        "Selling General And Administration": 14986000.0,
        "Selling And Marketing Expense": 8202000.0,
        "General And Administrative Expense": 6784000.0,
        "Other Gand A": 6784000.0,
        "Gross Profit": 28398000.0,
        "Cost Of Revenue": 63639000.0,
        "Total Revenue": 92037000.0,
        "Operating Revenue": 92037000.0
    }
}