{
    "2023-03-31": {
        "Tax Effect Of Unusual Items": 0.0,
        "Tax Rate For Calcs": 0.21,
        "Normalized EBITDA": -21475000.0,
        "Total Unusual Items": 0.0,
        "Total Unusual Items Excluding Goodwill": 0.0,
        "Net Income From Continuing Operation Net Minority Interest": -34626000.0,
        "Reconciled Depreciation": 9342000.0,
        "Reconciled Cost Of Revenue": 18071000.0,
        "EBITDA": -21475000.0,
        "EBIT": -30817000.0,
        "Net Interest Income": -1760000.0,
        "Interest Expense": 3408000.0,
        "Interest Income": 1648000.0,
        "Normalized Income": -34626000.0,
        "Net Income From Continuing And Discontinued Operation": -34626000.0,
        "Total Expenses": 106892000.0,
        "Total Operating Income As Reported": -32993000.0,
        "Diluted Average Shares": 47881000.0,
        "Basic Average Shares": 47881000.0,
        "Diluted EPS": -0.72,
        "Basic EPS": -0.72,
        "Diluted NI Availto Com Stockholders": -34626000.0,
        "Net Income Common Stockholders": -34626000.0,
        "Net Income": -34626000.0,
        "Net Income Including Noncontrolling Interests": -34626000.0,
        "Net Income Continuous Operations": -34626000.0,
        "Tax Provision": 401000.0,
        "Pretax Income": -34225000.0,
        "Other Income Expense": 528000.0,
        "Other Non Operating Income Expenses": 528000.0,
        "Special Income Charges": 0.0,
        "Other Special Charges": NaN,
        "Net Non Operating Interest Income Expense": -1760000.0,
        "Interest Expense Non Operating": 3408000.0,
        "Interest Income Non Operating": 1648000.0,
        "Operating Income": -32993000.0,
        "Operating Expense": 88821000.0,
        "Research And Development": 35171000.0,
        "Selling General And Administration": 53650000.0,
        "Gross Profit": 55828000.0,
        "Cost Of Revenue": 18071000.0,
        "Total Revenue": 73899000.0,
        "Operating Revenue": 73899000.0
    },
    "2022-12-31": {
        "Tax Effect Of Unusual Items": NaN,
        "Tax Rate For Calcs": NaN,
        "Normalized EBITDA": NaN,
        "Total Unusual Items": NaN,
        "Total Unusual Items Excluding Goodwill": NaN,
        "Net Income From Continuing Operation Net Minority Interest": NaN,
        "Reconciled Depreciation": NaN,
        "Reconciled Cost Of Revenue": NaN,
        "EBITDA": NaN,
        "EBIT": NaN,
        "Net Interest Income": NaN,
        "Interest Expense": NaN,
        "Interest Income": NaN,
        "Normalized Income": NaN,
        "Net Income From Continuing And Discontinued Operation": NaN,
        "Total Expenses": NaN,
        "Total Operating Income As Reported": NaN,
        "Diluted Average Shares": NaN,
        "Basic Average Shares": NaN,
        "Diluted EPS": NaN,
        "Basic EPS": NaN,
        "Diluted NI Availto Com Stockholders": NaN,
        "Net Income Common Stockholders": NaN,
        "Net Income": NaN,
        "Net Income Including Noncontrolling Interests": NaN,
        "Net Income Continuous Operations": NaN,
        "Tax Provision": NaN,
        "Pretax Income": NaN,
        "Other Income Expense": NaN,
        "Other Non Operating Income Expenses": NaN,
        "Special Income Charges": NaN,
        "Other Special Charges": 0.0,
        "Net Non Operating Interest Income Expense": NaN,
        "Total Other Finance Cost": NaN,
        "Interest Expense Non Operating": NaN,
        "Interest Income Non Operating": NaN,
        "Operating Income": NaN,
        "Operating Expense": NaN,
        "Research And Development": NaN,
        "Selling General And Administration": NaN,
        "Gross Profit": NaN,
        "Cost Of Revenue": NaN,
        "Total Revenue": NaN,
        "Operating Revenue": NaN
    },
    "2022-09-30": {
        "Tax Effect Of Unusual Items": 0.0,
        "Tax Rate For Calcs": 0.21,
        "Normalized EBITDA": -23848000.0,
        "Total Unusual Items": 0.0,
        "Total Unusual Items Excluding Goodwill": 0.0,
        "Net Income From Continuing Operation Net Minority Interest": -27576000.0,
        "Reconciled Depreciation": 8976000.0,
        "Reconciled Cost Of Revenue": 16861000.0,
        "EBITDA": -23848000.0,
        "EBIT": -23848000.0,
        "Net Interest Income": -2737000.0,
        "Interest Expense": 3481000.0,
        "Interest Income": 744000.0,
        "Normalized Income": -27576000.0,
        "Net Income From Continuing And Discontinued Operation": -27576000.0,
        "Total Expenses": 92880000.0,
        "Total Operating Income As Reported": -21611000.0,
        "Diluted Average Shares": 47614000.0,
        "Basic Average Shares": 47614000.0,
        "Diluted EPS": -0.58,
        "Basic EPS": -0.58,
        "Diluted NI Availto Com Stockholders": -27576000.0,
        "Net Income Common Stockholders": -27576000.0,
        "Net Income": -27576000.0,
        "Net Income Including Noncontrolling Interests": -27576000.0,
        "Net Income Continuous Operations": -27576000.0,
        "Tax Provision": 247000.0,
        "Pretax Income": -27329000.0,
        "Other Income Expense": -2981000.0,
        "Other Non Operating Income Expenses": -2981000.0,
        "Special Income Charges": 0.0,
        "Other Special Charges": NaN,
        "Net Non Operating Interest Income Expense": -2737000.0,
        "Interest Expense Non Operating": 3481000.0,
        "Interest Income Non Operating": 744000.0,
        "Operating Income": -21611000.0,
        "Operating Expense": 76019000.0,
        "Research And Development": 28870000.0,
        "Selling General And Administration": 47149000.0,
        "Gross Profit": 54408000.0,
        "Cost Of Revenue": 16861000.0,
        "Total Revenue": 71269000.0,
        "Operating Revenue": 71269000.0
    },
    "2022-06-30": {
        "Tax Effect Of Unusual Items": 0.0,
        "Tax Rate For Calcs": 0.002301,
        "Normalized EBITDA": -42227000.0,
        "Total Unusual Items": 0.0,
        "Total Unusual Items Excluding Goodwill": 0.0,
        "Net Income From Continuing Operation Net Minority Interest": -45536000.0,
        "Reconciled Depreciation": 8915000.0,
        "Reconciled Cost Of Revenue": 17833000.0,
        "EBITDA": -42227000.0,
        "EBIT": -42227000.0,
        "Net Interest Income": -3030000.0,
        "Interest Expense": 3414000.0,
        "Interest Income": 384000.0,
        "Normalized Income": -45536000.0,
        "Net Income From Continuing And Discontinued Operation": -45536000.0,
        "Total Expenses": 109445000.0,
        "Total Operating Income As Reported": -36760000.0,
        "Diluted Average Shares": 47356000.0,
        "Basic Average Shares": 47356000.0,
        "Diluted EPS": -0.96,
        "Basic EPS": -0.96,
        "Diluted NI Availto Com Stockholders": -45536000.0,
        "Net Income Common Stockholders": -45536000.0,
        "Net Income": -45536000.0,
        "Net Income Including Noncontrolling Interests": -45536000.0,
        "Net Income Continuous Operations": -45536000.0,
        "Tax Provision": -105000.0,
        "Pretax Income": -45641000.0,
        "Other Income Expense": -5851000.0,
        "Other Non Operating Income Expenses": -5851000.0,
        "Special Income Charges": 0.0,
        "Other Special Charges": 10000000.0,
        "Net Non Operating Interest Income Expense": -3030000.0,
        "Interest Expense Non Operating": 3414000.0,
        "Interest Income Non Operating": 384000.0,
        "Operating Income": -36760000.0,
        "Operating Expense": 91612000.0,
        "Research And Development": 41712000.0,
        "Selling General And Administration": 49900000.0,
        "Gross Profit": 54852000.0,
        "Cost Of Revenue": 17833000.0,
        "Total Revenue": 72685000.0,
        "Operating Revenue": 72685000.0
    },
    "2023-06-30": {
        "Tax Effect Of Unusual Items": NaN,
        "Tax Rate For Calcs": NaN,
        "Normalized EBITDA": NaN,
        "Total Unusual Items": NaN,
        "Total Unusual Items Excluding Goodwill": NaN,
        "Net Income From Continuing Operation Net Minority Interest": NaN,
        "Reconciled Depreciation": NaN,
        "Reconciled Cost Of Revenue": NaN,
        "EBITDA": NaN,
        "EBIT": NaN,
        "Net Interest Income": NaN,
        "Interest Expense": NaN,
        "Interest Income": NaN,
        "Normalized Income": NaN,
        "Net Income From Continuing And Discontinued Operation": NaN,
        "Total Expenses": NaN,
        "Total Operating Income As Reported": NaN,
        "Diluted Average Shares": NaN,
        "Basic Average Shares": NaN,
        "Diluted EPS": NaN,
        "Basic EPS": NaN,
        "Diluted NI Availto Com Stockholders": NaN,
        "Net Income Common Stockholders": NaN,
        "Net Income": NaN,
        "Net Income Including Noncontrolling Interests": NaN,
        "Net Income Continuous Operations": NaN,
        "Tax Provision": NaN,
        "Pretax Income": NaN,
        "Other Income Expense": NaN,
        "Other Non Operating Income Expenses": NaN,
        "Special Income Charges": NaN,
        "Other Special Charges": 3000000.0,
        "Net Non Operating Interest Income Expense": NaN,
        "Total Other Finance Cost": NaN,
        "Interest Expense Non Operating": NaN,
        "Interest Income Non Operating": NaN,
        "Operating Income": NaN,
        "Operating Expense": NaN,
        "Research And Development": NaN,
        "Selling General And Administration": NaN,
        "Gross Profit": NaN,
        "Cost Of Revenue": NaN,
        "Total Revenue": NaN,
        "Operating Revenue": NaN
    },
    "2022-03-31": {
        "Diluted EPS": 0.11,
        "Total Revenue": 68,
        "Gross Profit": 51,
        "Operating Income": 10,
        "EBIT": 19,
        "Net Income": 5
    },
    "2021-12-31": {
        "Diluted EPS": -0.46,
        "Total Revenue": 73,
        "Gross Profit": 56,
        "Operating Income": -18,
        "EBIT": -9,
        "Net Income": -22
    },
    "2021-09-30": {
        "Diluted EPS": 0.13,
        "Total Revenue": 75,
        "Gross Profit": 59,
        "Operating Income": 11,
        "EBIT": 20,
        "Net Income": 6
    },
    "2021-06-30": {
        "Diluted EPS": -0.38,
        "Total Revenue": 78,
        "Gross Profit": 60,
        "Operating Income": -14,
        "EBIT": -5,
        "Net Income": -17
    },
    "2021-03-31": {
        "Diluted EPS": -0.36,
        "Total Revenue": 68,
        "Gross Profit": 51,
        "Operating Income": -12,
        "EBIT": -3,
        "Net Income": -16
    },
    "2020-12-31": {
        "Diluted EPS": -0.21,
        "Total Revenue": 73,
        "Gross Profit": 54,
        "Operating Income": -11,
        "EBIT": 25,
        "Net Income": -11
    },
    "2020-09-30": {
        "Diluted EPS": -0.35,
        "Total Revenue": 65,
        "Gross Profit": 47,
        "Operating Income": -12,
        "EBIT": -1,
        "Net Income": -16
    },
    "2020-06-30": {
        "Diluted EPS": -0.9,
        "Total Revenue": 32,
        "Gross Profit": 10,
        "Operating Income": -47,
        "EBIT": -38,
        "Net Income": -40
    },
    "2020-03-31": {
        "Diluted EPS": -1.24,
        "Total Revenue": 55,
        "Gross Profit": 23,
        "Operating Income": -53,
        "EBIT": -44,
        "Net Income": -54
    },
    "2019-12-31": {
        "Diluted EPS": 0.95,
        "Total Revenue": 66,
        "Gross Profit": 50,
        "Operating Income": -30,
        "EBIT": -21,
        "Net Income": 37
    },
    "2019-09-30": {
        "Diluted EPS": -0.37,
        "Total Revenue": 59,
        "Gross Profit": 51,
        "Operating Income": -12,
        "EBIT": -11,
        "Net Income": -14
    },
    "2019-06-30": {
        "Diluted EPS": -0.17,
        "Total Revenue": 59,
        "Gross Profit": 51,
        "Operating Income": -6,
        "EBIT": -4,
        "Net Income": -6
    },
    "2019-03-31": {
        "Diluted EPS": -0.04,
        "Total Revenue": 54,
        "Gross Profit": 47,
        "Operating Income": -2,
        "EBIT": -1,
        "Net Income": -1
    },
    "2018-12-31": {
        "Diluted EPS": 0.05,
        "Total Revenue": 54,
        "Gross Profit": 47,
        "Operating Income": 2,
        "EBIT": 3,
        "Net Income": 2
    },
    "2018-09-30": {
        "Diluted EPS": -0.19,
        "Total Revenue": 44,
        "Gross Profit": 38,
        "Operating Income": -7,
        "EBIT": -5,
        "Net Income": -7
    },
    "2018-06-30": {
        "Diluted EPS": -0.15,
        "Total Revenue": 43,
        "Gross Profit": 37,
        "Operating Income": -4,
        "EBIT": -3,
        "Net Income": -5
    },
    "2018-03-31": {
        "Diluted EPS": -0.08,
        "Total Revenue": 40,
        "Gross Profit": 34,
        "Operating Income": -4,
        "EBIT": -2,
        "Net Income": -3
    },
    "2017-12-31": {
        "Diluted EPS": 0.04,
        "Total Revenue": 42,
        "Gross Profit": 37,
        "Operating Income": 1,
        "EBIT": 2,
        "Net Income": 1
    },
    "2017-09-30": {
        "Diluted EPS": 0.04,
        "Total Revenue": 40,
        "Gross Profit": 35,
        "Operating Income": 1,
        "EBIT": 2,
        "Net Income": 1
    },
    "2017-06-30": {
        "Diluted EPS": -0.1,
        "Total Revenue": 41,
        "Gross Profit": 36,
        "Operating Income": -4,
        "EBIT": -2,
        "Net Income": -3
    },
    "2017-03-31": {
        "Diluted EPS": 0.02,
        "Total Revenue": 36,
        "Gross Profit": 31,
        "Operating Income": 0,
        "EBIT": 1,
        "Net Income": 1
    },
    "2016-12-31": {
        "Diluted EPS": 0.0,
        "Total Revenue": 33,
        "Gross Profit": 28,
        "Operating Income": 0,
        "EBIT": 2,
        "Net Income": 0
    },
    "2016-09-30": {
        "Diluted EPS": 0.03,
        "Total Revenue": 30,
        "Gross Profit": 26,
        "Operating Income": 1,
        "EBIT": 2,
        "Net Income": 1
    },
    "2016-06-30": {
        "Diluted EPS": 0.06,
        "Total Revenue": 29,
        "Gross Profit": 24,
        "Operating Income": 2,
        "EBIT": 3,
        "Net Income": 2
    },
    "2016-03-31": {
        "Diluted EPS": 0.03,
        "Total Revenue": 23,
        "Gross Profit": 20,
        "Operating Income": 1,
        "EBIT": 2,
        "Net Income": 1
    },
    "2015-12-31": {
        "Diluted EPS": 9.3,
        "Total Revenue": 20,
        "Gross Profit": 17,
        "Operating Income": -2,
        "EBIT": -1,
        "Net Income": -2
    },
    "2015-09-30": {
        "Diluted EPS": -0.07,
        "Total Revenue": 19,
        "Gross Profit": 16,
        "Operating Income": -2,
        "EBIT": -1,
        "Net Income": -2
    },
    "2015-06-30": {
        "Diluted EPS": -10.96,
        "Total Revenue": 18,
        "Gross Profit": 14,
        "Operating Income": -5,
        "EBIT": -4,
        "Net Income": -32
    },
    "2015-03-31": {
        "Diluted EPS": -0.4,
        "Total Revenue": 15,
        "Gross Profit": 12,
        "Operating Income": -1,
        "EBIT": 0,
        "Net Income": -1
    },
    "2014-12-31": {
        "Diluted EPS": -1.94,
        "Total Revenue": 14,
        "Gross Profit": 9,
        "Operating Income": -5,
        "EBIT": -4,
        "Net Income": -5
    },
    "2014-09-30": {
        "Diluted EPS": -0.64,
        "Total Revenue": 12,
        "Gross Profit": 10,
        "Operating Income": -2,
        "EBIT": -1,
        "Net Income": -1
    },
    "2014-06-30": {
        "Diluted EPS": -0.9,
        "Total Revenue": 11,
        "Gross Profit": 9,
        "Operating Income": -2,
        "EBIT": -1,
        "Net Income": -2
    },
    "2014-03-31": {
        "Diluted EPS": -1.83,
        "Total Revenue": 8,
        "Gross Profit": 6,
        "Operating Income": -4,
        "EBIT": -3,
        "Net Income": -4
    },
    "2013-12-31": {
        "Diluted EPS": 0.0,
        "Total Revenue": NaN,
        "Gross Profit": NaN,
        "Operating Income": NaN,
        "EBIT": NaN,
        "Net Income": NaN
    },
    "2023-09-30": {
        "Tax Effect Of Unusual Items": 0.0,
        "Tax Rate For Calcs": 0.21,
        "Normalized EBITDA": -15337000.0,
        "Total Unusual Items": 0.0,
        "Total Unusual Items Excluding Goodwill": 0.0,
        "Net Income From Continuing Operation Net Minority Interest": -30444000.0,
        "Reconciled Depreciation": 11672000.0,
        "Reconciled Cost Of Revenue": 18510000.0,
        "EBITDA": -15337000.0,
        "EBIT": -27009000.0,
        "Net Interest Income": -688000.0,
        "Interest Expense": 3398000.0,
        "Interest Income": 2710000.0,
        "Normalized Income": -30444000.0,
        "Net Income From Continuing And Discontinued Operation": -30444000.0,
        "Total Expenses": 106058000.0,
        "Total Operating Income As Reported": -28010000.0,
        "Diluted Average Shares": NaN,
        "Basic Average Shares": NaN,
        "Diluted EPS": NaN,
        "Basic EPS": NaN,
        "Diluted NI Availto Com Stockholders": -30444000.0,
        "Net Income Common Stockholders": -30444000.0,
        "Net Income": -30444000.0,
        "Net Income Including Noncontrolling Interests": -30444000.0,
        "Net Income Continuous Operations": -30444000.0,
        "Tax Provision": 37000.0,
        "Pretax Income": -30407000.0,
        "Other Income Expense": -1709000.0,
        "Other Non Operating Income Expenses": -1709000.0,
        "Special Income Charges": 0.0,
        "Other Special Charges": NaN,
        "Net Non Operating Interest Income Expense": -688000.0,
        "Total Other Finance Cost": NaN,
        "Interest Expense Non Operating": 3398000.0,
        "Interest Income Non Operating": 2710000.0,
        "Operating Income": -28010000.0,
        "Operating Expense": 87548000.0,
        "Research And Development": 33301000.0,
        "Selling General And Administration": 54247000.0,
        "Gross Profit": 59538000.0,
        "Cost Of Revenue": 18510000.0,
        "Total Revenue": 78048000.0,
        "Operating Revenue": 78048000.0
    },
    "2023-12-31": {
        "Tax Effect Of Unusual Items": NaN,
        "Tax Rate For Calcs": NaN,
        "Normalized EBITDA": NaN,
        "Total Unusual Items": NaN,
        "Total Unusual Items Excluding Goodwill": NaN,
        "Net Income From Continuing Operation Net Minority Interest": NaN,
        "Reconciled Depreciation": NaN,
        "Reconciled Cost Of Revenue": NaN,
        "EBITDA": NaN,
        "EBIT": NaN,
        "Net Interest Income": NaN,
        "Interest Expense": NaN,
        "Interest Income": NaN,
        "Normalized Income": NaN,
        "Net Income From Continuing And Discontinued Operation": NaN,
        "Total Expenses": NaN,
        "Total Operating Income As Reported": NaN,
        "Diluted Average Shares": NaN,
        "Basic Average Shares": NaN,
        "Diluted EPS": NaN,
        "Basic EPS": NaN,
        "Diluted NI Availto Com Stockholders": NaN,
        "Net Income Common Stockholders": NaN,
        "Net Income": NaN,
        "Net Income Including Noncontrolling Interests": NaN,
        "Net Income Continuous Operations": NaN,
        "Tax Provision": NaN,
        "Pretax Income": NaN,
        "Other Income Expense": NaN,
        "Other Non Operating Income Expenses": NaN,
        "Special Income Charges": NaN,
        "Other Special Charges": 2000000.0,
        "Net Non Operating Interest Income Expense": NaN,
        "Total Other Finance Cost": NaN,
        "Interest Expense Non Operating": NaN,
        "Interest Income Non Operating": NaN,
        "Operating Income": NaN,
        "Operating Expense": NaN,
        "Research And Development": NaN,
        "Selling General And Administration": NaN,
        "Gross Profit": NaN,
        "Cost Of Revenue": NaN,
        "Total Revenue": NaN,
        "Operating Revenue": NaN
    },
    "2024-03-31": {
        "Tax Effect Of Unusual Items": NaN,
        "Tax Rate For Calcs": NaN,
        "Normalized EBITDA": NaN,
        "Total Unusual Items": NaN,
        "Total Unusual Items Excluding Goodwill": NaN,
        "Net Income From Continuing Operation Net Minority Interest": NaN,
        "Reconciled Depreciation": NaN,
        "Reconciled Cost Of Revenue": NaN,
        "EBITDA": NaN,
        "EBIT": NaN,
        "Net Interest Income": NaN,
        "Interest Expense": NaN,
        "Interest Income": NaN,
        "Normalized Income": NaN,
        "Net Income From Continuing And Discontinued Operation": NaN,
        "Total Expenses": NaN,
        "Total Operating Income As Reported": NaN,
        "Diluted Average Shares": NaN,
        "Basic Average Shares": NaN,
        "Diluted EPS": NaN,
        "Basic EPS": NaN,
        "Diluted NI Availto Com Stockholders": NaN,
        "Net Income Common Stockholders": NaN,
        "Net Income": NaN,
        "Net Income Including Noncontrolling Interests": NaN,
        "Net Income Continuous Operations": NaN,
        "Tax Provision": NaN,
        "Pretax Income": NaN,
        "Other Income Expense": NaN,
        "Other Non Operating Income Expenses": NaN,
        "Special Income Charges": NaN,
        "Other Special Charges": 11729000.0,
        "Net Non Operating Interest Income Expense": NaN,
        "Total Other Finance Cost": NaN,
        "Interest Expense Non Operating": NaN,
        "Interest Income Non Operating": NaN,
        "Operating Income": NaN,
        "Operating Expense": NaN,
        "Research And Development": NaN,
        "Selling General And Administration": NaN,
        "Gross Profit": NaN,
        "Cost Of Revenue": NaN,
        "Total Revenue": NaN,
        "Operating Revenue": NaN
    },
    "2024-06-30": {
        "Tax Effect Of Unusual Items": -525000.0,
        "Tax Rate For Calcs": 0.21,
        "Normalized EBITDA": -34300000.0,
        "Total Unusual Items": -2500000.0,
        "Total Unusual Items Excluding Goodwill": -2500000.0,
        "Net Income From Continuing Operation Net Minority Interest": -50545000.0,
        "Reconciled Depreciation": 10059000.0,
        "Reconciled Cost Of Revenue": 22550000.0,
        "EBITDA": -36800000.0,
        "EBIT": -46859000.0,
        "Net Interest Income": -527000.0,
        "Interest Expense": 3355000.0,
        "Interest Income": 2828000.0,
        "Normalized Income": -48570000.0,
        "Net Income From Continuing And Discontinued Operation": -50545000.0,
        "Total Expenses": 123164000.0,
        "Total Operating Income As Reported": -29974000.0,
        "Diluted Average Shares": 50715000.0,
        "Basic Average Shares": 50715000.0,
        "Diluted EPS": -1.06,
        "Basic EPS": -1.06,
        "Diluted NI Availto Com Stockholders": -50545000.0,
        "Net Income Common Stockholders": -50545000.0,
        "Net Income": -50545000.0,
        "Net Income Including Noncontrolling Interests": -50545000.0,
        "Net Income Continuous Operations": -50545000.0,
        "Tax Provision": 331000.0,
        "Pretax Income": -50214000.0,
        "Other Income Expense": -22213000.0,
        "Other Non Operating Income Expenses": -19713000.0,
        "Special Income Charges": -2500000.0,
        "Other Special Charges": 2500000.0,
        "Net Non Operating Interest Income Expense": -527000.0,
        "Total Other Finance Cost": 18012000.0,
        "Interest Expense Non Operating": 3355000.0,
        "Interest Income Non Operating": 2828000.0,
        "Operating Income": -27474000.0,
        "Operating Expense": 100614000.0,
        "Research And Development": 34426000.0,
        "Selling General And Administration": 66188000.0,
        "Gross Profit": 73140000.0,
        "Cost Of Revenue": 22550000.0,
        "Total Revenue": 95690000.0,
        "Operating Revenue": 95690000.0
    },
    "2024-09-30": {
        "Tax Effect Of Unusual Items": 0.0,
        "Tax Rate For Calcs": 0.21,
        "Normalized EBITDA": -9508000.0,
        "Total Unusual Items": 0.0,
        "Total Unusual Items Excluding Goodwill": 0.0,
        "Net Income From Continuing Operation Net Minority Interest": -21409000.0,
        "Reconciled Depreciation": 10061000.0,
        "Reconciled Cost Of Revenue": 22584000.0,
        "EBITDA": -9508000.0,
        "EBIT": -19569000.0,
        "Net Interest Income": 1037000.0,
        "Interest Expense": 1663000.0,
        "Interest Income": 2700000.0,
        "Normalized Income": -21409000.0,
        "Net Income From Continuing And Discontinued Operation": -21409000.0,
        "Total Expenses": 121330000.0,
        "Total Operating Income As Reported": -24660000.0,
        "Diluted Average Shares": 55037000.0,
        "Basic Average Shares": 55037000.0,
        "Diluted EPS": -0.39,
        "Basic EPS": -0.39,
        "Diluted NI Availto Com Stockholders": -21409000.0,
        "Net Income Common Stockholders": -21409000.0,
        "Net Income": -21409000.0,
        "Net Income Including Noncontrolling Interests": -21409000.0,
        "Net Income Continuous Operations": -21409000.0,
        "Tax Provision": 177000.0,
        "Pretax Income": -21232000.0,
        "Other Income Expense": 2391000.0,
        "Other Non Operating Income Expenses": 2391000.0,
        "Special Income Charges": 0.0,
        "Other Special Charges": NaN,
        "Net Non Operating Interest Income Expense": 1037000.0,
        "Total Other Finance Cost": NaN,
        "Interest Expense Non Operating": 1663000.0,
        "Interest Income Non Operating": 2700000.0,
        "Operating Income": -24660000.0,
        "Operating Expense": 98746000.0,
        "Research And Development": 34746000.0,
        "Selling General And Administration": 64000000.0,
        "Gross Profit": 74086000.0,
        "Cost Of Revenue": 22584000.0,
        "Total Revenue": 96670000.0,
        "Operating Revenue": 96670000.0
    },
    "2024-12-31": {
        "Tax Effect Of Unusual Items": 0.0,
        "Tax Rate For Calcs": 0.003383,
        "Normalized EBITDA": -22304000.0,
        "Total Unusual Items": 0.0,
        "Total Unusual Items Excluding Goodwill": 0.0,
        "Net Income From Continuing Operation Net Minority Interest": -33580000.0,
        "Reconciled Depreciation": 9818000.0,
        "Reconciled Cost Of Revenue": 28635000.0,
        "EBITDA": -22304000.0,
        "EBIT": -32122000.0,
        "Net Interest Income": 922000.0,
        "Interest Expense": 1572000.0,
        "Interest Income": 2494000.0,
        "Normalized Income": -33580000.0,
        "Net Income From Continuing And Discontinued Operation": -33580000.0,
        "Total Expenses": 134165000.0,
        "Total Operating Income As Reported": -28666000.0,
        "Diluted Average Shares": 55584000.0,
        "Basic Average Shares": 55584000.0,
        "Diluted EPS": -0.6,
        "Basic EPS": -0.6,
        "Diluted NI Availto Com Stockholders": -33580000.0,
        "Net Income Common Stockholders": -33580000.0,
        "Net Income": -33580000.0,
        "Net Income Including Noncontrolling Interests": -33580000.0,
        "Net Income Continuous Operations": -33580000.0,
        "Tax Provision": -114000.0,
        "Pretax Income": -33694000.0,
        "Other Income Expense": -5950000.0,
        "Other Non Operating Income Expenses": -5950000.0,
        "Special Income Charges": 0.0,
        "Other Special Charges": 0.0,
        "Net Non Operating Interest Income Expense": 922000.0,
        "Total Other Finance Cost": NaN,
        "Interest Expense Non Operating": 1572000.0,
        "Interest Income Non Operating": 2494000.0,
        "Operating Income": -28666000.0,
        "Operating Expense": 105530000.0,
        "Research And Development": 36527000.0,
        "Selling General And Administration": 69003000.0,
        "Gross Profit": 76864000.0,
        "Cost Of Revenue": 28635000.0,
        "Total Revenue": 105499000.0,
        "Operating Revenue": 105499000.0
    },
    "2025-03-31": {
        "Tax Effect Of Unusual Items": 0.0,
        "Tax Rate For Calcs": 0.21,
        "Normalized EBITDA": -7352000.0,
        "Total Unusual Items": 0.0,
        "Total Unusual Items Excluding Goodwill": 0.0,
        "Net Income From Continuing Operation Net Minority Interest": -18146000.0,
        "Reconciled Depreciation": 9305000.0,
        "Reconciled Cost Of Revenue": 24316000.0,
        "EBITDA": -7352000.0,
        "EBIT": -16657000.0,
        "Net Interest Income": 1913000.0,
        "Interest Expense": 1163000.0,
        "Interest Income": 3076000.0,
        "Normalized Income": -18146000.0,
        "Net Income From Continuing And Discontinued Operation": -18146000.0,
        "Total Expenses": 127342000.0,
        "Total Operating Income As Reported": -20678000.0,
        "Diluted Average Shares": 56637000.0,
        "Basic Average Shares": 56637000.0,
        "Diluted EPS": -0.32,
        "Basic EPS": -0.32,
        "Diluted NI Availto Com Stockholders": -18146000.0,
        "Net Income Common Stockholders": -18146000.0,
        "Net Income": -18146000.0,
        "Net Income Including Noncontrolling Interests": -18146000.0,
        "Net Income Continuous Operations": -18146000.0,
        "Tax Provision": 326000.0,
        "Pretax Income": -17820000.0,
        "Other Income Expense": 945000.0,
        "Other Non Operating Income Expenses": 945000.0,
        "Special Income Charges": 0.0,
        "Other Special Charges": NaN,
        "Net Non Operating Interest Income Expense": 1913000.0,
        "Total Other Finance Cost": NaN,
        "Interest Expense Non Operating": 1163000.0,
        "Interest Income Non Operating": 3076000.0,
        "Operating Income": -20678000.0,
        "Operating Expense": 103026000.0,
        "Research And Development": 32353000.0,
        "Selling General And Administration": 70673000.0,
        "Gross Profit": 82348000.0,
        "Cost Of Revenue": 24316000.0,
        "Total Revenue": 106664000.0,
        "Operating Revenue": 106664000.0
    },
    "2025-06-30": {
        "Tax Effect Of Unusual Items": 0.0,
        "Tax Rate For Calcs": 0.21,
        "Normalized EBITDA": -8634000.0,
        "Total Unusual Items": 0.0,
        "Total Unusual Items Excluding Goodwill": 0.0,
        "Net Income From Continuing Operation Net Minority Interest": -19657000.0,
        "Reconciled Depreciation": 9624000.0,
        "Reconciled Cost Of Revenue": 26896000.0,
        "EBITDA": -8634000.0,
        "EBIT": -18258000.0,
        "Net Interest Income": 1423000.0,
        "Interest Expense": 1151000.0,
        "Interest Income": 2574000.0,
        "Normalized Income": -19657000.0,
        "Net Income From Continuing And Discontinued Operation": -19657000.0,
        "Total Expenses": 146809000.0,
        "Total Operating Income As Reported": -22689000.0,
        "Diluted Average Shares": 57205000.0,
        "Basic Average Shares": 57205000.0,
        "Diluted EPS": -0.34,
        "Basic EPS": -0.34,
        "Diluted NI Availto Com Stockholders": -19657000.0,
        "Net Income Common Stockholders": -19657000.0,
        "Net Income": -19657000.0,
        "Net Income Including Noncontrolling Interests": -19657000.0,
        "Net Income Continuous Operations": -19657000.0,
        "Tax Provision": 248000.0,
        "Pretax Income": -19409000.0,
        "Other Income Expense": 1857000.0,
        "Other Non Operating Income Expenses": 1857000.0,
        "Special Income Charges": 0.0,
        "Other Special Charges": NaN,
        "Net Non Operating Interest Income Expense": 1423000.0,
        "Total Other Finance Cost": NaN,
        "Interest Expense Non Operating": 1151000.0,
        "Interest Income Non Operating": 2574000.0,
        "Operating Income": -22689000.0,
        "Operating Expense": 119913000.0,
        "Research And Development": 36538000.0,
        "Selling General And Administration": 83375000.0,
        "Gross Profit": 97224000.0,
        "Cost Of Revenue": 26896000.0,
        "Total Revenue": 124120000.0,
        "Operating Revenue": 124120000.0
    }
}