{
    "2023-03-31": {
        "Tax Effect Of Unusual Items": NaN,
        "Tax Rate For Calcs": NaN,
        "Normalized EBITDA": NaN,
        "Net Income From Continuing Operation Net Minority Interest": NaN,
        "Reconciled Depreciation": NaN,
        "Reconciled Cost Of Revenue": NaN,
        "EBITDA": NaN,
        "EBIT": NaN,
        "Net Interest Income": NaN,
        "Interest Expense": 2400000.0,
        "Interest Income": NaN,
        "Normalized Income": NaN,
        "Net Income From Continuing And Discontinued Operation": NaN,
        "Total Expenses": NaN,
        "Total Operating Income As Reported": NaN,
        "Diluted Average Shares": NaN,
        "Basic Average Shares": NaN,
        "Diluted EPS": NaN,
        "Basic EPS": NaN,
        "Diluted NI Availto Com Stockholders": NaN,
        "Net Income Common Stockholders": NaN,
        "Net Income": NaN,
        "Net Income Including Noncontrolling Interests": NaN,
        "Net Income Continuous Operations": NaN,
        "Tax Provision": NaN,
        "Pretax Income": NaN,
        "Net Non Operating Interest Income Expense": NaN,
        "Interest Expense Non Operating": 2400000.0,
        "Interest Income Non Operating": NaN,
        "Operating Income": NaN,
        "Operating Expense": NaN,
        "Research And Development": NaN,
        "Selling General And Administration": NaN,
        "Selling And Marketing Expense": NaN,
        "General And Administrative Expense": NaN,
        "Other Gand A": NaN,
        "Gross Profit": NaN,
        "Cost Of Revenue": NaN,
        "Total Revenue": NaN,
        "Operating Revenue": NaN
    },
    "2022-12-31": {
        "Tax Effect Of Unusual Items": 0.0,
        "Tax Rate For Calcs": 0.194004,
        "Normalized EBITDA": 120983000.0,
        "Net Income From Continuing Operation Net Minority Interest": -28471000.0,
        "Reconciled Depreciation": 156090000.0,
        "Reconciled Cost Of Revenue": 84023000.0,
        "EBITDA": 120983000.0,
        "EBIT": -35107000.0,
        "Net Interest Income": -217000.0,
        "Interest Expense": NaN,
        "Interest Income": NaN,
        "Normalized Income": -28471000.0,
        "Net Income From Continuing And Discontinued Operation": -28471000.0,
        "Total Expenses": 174972000.0,
        "Total Operating Income As Reported": -35107000.0,
        "Diluted Average Shares": 160589413.0,
        "Basic Average Shares": 160589413.0,
        "Diluted EPS": -0.18,
        "Basic EPS": -0.18,
        "Diluted NI Availto Com Stockholders": -28471000.0,
        "Net Income Common Stockholders": -28471000.0,
        "Net Income": -28471000.0,
        "Net Income Including Noncontrolling Interests": -28471000.0,
        "Net Income Continuous Operations": -28471000.0,
        "Tax Provision": -6853000.0,
        "Pretax Income": -35324000.0,
        "Net Non Operating Interest Income Expense": -217000.0,
        "Interest Expense Non Operating": NaN,
        "Interest Income Non Operating": NaN,
        "Operating Income": -35107000.0,
        "Operating Expense": 90949000.0,
        "Research And Development": 23698000.0,
        "Selling General And Administration": 67251000.0,
        "Selling And Marketing Expense": 52592000.0,
        "General And Administrative Expense": 14659000.0,
        "Other Gand A": 14659000.0,
        "Gross Profit": 55842000.0,
        "Cost Of Revenue": 84023000.0,
        "Total Revenue": 139865000.0,
        "Operating Revenue": 139865000.0
    },
    "2022-09-30": {
        "Tax Effect Of Unusual Items": NaN,
        "Tax Rate For Calcs": NaN,
        "Normalized EBITDA": NaN,
        "Net Income From Continuing Operation Net Minority Interest": NaN,
        "Reconciled Depreciation": NaN,
        "Reconciled Cost Of Revenue": NaN,
        "EBITDA": NaN,
        "EBIT": NaN,
        "Net Interest Income": NaN,
        "Interest Expense": 10890000.0,
        "Interest Income": NaN,
        "Normalized Income": NaN,
        "Net Income From Continuing And Discontinued Operation": NaN,
        "Total Expenses": NaN,
        "Total Operating Income As Reported": NaN,
        "Diluted Average Shares": NaN,
        "Basic Average Shares": NaN,
        "Diluted EPS": NaN,
        "Basic EPS": NaN,
        "Diluted NI Availto Com Stockholders": NaN,
        "Net Income Common Stockholders": NaN,
        "Net Income": NaN,
        "Net Income Including Noncontrolling Interests": NaN,
        "Net Income Continuous Operations": NaN,
        "Tax Provision": NaN,
        "Pretax Income": NaN,
        "Net Non Operating Interest Income Expense": NaN,
        "Total Other Finance Cost": 10890000.0,
        "Interest Expense Non Operating": 10890000.0,
        "Interest Income Non Operating": NaN,
        "Operating Income": NaN,
        "Operating Expense": NaN,
        "Research And Development": NaN,
        "Selling General And Administration": NaN,
        "Selling And Marketing Expense": NaN,
        "General And Administrative Expense": NaN,
        "Other Gand A": NaN,
        "Gross Profit": NaN,
        "Cost Of Revenue": NaN,
        "Total Revenue": NaN,
        "Operating Revenue": NaN
    },
    "2022-06-30": {
        "Tax Effect Of Unusual Items": 0.0,
        "Tax Rate For Calcs": 0.4,
        "Normalized EBITDA": -42924000.0,
        "Net Income From Continuing Operation Net Minority Interest": -48797000.0,
        "Reconciled Depreciation": 6379000.0,
        "Reconciled Cost Of Revenue": 52954000.0,
        "EBITDA": -42924000.0,
        "EBIT": -49303000.0,
        "Net Interest Income": 680000.0,
        "Interest Expense": NaN,
        "Interest Income": 680000.0,
        "Normalized Income": -48797000.0,
        "Net Income From Continuing And Discontinued Operation": -48797000.0,
        "Total Expenses": 136608000.0,
        "Total Operating Income As Reported": -49303000.0,
        "Diluted Average Shares": 156891201.0,
        "Basic Average Shares": 156891201.0,
        "Diluted EPS": -0.31,
        "Basic EPS": -0.31,
        "Diluted NI Availto Com Stockholders": -48797000.0,
        "Net Income Common Stockholders": -48797000.0,
        "Net Income": -48797000.0,
        "Net Income Including Noncontrolling Interests": -48797000.0,
        "Net Income Continuous Operations": -48797000.0,
        "Tax Provision": 174000.0,
        "Pretax Income": -48623000.0,
        "Net Non Operating Interest Income Expense": 680000.0,
        "Total Other Finance Cost": NaN,
        "Interest Expense Non Operating": NaN,
        "Interest Income Non Operating": 680000.0,
        "Operating Income": -49303000.0,
        "Operating Expense": 83654000.0,
        "Research And Development": 17597000.0,
        "Selling General And Administration": 66057000.0,
        "Selling And Marketing Expense": 50986000.0,
        "General And Administrative Expense": 15071000.0,
        "Other Gand A": 15071000.0,
        "Gross Profit": 34351000.0,
        "Cost Of Revenue": 52954000.0,
        "Total Revenue": 87305000.0,
        "Operating Revenue": 87305000.0
    },
    "2022-03-31": {
        "Diluted EPS": -0.35,
        "Total Revenue": 76,
        "Gross Profit": 27,
        "Operating Income": -52,
        "EBIT": -8,
        "Net Income": -54
    },
    "2021-12-31": {
        "Diluted EPS": -0.22,
        "Total Revenue": 83,
        "Gross Profit": 33,
        "Operating Income": -22,
        "EBIT": 7,
        "Net Income": -22
    },
    "2021-09-30": {
        "Diluted EPS": -0.19,
        "Total Revenue": 59,
        "Gross Profit": 23,
        "Operating Income": -28,
        "EBIT": 27,
        "Net Income": -28
    },
    "2021-06-30": {
        "Diluted EPS": -0.25,
        "Total Revenue": 57,
        "Gross Profit": 21,
        "Operating Income": -19,
        "EBIT": -19,
        "Net Income": -22
    },
    "2021-03-31": {
        "Diluted EPS": -0.08,
        "Total Revenue": 46,
        "Gross Profit": 15,
        "Operating Income": 4,
        "EBIT": 4,
        "Net Income": -2
    },
    "2020-12-31": {
        "Diluted EPS": 0.1,
        "Total Revenue": 54,
        "Gross Profit": 18,
        "Operating Income": 5,
        "EBIT": 5,
        "Net Income": 4
    },
    "2020-09-30": {
        "Diluted EPS": 0.01,
        "Total Revenue": 33,
        "Gross Profit": 10,
        "Operating Income": 2,
        "EBIT": 2,
        "Net Income": 0
    },
    "2020-06-30": {
        "Diluted EPS": -0.02,
        "Total Revenue": 30,
        "Gross Profit": 10,
        "Operating Income": 1,
        "EBIT": 2,
        "Net Income": 0
    },
    "2020-03-31": {
        "Diluted EPS": -0.06,
        "Total Revenue": 20,
        "Gross Profit": 6,
        "Operating Income": -1,
        "EBIT": -1,
        "Net Income": -1
    },
    "2019-12-31": {
        "Diluted EPS": 0.0,
        "Total Revenue": NaN,
        "Gross Profit": NaN,
        "Operating Income": NaN,
        "EBIT": NaN,
        "Net Income": NaN
    },
    "2023-06-30": {
        "Tax Effect Of Unusual Items": NaN,
        "Tax Rate For Calcs": NaN,
        "Normalized EBITDA": NaN,
        "Net Income From Continuing Operation Net Minority Interest": NaN,
        "Reconciled Depreciation": NaN,
        "Reconciled Cost Of Revenue": NaN,
        "EBITDA": NaN,
        "EBIT": NaN,
        "Net Interest Income": NaN,
        "Interest Expense": 754000.0,
        "Interest Income": NaN,
        "Normalized Income": NaN,
        "Net Income From Continuing And Discontinued Operation": NaN,
        "Total Expenses": NaN,
        "Total Operating Income As Reported": NaN,
        "Diluted Average Shares": NaN,
        "Basic Average Shares": NaN,
        "Diluted EPS": NaN,
        "Basic EPS": NaN,
        "Diluted NI Availto Com Stockholders": NaN,
        "Net Income Common Stockholders": NaN,
        "Net Income": NaN,
        "Net Income Including Noncontrolling Interests": NaN,
        "Net Income Continuous Operations": NaN,
        "Tax Provision": NaN,
        "Pretax Income": NaN,
        "Net Non Operating Interest Income Expense": NaN,
        "Interest Expense Non Operating": 754000.0,
        "Interest Income Non Operating": NaN,
        "Operating Income": NaN,
        "Operating Expense": NaN,
        "Research And Development": NaN,
        "Selling General And Administration": NaN,
        "Selling And Marketing Expense": NaN,
        "General And Administrative Expense": NaN,
        "Other Gand A": NaN,
        "Gross Profit": NaN,
        "Cost Of Revenue": NaN,
        "Total Revenue": NaN,
        "Operating Revenue": NaN
    },
    "2023-09-30": {
        "Tax Effect Of Unusual Items": NaN,
        "Tax Rate For Calcs": NaN,
        "Normalized EBITDA": NaN,
        "Net Income From Continuing Operation Net Minority Interest": NaN,
        "Reconciled Depreciation": NaN,
        "Reconciled Cost Of Revenue": NaN,
        "EBITDA": NaN,
        "EBIT": NaN,
        "Net Interest Income": NaN,
        "Interest Expense": NaN,
        "Interest Income": 3405000.0,
        "Normalized Income": NaN,
        "Net Income From Continuing And Discontinued Operation": NaN,
        "Total Expenses": NaN,
        "Total Operating Income As Reported": NaN,
        "Diluted Average Shares": NaN,
        "Basic Average Shares": NaN,
        "Diluted EPS": NaN,
        "Basic EPS": NaN,
        "Diluted NI Availto Com Stockholders": NaN,
        "Net Income Common Stockholders": NaN,
        "Net Income": NaN,
        "Net Income Including Noncontrolling Interests": NaN,
        "Net Income Continuous Operations": NaN,
        "Tax Provision": NaN,
        "Pretax Income": NaN,
        "Net Non Operating Interest Income Expense": NaN,
        "Total Other Finance Cost": NaN,
        "Interest Expense Non Operating": NaN,
        "Interest Income Non Operating": 3405000.0,
        "Operating Income": NaN,
        "Operating Expense": NaN,
        "Research And Development": NaN,
        "Selling General And Administration": NaN,
        "Selling And Marketing Expense": NaN,
        "General And Administrative Expense": NaN,
        "Other Gand A": NaN,
        "Gross Profit": NaN,
        "Cost Of Revenue": NaN,
        "Total Revenue": NaN,
        "Operating Revenue": NaN
    },
    "2023-12-31": {
        "Tax Effect Of Unusual Items": 0.0,
        "Tax Rate For Calcs": 0.21,
        "Normalized EBITDA": 132976000.0,
        "Net Income From Continuing Operation Net Minority Interest": -22098000.0,
        "Reconciled Depreciation": 156031000.0,
        "Reconciled Cost Of Revenue": 109080000.0,
        "EBITDA": 132976000.0,
        "EBIT": -23055000.0,
        "Net Interest Income": 5011000.0,
        "Interest Expense": NaN,
        "Interest Income": NaN,
        "Normalized Income": -22098000.0,
        "Net Income From Continuing And Discontinued Operation": -22098000.0,
        "Total Expenses": 208456000.0,
        "Total Operating Income As Reported": -23055000.0,
        "Diluted Average Shares": 165626904.0,
        "Basic Average Shares": 165626904.0,
        "Diluted EPS": -0.13,
        "Basic EPS": -0.13,
        "Diluted NI Availto Com Stockholders": -22098000.0,
        "Net Income Common Stockholders": -22098000.0,
        "Net Income": -22098000.0,
        "Net Income Including Noncontrolling Interests": -22098000.0,
        "Net Income Continuous Operations": -22098000.0,
        "Tax Provision": 4054000.0,
        "Pretax Income": -18044000.0,
        "Net Non Operating Interest Income Expense": 5011000.0,
        "Interest Expense Non Operating": NaN,
        "Interest Income Non Operating": NaN,
        "Operating Income": -23055000.0,
        "Operating Expense": 99376000.0,
        "Research And Development": 25169000.0,
        "Selling General And Administration": 74207000.0,
        "Selling And Marketing Expense": 58756000.0,
        "General And Administrative Expense": 15451000.0,
        "Other Gand A": 15451000.0,
        "Gross Profit": 76321000.0,
        "Cost Of Revenue": 109080000.0,
        "Total Revenue": 185401000.0,
        "Operating Revenue": 185401000.0
    },
    "2024-03-31": {
        "Tax Effect Of Unusual Items": NaN,
        "Tax Rate For Calcs": NaN,
        "Normalized EBITDA": NaN,
        "Net Income From Continuing Operation Net Minority Interest": NaN,
        "Reconciled Depreciation": NaN,
        "Reconciled Cost Of Revenue": NaN,
        "EBITDA": NaN,
        "EBIT": NaN,
        "Net Interest Income": NaN,
        "Interest Expense": 3510000.0,
        "Normalized Income": NaN,
        "Net Income From Continuing And Discontinued Operation": NaN,
        "Total Expenses": NaN,
        "Total Operating Income As Reported": NaN,
        "Diluted Average Shares": NaN,
        "Basic Average Shares": NaN,
        "Diluted EPS": NaN,
        "Basic EPS": NaN,
        "Diluted NI Availto Com Stockholders": NaN,
        "Net Income Common Stockholders": NaN,
        "Net Income": NaN,
        "Net Income Including Noncontrolling Interests": NaN,
        "Net Income Continuous Operations": NaN,
        "Tax Provision": NaN,
        "Pretax Income": NaN,
        "Net Non Operating Interest Income Expense": NaN,
        "Total Other Finance Cost": 3510000.0,
        "Interest Expense Non Operating": 3510000.0,
        "Operating Income": NaN,
        "Operating Expense": NaN,
        "Research And Development": NaN,
        "Selling General And Administration": NaN,
        "Selling And Marketing Expense": NaN,
        "General And Administrative Expense": NaN,
        "Other Gand A": NaN,
        "Gross Profit": NaN,
        "Cost Of Revenue": NaN,
        "Total Revenue": NaN,
        "Operating Revenue": NaN
    },
    "2024-06-30": {
        "Tax Effect Of Unusual Items": NaN,
        "Tax Rate For Calcs": NaN,
        "Normalized EBITDA": NaN,
        "Net Income From Continuing Operation Net Minority Interest": NaN,
        "Reconciled Depreciation": NaN,
        "Reconciled Cost Of Revenue": NaN,
        "EBITDA": NaN,
        "EBIT": NaN,
        "Net Interest Income": NaN,
        "Interest Expense": 693000.0,
        "Normalized Income": NaN,
        "Net Income From Continuing And Discontinued Operation": NaN,
        "Total Expenses": NaN,
        "Total Operating Income As Reported": NaN,
        "Diluted Average Shares": NaN,
        "Basic Average Shares": NaN,
        "Diluted EPS": NaN,
        "Basic EPS": NaN,
        "Diluted NI Availto Com Stockholders": NaN,
        "Net Income Common Stockholders": NaN,
        "Net Income": NaN,
        "Net Income Including Noncontrolling Interests": NaN,
        "Net Income Continuous Operations": NaN,
        "Tax Provision": NaN,
        "Pretax Income": NaN,
        "Net Non Operating Interest Income Expense": NaN,
        "Total Other Finance Cost": 693000.0,
        "Interest Expense Non Operating": 693000.0,
        "Operating Income": NaN,
        "Operating Expense": NaN,
        "Research And Development": NaN,
        "Selling General And Administration": NaN,
        "Selling And Marketing Expense": NaN,
        "General And Administrative Expense": NaN,
        "Other Gand A": NaN,
        "Gross Profit": NaN,
        "Cost Of Revenue": NaN,
        "Total Revenue": NaN,
        "Operating Revenue": NaN
    },
    "2024-09-30": {
        "Tax Effect Of Unusual Items": 0.0,
        "Tax Rate For Calcs": 0.21,
        "Normalized EBITDA": -16081000.0,
        "Net Income From Continuing Operation Net Minority Interest": -22564000.0,
        "Reconciled Depreciation": 4951000.0,
        "Reconciled Cost Of Revenue": 95913000.0,
        "EBITDA": -16081000.0,
        "EBIT": -21032000.0,
        "Net Interest Income": -1189000.0,
        "Interest Expense": 1189000.0,
        "Normalized Income": -22564000.0,
        "Net Income From Continuing And Discontinued Operation": -22564000.0,
        "Total Expenses": 197003000.0,
        "Total Operating Income As Reported": -21032000.0,
        "Diluted Average Shares": 167687940.0,
        "Basic Average Shares": 167687940.0,
        "Diluted EPS": -0.13,
        "Basic EPS": -0.13,
        "Diluted NI Availto Com Stockholders": -22564000.0,
        "Net Income Common Stockholders": -22564000.0,
        "Net Income": -22564000.0,
        "Net Income Including Noncontrolling Interests": -22564000.0,
        "Net Income Continuous Operations": -22564000.0,
        "Tax Provision": 343000.0,
        "Pretax Income": -22221000.0,
        "Net Non Operating Interest Income Expense": -1189000.0,
        "Total Other Finance Cost": NaN,
        "Interest Expense Non Operating": 1189000.0,
        "Operating Income": -21032000.0,
        "Operating Expense": 101090000.0,
        "Research And Development": 26989000.0,
        "Selling General And Administration": 74101000.0,
        "Selling And Marketing Expense": 62681000.0,
        "General And Administrative Expense": 11420000.0,
        "Other Gand A": 11420000.0,
        "Gross Profit": 80058000.0,
        "Cost Of Revenue": 95913000.0,
        "Total Revenue": 175971000.0,
        "Operating Revenue": 175971000.0
    },
    "2024-12-31": {
        "Tax Effect Of Unusual Items": 0.0,
        "Tax Rate For Calcs": 0.21,
        "Normalized EBITDA": 158725000.0,
        "Net Income From Continuing Operation Net Minority Interest": 1509000.0,
        "Reconciled Depreciation": 153543000.0,
        "Reconciled Cost Of Revenue": 144253000.0,
        "EBITDA": 158725000.0,
        "EBIT": 5182000.0,
        "Net Interest Income": -6073000.0,
        "Interest Expense": NaN,
        "Normalized Income": 1509000.0,
        "Net Income From Continuing And Discontinued Operation": 1509000.0,
        "Total Expenses": 257730000.0,
        "Total Operating Income As Reported": 5182000.0,
        "Diluted Average Shares": 175674929.0,
        "Basic Average Shares": 168419800.0,
        "Diluted EPS": 0.01,
        "Basic EPS": 0.01,
        "Diluted NI Availto Com Stockholders": 1509000.0,
        "Net Income Common Stockholders": 1509000.0,
        "Net Income": 1509000.0,
        "Net Income Including Noncontrolling Interests": 1509000.0,
        "Net Income Continuous Operations": 1509000.0,
        "Tax Provision": -2400000.0,
        "Pretax Income": -891000.0,
        "Net Non Operating Interest Income Expense": -6073000.0,
        "Total Other Finance Cost": NaN,
        "Interest Expense Non Operating": NaN,
        "Operating Income": 5182000.0,
        "Operating Expense": 113477000.0,
        "Research And Development": 28284000.0,
        "Selling General And Administration": 85193000.0,
        "Selling And Marketing Expense": 70936000.0,
        "General And Administrative Expense": 14257000.0,
        "Other Gand A": 14257000.0,
        "Gross Profit": 118659000.0,
        "Cost Of Revenue": 144253000.0,
        "Total Revenue": 262912000.0,
        "Operating Revenue": 262912000.0
    },
    "2025-03-31": {
        "Tax Effect Of Unusual Items": 0.0,
        "Tax Rate For Calcs": 0.21,
        "Normalized EBITDA": 22770000.0,
        "Net Income From Continuing Operation Net Minority Interest": -17856000.0,
        "Reconciled Depreciation": 41955000.0,
        "Reconciled Cost Of Revenue": 105798000.0,
        "EBITDA": 22770000.0,
        "EBIT": -19185000.0,
        "Net Interest Income": 1870000.0,
        "Interest Expense": NaN,
        "Normalized Income": -17856000.0,
        "Net Income From Continuing And Discontinued Operation": -17856000.0,
        "Total Expenses": 209067000.0,
        "Total Operating Income As Reported": -19185000.0,
        "Diluted Average Shares": 169346771.0,
        "Basic Average Shares": 169346771.0,
        "Diluted EPS": -0.11,
        "Basic EPS": -0.11,
        "Diluted NI Availto Com Stockholders": -17856000.0,
        "Net Income Common Stockholders": -17856000.0,
        "Net Income": -17856000.0,
        "Net Income Including Noncontrolling Interests": -17856000.0,
        "Net Income Continuous Operations": -17856000.0,
        "Tax Provision": 541000.0,
        "Pretax Income": -17315000.0,
        "Net Non Operating Interest Income Expense": 1870000.0,
        "Total Other Finance Cost": -1870000.0,
        "Interest Expense Non Operating": NaN,
        "Operating Income": -19185000.0,
        "Operating Expense": 103269000.0,
        "Research And Development": 28138000.0,
        "Selling General And Administration": 75131000.0,
        "Selling And Marketing Expense": 63938000.0,
        "General And Administrative Expense": 11193000.0,
        "Other Gand A": 11193000.0,
        "Gross Profit": 84084000.0,
        "Cost Of Revenue": 105798000.0,
        "Total Revenue": 189882000.0,
        "Operating Revenue": 189882000.0
    },
    "2025-06-30": {
        "Tax Effect Of Unusual Items": 0.0,
        "Tax Rate For Calcs": 0.087025,
        "Normalized EBITDA": 15486000.0,
        "Net Income From Continuing Operation Net Minority Interest": 10491000.0,
        "Reconciled Depreciation": 4973000.0,
        "Reconciled Cost Of Revenue": 117206000.0,
        "EBITDA": 15486000.0,
        "EBIT": 10513000.0,
        "Net Interest Income": 978000.0,
        "Interest Expense": NaN,
        "Normalized Income": 10491000.0,
        "Net Income From Continuing And Discontinued Operation": 10491000.0,
        "Total Expenses": 204364000.0,
        "Total Operating Income As Reported": 10513000.0,
        "Diluted Average Shares": 175588437.0,
        "Basic Average Shares": 169788923.0,
        "Diluted EPS": 0.06,
        "Basic EPS": 0.06,
        "Diluted NI Availto Com Stockholders": 10491000.0,
        "Net Income Common Stockholders": 10491000.0,
        "Net Income": 10491000.0,
        "Net Income Including Noncontrolling Interests": 10491000.0,
        "Net Income Continuous Operations": 10491000.0,
        "Tax Provision": 1000000.0,
        "Pretax Income": 11491000.0,
        "Net Non Operating Interest Income Expense": 978000.0,
        "Total Other Finance Cost": -978000.0,
        "Interest Expense Non Operating": NaN,
        "Operating Income": 10513000.0,
        "Operating Expense": 87158000.0,
        "Research And Development": 30733000.0,
        "Selling General And Administration": 56425000.0,
        "Selling And Marketing Expense": 43957000.0,
        "General And Administrative Expense": 12468000.0,
        "Other Gand A": 12468000.0,
        "Gross Profit": 97671000.0,
        "Cost Of Revenue": 117206000.0,
        "Total Revenue": 214877000.0,
        "Operating Revenue": 214877000.0
    },
    "2025-09-30": {
        "Tax Effect Of Unusual Items": 0.0,
        "Tax Rate For Calcs": 0.056538,
        "Normalized EBITDA": 22503000.0,
        "Net Income From Continuing Operation Net Minority Interest": 13183000.0,
        "Reconciled Depreciation": 5427000.0,
        "Reconciled Cost Of Revenue": 121133000.0,
        "EBITDA": 22503000.0,
        "EBIT": 17076000.0,
        "Net Interest Income": -3103000.0,
        "Interest Expense": 3103000.0,
        "Normalized Income": 13183000.0,
        "Net Income From Continuing And Discontinued Operation": 13183000.0,
        "Total Expenses": 203703000.0,
        "Total Operating Income As Reported": 17076000.0,
        "Diluted Average Shares": 175965453.0,
        "Basic Average Shares": 170306114.0,
        "Diluted EPS": 0.07,
        "Basic EPS": 0.08,
        "Diluted NI Availto Com Stockholders": 13183000.0,
        "Net Income Common Stockholders": 13183000.0,
        "Net Income": 13183000.0,
        "Net Income Including Noncontrolling Interests": 13183000.0,
        "Net Income Continuous Operations": 13183000.0,
        "Tax Provision": 790000.0,
        "Pretax Income": 13973000.0,
        "Net Non Operating Interest Income Expense": -3103000.0,
        "Total Other Finance Cost": NaN,
        "Interest Expense Non Operating": 3103000.0,
        "Operating Income": 17076000.0,
        "Operating Expense": 82570000.0,
        "Research And Development": 30820000.0,
        "Selling General And Administration": 51750000.0,
        "Selling And Marketing Expense": 38399000.0,
        "General And Administrative Expense": 13351000.0,
        "Other Gand A": 13351000.0,
        "Gross Profit": 99646000.0,
        "Cost Of Revenue": 121133000.0,
        "Total Revenue": 220779000.0,
        "Operating Revenue": 220779000.0
    }
}