{
    "2023-03-31": {
        "Tax Effect Of Unusual Items": NaN,
        "Tax Rate For Calcs": NaN,
        "Normalized EBITDA": NaN,
        "Total Unusual Items": 18000.0,
        "Total Unusual Items Excluding Goodwill": 18000.0,
        "Net Income From Continuing Operation Net Minority Interest": NaN,
        "Reconciled Depreciation": NaN,
        "Reconciled Cost Of Revenue": NaN,
        "EBITDA": NaN,
        "EBIT": NaN,
        "Net Interest Income": NaN,
        "Interest Expense": NaN,
        "Normalized Income": NaN,
        "Net Income From Continuing And Discontinued Operation": NaN,
        "Total Expenses": NaN,
        "Total Operating Income As Reported": NaN,
        "Diluted Average Shares": NaN,
        "Basic Average Shares": NaN,
        "Diluted EPS": NaN,
        "Basic EPS": NaN,
        "Diluted NI Availto Com Stockholders": NaN,
        "Net Income Common Stockholders": NaN,
        "Net Income": NaN,
        "Net Income Including Noncontrolling Interests": NaN,
        "Net Income Continuous Operations": NaN,
        "Tax Provision": NaN,
        "Pretax Income": NaN,
        "Other Income Expense": NaN,
        "Other Non Operating Income Expenses": NaN,
        "Special Income Charges": 18000.0,
        "Gain On Sale Of Ppe": 18000.0,
        "Other Special Charges": -18000.0,
        "Net Non Operating Interest Income Expense": NaN,
        "Interest Expense Non Operating": NaN,
        "Operating Income": NaN,
        "Operating Expense": NaN,
        "Other Operating Expenses": NaN,
        "Selling General And Administration": NaN,
        "General And Administrative Expense": NaN,
        "Other Gand A": NaN,
        "Gross Profit": NaN,
        "Cost Of Revenue": NaN,
        "Total Revenue": NaN,
        "Operating Revenue": NaN
    },
    "2022-12-31": {
        "Tax Effect Of Unusual Items": NaN,
        "Tax Rate For Calcs": NaN,
        "Normalized EBITDA": NaN,
        "Total Unusual Items": NaN,
        "Total Unusual Items Excluding Goodwill": NaN,
        "Net Income From Continuing Operation Net Minority Interest": NaN,
        "Reconciled Depreciation": NaN,
        "Reconciled Cost Of Revenue": NaN,
        "EBITDA": NaN,
        "EBIT": NaN,
        "Net Interest Income": NaN,
        "Interest Expense": NaN,
        "Normalized Income": NaN,
        "Net Income From Continuing And Discontinued Operation": NaN,
        "Total Expenses": NaN,
        "Total Operating Income As Reported": NaN,
        "Diluted Average Shares": NaN,
        "Basic Average Shares": NaN,
        "Diluted EPS": NaN,
        "Basic EPS": NaN,
        "Diluted NI Availto Com Stockholders": NaN,
        "Net Income Common Stockholders": NaN,
        "Net Income": NaN,
        "Net Income Including Noncontrolling Interests": NaN,
        "Net Income Continuous Operations": NaN,
        "Tax Provision": NaN,
        "Pretax Income": NaN,
        "Other Income Expense": NaN,
        "Other Non Operating Income Expenses": NaN,
        "Special Income Charges": NaN,
        "Gain On Sale Of Ppe": -8150000.0,
        "Other Special Charges": NaN,
        "Net Non Operating Interest Income Expense": NaN,
        "Interest Expense Non Operating": NaN,
        "Operating Income": NaN,
        "Operating Expense": NaN,
        "Other Operating Expenses": NaN,
        "Selling General And Administration": NaN,
        "General And Administrative Expense": NaN,
        "Other Gand A": NaN,
        "Gross Profit": NaN,
        "Cost Of Revenue": NaN,
        "Total Revenue": NaN,
        "Operating Revenue": NaN
    },
    "2022-09-30": {
        "Tax Effect Of Unusual Items": 10098.81572,
        "Tax Rate For Calcs": 0.25247,
        "Normalized EBITDA": 1301000.0,
        "Total Unusual Items": 40000.0,
        "Total Unusual Items Excluding Goodwill": 40000.0,
        "Net Income From Continuing Operation Net Minority Interest": -9910000.0,
        "Reconciled Depreciation": 11047000.0,
        "Reconciled Cost Of Revenue": 154547000.0,
        "EBITDA": 1341000.0,
        "EBIT": -9706000.0,
        "Net Interest Income": -3551000.0,
        "Interest Expense": 3551000.0,
        "Normalized Income": -9939901.18428,
        "Net Income From Continuing And Discontinued Operation": -9910000.0,
        "Total Expenses": 167839000.0,
        "Total Operating Income As Reported": -9453000.0,
        "Diluted Average Shares": 66111000.0,
        "Basic Average Shares": 66111000.0,
        "Diluted EPS": -0.15,
        "Basic EPS": -0.15,
        "Diluted NI Availto Com Stockholders": -9910000.0,
        "Net Income Common Stockholders": -9910000.0,
        "Net Income": -9910000.0,
        "Net Income Including Noncontrolling Interests": -9910000.0,
        "Net Income Continuous Operations": -9910000.0,
        "Tax Provision": -3347000.0,
        "Pretax Income": -13257000.0,
        "Other Income Expense": -213000.0,
        "Other Non Operating Income Expenses": -253000.0,
        "Special Income Charges": 40000.0,
        "Gain On Sale Of Ppe": 40000.0,
        "Net Non Operating Interest Income Expense": -3551000.0,
        "Interest Expense Non Operating": 3551000.0,
        "Operating Income": -9493000.0,
        "Operating Expense": 13292000.0,
        "Selling General And Administration": 13292000.0,
        "General And Administrative Expense": 13292000.0,
        "Other Gand A": 13292000.0,
        "Gross Profit": 3799000.0,
        "Cost Of Revenue": 154547000.0,
        "Total Revenue": 158346000.0,
        "Operating Revenue": 158346000.0
    },
    "2022-06-30": {
        "Tax Effect Of Unusual Items": -523.741302,
        "Tax Rate For Calcs": 0.17458,
        "Normalized EBITDA": 10155000.0,
        "Total Unusual Items": -3000.0,
        "Total Unusual Items Excluding Goodwill": -3000.0,
        "Net Income From Continuing Operation Net Minority Interest": -4033000.0,
        "Reconciled Depreciation": 11614000.0,
        "Reconciled Cost Of Revenue": 138947000.0,
        "EBITDA": 10152000.0,
        "EBIT": -1462000.0,
        "Net Interest Income": -3424000.0,
        "Interest Expense": 3424000.0,
        "Normalized Income": -4030523.741302,
        "Net Income From Continuing And Discontinued Operation": -4033000.0,
        "Total Expenses": 149767000.0,
        "Total Operating Income As Reported": -342000.0,
        "Diluted Average Shares": 66071000.0,
        "Basic Average Shares": 66071000.0,
        "Diluted EPS": -0.06,
        "Basic EPS": -0.06,
        "Diluted NI Availto Com Stockholders": -4033000.0,
        "Net Income Common Stockholders": -4033000.0,
        "Net Income": -4033000.0,
        "Net Income Including Noncontrolling Interests": -4033000.0,
        "Net Income Continuous Operations": -4033000.0,
        "Tax Provision": -853000.0,
        "Pretax Income": -4886000.0,
        "Other Income Expense": -1123000.0,
        "Other Non Operating Income Expenses": -1120000.0,
        "Special Income Charges": -3000.0,
        "Gain On Sale Of Ppe": -3000.0,
        "Net Non Operating Interest Income Expense": -3424000.0,
        "Interest Expense Non Operating": 3424000.0,
        "Operating Income": -339000.0,
        "Operating Expense": 10820000.0,
        "Selling General And Administration": 10820000.0,
        "General And Administrative Expense": 10820000.0,
        "Other Gand A": 10820000.0,
        "Gross Profit": 10481000.0,
        "Cost Of Revenue": 138947000.0,
        "Total Revenue": 149428000.0,
        "Operating Revenue": 149428000.0
    },
    "2023-06-30": {
        "Tax Effect Of Unusual Items": NaN,
        "Tax Rate For Calcs": NaN,
        "Normalized EBITDA": NaN,
        "Total Unusual Items": 243000.0,
        "Total Unusual Items Excluding Goodwill": 243000.0,
        "Net Income From Continuing Operation Net Minority Interest": NaN,
        "Reconciled Depreciation": NaN,
        "Reconciled Cost Of Revenue": NaN,
        "EBITDA": NaN,
        "EBIT": NaN,
        "Net Interest Income": NaN,
        "Interest Expense": NaN,
        "Normalized Income": NaN,
        "Net Income From Continuing And Discontinued Operation": NaN,
        "Total Expenses": NaN,
        "Total Operating Income As Reported": NaN,
        "Diluted Average Shares": NaN,
        "Basic Average Shares": NaN,
        "Diluted EPS": NaN,
        "Basic EPS": NaN,
        "Diluted NI Availto Com Stockholders": NaN,
        "Net Income Common Stockholders": NaN,
        "Net Income": NaN,
        "Net Income Including Noncontrolling Interests": NaN,
        "Net Income Continuous Operations": NaN,
        "Tax Provision": NaN,
        "Pretax Income": NaN,
        "Other Income Expense": NaN,
        "Other Non Operating Income Expenses": NaN,
        "Special Income Charges": 243000.0,
        "Gain On Sale Of Ppe": 243000.0,
        "Other Special Charges": -243000.0,
        "Net Non Operating Interest Income Expense": NaN,
        "Interest Expense Non Operating": NaN,
        "Operating Income": NaN,
        "Operating Expense": NaN,
        "Other Operating Expenses": -243000.0,
        "Selling General And Administration": NaN,
        "General And Administrative Expense": NaN,
        "Other Gand A": NaN,
        "Gross Profit": NaN,
        "Cost Of Revenue": NaN,
        "Total Revenue": NaN,
        "Operating Revenue": NaN
    },
    "2022-03-31": {
        "Diluted EPS": 0.17,
        "Total Revenue": 194,
        "Gross Profit": 33,
        "Operating Income": 19,
        "EBIT": 30,
        "Net Income": 11
    },
    "2021-12-31": {
        "Diluted EPS": 0.38,
        "Total Revenue": 210,
        "Gross Profit": 53,
        "Operating Income": 37,
        "EBIT": 48,
        "Net Income": 25
    },
    "2021-09-30": {
        "Diluted EPS": 0.21,
        "Total Revenue": 169,
        "Gross Profit": 36,
        "Operating Income": 21,
        "EBIT": 33,
        "Net Income": 14
    },
    "2021-06-30": {
        "Diluted EPS": 0.03,
        "Total Revenue": 170,
        "Gross Profit": 23,
        "Operating Income": 9,
        "EBIT": 21,
        "Net Income": 2
    },
    "2021-03-31": {
        "Diluted EPS": 0.13,
        "Total Revenue": 178,
        "Gross Profit": 33,
        "Operating Income": 17,
        "EBIT": 27,
        "Net Income": 9
    },
    "2020-12-31": {
        "Diluted EPS": 0.15,
        "Total Revenue": 172,
        "Gross Profit": 33,
        "Operating Income": 17,
        "EBIT": 28,
        "Net Income": 11
    },
    "2020-09-30": {
        "Diluted EPS": 0.19,
        "Total Revenue": 176,
        "Gross Profit": 36,
        "Operating Income": 23,
        "EBIT": 32,
        "Net Income": 13
    },
    "2020-06-30": {
        "Diluted EPS": 0.14,
        "Total Revenue": 168,
        "Gross Profit": 33,
        "Operating Income": 18,
        "EBIT": 28,
        "Net Income": 9
    },
    "2020-03-31": {
        "Diluted EPS": 0.52,
        "Total Revenue": 218,
        "Gross Profit": 68,
        "Operating Income": 53,
        "EBIT": 63,
        "Net Income": 34
    },
    "2019-12-31": {
        "Diluted EPS": 0.24,
        "Total Revenue": 164,
        "Gross Profit": 35,
        "Operating Income": 22,
        "EBIT": 33,
        "Net Income": 16
    },
    "2019-09-30": {
        "Diluted EPS": 0.12,
        "Total Revenue": 170,
        "Gross Profit": 32,
        "Operating Income": 18,
        "EBIT": 28,
        "Net Income": 8
    },
    "2019-06-30": {
        "Diluted EPS": 0.13,
        "Total Revenue": 185,
        "Gross Profit": 37,
        "Operating Income": 23,
        "EBIT": 33,
        "Net Income": 8
    },
    "2019-03-31": {
        "Diluted EPS": 0.27,
        "Total Revenue": 193,
        "Gross Profit": 50,
        "Operating Income": 35,
        "EBIT": 45,
        "Net Income": 17
    },
    "2018-12-31": {
        "Diluted EPS": -0.12,
        "Total Revenue": 173,
        "Gross Profit": 36,
        "Operating Income": 17,
        "EBIT": 30,
        "Net Income": -8
    },
    "2018-09-30": {
        "Diluted EPS": 0.19,
        "Total Revenue": 179,
        "Gross Profit": 40,
        "Operating Income": 24,
        "EBIT": 36,
        "Net Income": 12
    },
    "2018-06-30": {
        "Diluted EPS": -0.02,
        "Total Revenue": 135,
        "Gross Profit": 22,
        "Operating Income": 11,
        "EBIT": 24,
        "Net Income": -1
    },
    "2018-03-31": {
        "Diluted EPS": -0.15,
        "Total Revenue": 134,
        "Gross Profit": 14,
        "Operating Income": 1,
        "EBIT": 17,
        "Net Income": -9
    },
    "2017-12-31": {
        "Diluted EPS": -0.11,
        "Total Revenue": 81,
        "Gross Profit": -12,
        "Operating Income": -22,
        "EBIT": -4,
        "Net Income": -7
    },
    "2017-09-30": {
        "Diluted EPS": -0.05,
        "Total Revenue": 163,
        "Gross Profit": 20,
        "Operating Income": 2,
        "EBIT": 14,
        "Net Income": -3
    },
    "2017-06-30": {
        "Diluted EPS": -0.07,
        "Total Revenue": 177,
        "Gross Profit": 20,
        "Operating Income": 3,
        "EBIT": 18,
        "Net Income": -4
    },
    "2017-03-31": {
        "Diluted EPS": -0.28,
        "Total Revenue": 171,
        "Gross Profit": 15,
        "Operating Income": -2,
        "EBIT": 12,
        "Net Income": -18
    },
    "2016-12-31": {
        "Diluted EPS": -0.11,
        "Total Revenue": 83,
        "Gross Profit": 21,
        "Operating Income": 10,
        "EBIT": 20,
        "Net Income": -7
    },
    "2016-09-30": {
        "Diluted EPS": 0.08,
        "Total Revenue": 199,
        "Gross Profit": 20,
        "Operating Income": 13,
        "EBIT": 30,
        "Net Income": 5
    },
    "2016-06-30": {
        "Diluted EPS": -0.03,
        "Total Revenue": 192,
        "Gross Profit": 24,
        "Operating Income": 4,
        "EBIT": 19,
        "Net Income": -2
    },
    "2016-03-31": {
        "Diluted EPS": -0.07,
        "Total Revenue": 163,
        "Gross Profit": 20,
        "Operating Income": 0,
        "EBIT": 14,
        "Net Income": -4
    },
    "2015-12-31": {
        "Diluted EPS": -0.02,
        "Total Revenue": 223,
        "Gross Profit": 29,
        "Operating Income": 7,
        "EBIT": 24,
        "Net Income": -1
    },
    "2015-09-30": {
        "Diluted EPS": 0.01,
        "Total Revenue": 221,
        "Gross Profit": 24,
        "Operating Income": 10,
        "EBIT": 25,
        "Net Income": 0
    },
    "2015-06-30": {
        "Diluted EPS": 0.05,
        "Total Revenue": 239,
        "Gross Profit": 32,
        "Operating Income": 14,
        "EBIT": 37,
        "Net Income": 3
    },
    "2015-03-31": {
        "Diluted EPS": -0.14,
        "Total Revenue": 175,
        "Gross Profit": 11,
        "Operating Income": -7,
        "EBIT": 6,
        "Net Income": -8
    },
    "2014-12-31": {
        "Diluted EPS": 0.31,
        "Total Revenue": 246,
        "Gross Profit": 21,
        "Operating Income": 3,
        "EBIT": 20,
        "Net Income": 19
    },
    "2014-09-30": {
        "Diluted EPS": -0.03,
        "Total Revenue": 202,
        "Gross Profit": 24,
        "Operating Income": 8,
        "EBIT": 19,
        "Net Income": -2
    },
    "2014-06-30": {
        "Diluted EPS": -0.02,
        "Total Revenue": 185,
        "Gross Profit": 26,
        "Operating Income": 10,
        "EBIT": 22,
        "Net Income": -1
    },
    "2014-03-31": {
        "Diluted EPS": -0.09,
        "Total Revenue": 174,
        "Gross Profit": 21,
        "Operating Income": 3,
        "EBIT": 14,
        "Net Income": -5
    },
    "2013-12-31": {
        "Diluted EPS": -0.18,
        "Total Revenue": 216,
        "Gross Profit": 28,
        "Operating Income": 11,
        "EBIT": 24,
        "Net Income": -11
    },
    "2013-09-30": {
        "Diluted EPS": 0.02,
        "Total Revenue": 188,
        "Gross Profit": 28,
        "Operating Income": 14,
        "EBIT": 26,
        "Net Income": 1
    },
    "2013-06-30": {
        "Diluted EPS": -0.42,
        "Total Revenue": 147,
        "Gross Profit": 14,
        "Operating Income": 12,
        "EBIT": 23,
        "Net Income": -25
    },
    "2013-03-31": {
        "Diluted EPS": 0.01,
        "Total Revenue": 180,
        "Gross Profit": 31,
        "Operating Income": 14,
        "EBIT": 26,
        "Net Income": 0
    },
    "2012-12-31": {
        "Diluted EPS": 0.01,
        "Total Revenue": 108,
        "Gross Profit": 32,
        "Operating Income": 22,
        "EBIT": 33,
        "Net Income": 0
    },
    "2012-09-30": {
        "Diluted EPS": -0.09,
        "Total Revenue": 162,
        "Gross Profit": 8,
        "Operating Income": -4,
        "EBIT": 7,
        "Net Income": -5
    },
    "2012-06-30": {
        "Diluted EPS": 0.02,
        "Total Revenue": 163,
        "Gross Profit": 19,
        "Operating Income": 7,
        "EBIT": 16,
        "Net Income": 1
    },
    "2012-03-31": {
        "Diluted EPS": 0.02,
        "Total Revenue": 155,
        "Gross Profit": 20,
        "Operating Income": 7,
        "EBIT": 15,
        "Net Income": 1
    },
    "2011-12-31": {
        "Diluted EPS": 0.12,
        "Total Revenue": 51,
        "Gross Profit": 8,
        "Operating Income": 14,
        "EBIT": 22,
        "Net Income": 7
    },
    "2011-09-30": {
        "Diluted EPS": 0.09,
        "Total Revenue": 158,
        "Gross Profit": 27,
        "Operating Income": 15,
        "EBIT": 26,
        "Net Income": 6
    },
    "2011-06-30": {
        "Diluted EPS": 0.03,
        "Total Revenue": 155,
        "Gross Profit": 20,
        "Operating Income": 9,
        "EBIT": 18,
        "Net Income": 2
    },
    "2011-03-31": {
        "Diluted EPS": 0.04,
        "Total Revenue": 155,
        "Gross Profit": 27,
        "Operating Income": 16,
        "EBIT": 26,
        "Net Income": 2
    },
    "2010-12-31": {
        "Diluted EPS": 0.12,
        "Total Revenue": 172,
        "Gross Profit": 25,
        "Operating Income": 13,
        "EBIT": 21,
        "Net Income": 7
    },
    "2010-09-30": {
        "Diluted EPS": 0.13,
        "Total Revenue": 173,
        "Gross Profit": 33,
        "Operating Income": 16,
        "EBIT": 24,
        "Net Income": 8
    },
    "2010-06-30": {
        "Diluted EPS": 0.18,
        "Total Revenue": 180,
        "Gross Profit": 35,
        "Operating Income": 20,
        "EBIT": 29,
        "Net Income": 11
    },
    "2010-03-31": {
        "Diluted EPS": 0.16,
        "Total Revenue": 161,
        "Gross Profit": 30,
        "Operating Income": 19,
        "EBIT": 29,
        "Net Income": 9
    },
    "2009-12-31": {
        "Diluted EPS": 0.01,
        "Total Revenue": 161,
        "Gross Profit": 16,
        "Operating Income": 4,
        "EBIT": 13,
        "Net Income": 1
    },
    "2009-09-30": {
        "Diluted EPS": 0.03,
        "Total Revenue": 140,
        "Gross Profit": 17,
        "Operating Income": 5,
        "EBIT": 13,
        "Net Income": 2
    },
    "2009-06-30": {
        "Diluted EPS": 0.13,
        "Total Revenue": 142,
        "Gross Profit": 29,
        "Operating Income": 17,
        "EBIT": 23,
        "Net Income": 7
    },
    "2009-03-31": {
        "Diluted EPS": 0.13,
        "Total Revenue": 179,
        "Gross Profit": 27,
        "Operating Income": 16,
        "EBIT": 29,
        "Net Income": 7
    },
    "2023-09-30": {
        "Tax Effect Of Unusual Items": NaN,
        "Tax Rate For Calcs": NaN,
        "Normalized EBITDA": NaN,
        "Total Unusual Items": 35000.0,
        "Total Unusual Items Excluding Goodwill": 35000.0,
        "Net Income From Continuing Operation Net Minority Interest": NaN,
        "Reconciled Depreciation": NaN,
        "Reconciled Cost Of Revenue": NaN,
        "EBITDA": NaN,
        "EBIT": NaN,
        "Net Interest Income": NaN,
        "Interest Expense": NaN,
        "Normalized Income": NaN,
        "Net Income From Continuing And Discontinued Operation": NaN,
        "Total Expenses": NaN,
        "Total Operating Income As Reported": NaN,
        "Diluted Average Shares": NaN,
        "Basic Average Shares": NaN,
        "Diluted EPS": NaN,
        "Basic EPS": NaN,
        "Diluted NI Availto Com Stockholders": NaN,
        "Net Income Common Stockholders": NaN,
        "Net Income": NaN,
        "Net Income Including Noncontrolling Interests": NaN,
        "Net Income Continuous Operations": NaN,
        "Tax Provision": NaN,
        "Pretax Income": NaN,
        "Other Income Expense": NaN,
        "Other Non Operating Income Expenses": NaN,
        "Special Income Charges": 35000.0,
        "Gain On Sale Of Ppe": 35000.0,
        "Other Special Charges": -35000.0,
        "Net Non Operating Interest Income Expense": NaN,
        "Interest Expense Non Operating": NaN,
        "Operating Income": NaN,
        "Operating Expense": NaN,
        "Other Operating Expenses": -35000.0,
        "Selling General And Administration": NaN,
        "General And Administrative Expense": NaN,
        "Other Gand A": NaN,
        "Gross Profit": NaN,
        "Cost Of Revenue": NaN,
        "Total Revenue": NaN,
        "Operating Revenue": NaN
    },
    "2023-12-31": {
        "Tax Effect Of Unusual Items": NaN,
        "Tax Rate For Calcs": NaN,
        "Normalized EBITDA": NaN,
        "Total Unusual Items": 7247000.0,
        "Total Unusual Items Excluding Goodwill": 7247000.0,
        "Net Income From Continuing Operation Net Minority Interest": NaN,
        "Reconciled Depreciation": NaN,
        "Reconciled Cost Of Revenue": NaN,
        "EBITDA": NaN,
        "EBIT": NaN,
        "Net Interest Income": NaN,
        "Interest Expense": NaN,
        "Normalized Income": NaN,
        "Net Income From Continuing And Discontinued Operation": NaN,
        "Total Expenses": NaN,
        "Total Operating Income As Reported": NaN,
        "Diluted Average Shares": NaN,
        "Basic Average Shares": NaN,
        "Diluted EPS": NaN,
        "Basic EPS": NaN,
        "Diluted NI Availto Com Stockholders": NaN,
        "Net Income Common Stockholders": NaN,
        "Net Income": NaN,
        "Net Income Including Noncontrolling Interests": NaN,
        "Net Income Continuous Operations": NaN,
        "Tax Provision": NaN,
        "Pretax Income": NaN,
        "Other Income Expense": NaN,
        "Other Non Operating Income Expenses": NaN,
        "Special Income Charges": 7247000.0,
        "Gain On Sale Of Ppe": 7247000.0,
        "Other Special Charges": -7247000.0,
        "Net Non Operating Interest Income Expense": NaN,
        "Interest Expense Non Operating": NaN,
        "Operating Income": NaN,
        "Operating Expense": NaN,
        "Other Operating Expenses": NaN,
        "Selling General And Administration": NaN,
        "General And Administrative Expense": NaN,
        "Other Gand A": NaN,
        "Gross Profit": NaN,
        "Cost Of Revenue": NaN,
        "Total Revenue": NaN,
        "Operating Revenue": NaN
    },
    "2024-03-31": {
        "Tax Effect Of Unusual Items": NaN,
        "Tax Rate For Calcs": NaN,
        "Normalized EBITDA": NaN,
        "Total Unusual Items": 2016000.0,
        "Total Unusual Items Excluding Goodwill": 2016000.0,
        "Net Income From Continuing Operation Net Minority Interest": NaN,
        "Reconciled Depreciation": NaN,
        "Reconciled Cost Of Revenue": NaN,
        "EBITDA": NaN,
        "EBIT": NaN,
        "Net Interest Income": NaN,
        "Interest Expense": NaN,
        "Normalized Income": NaN,
        "Net Income From Continuing And Discontinued Operation": NaN,
        "Total Expenses": NaN,
        "Total Operating Income As Reported": NaN,
        "Diluted Average Shares": NaN,
        "Basic Average Shares": NaN,
        "Diluted EPS": NaN,
        "Basic EPS": NaN,
        "Diluted NI Availto Com Stockholders": NaN,
        "Net Income Common Stockholders": NaN,
        "Net Income": NaN,
        "Net Income Including Noncontrolling Interests": NaN,
        "Net Income Continuous Operations": NaN,
        "Tax Provision": NaN,
        "Pretax Income": NaN,
        "Other Income Expense": NaN,
        "Other Non Operating Income Expenses": NaN,
        "Special Income Charges": 2016000.0,
        "Other Special Charges": -2016000.0,
        "Net Non Operating Interest Income Expense": NaN,
        "Interest Expense Non Operating": NaN,
        "Operating Income": NaN,
        "Operating Expense": NaN,
        "Other Operating Expenses": NaN,
        "Selling General And Administration": NaN,
        "General And Administrative Expense": NaN,
        "Other Gand A": NaN,
        "Gross Profit": NaN,
        "Cost Of Revenue": NaN,
        "Total Revenue": NaN,
        "Operating Revenue": NaN
    },
    "2024-06-30": {
        "Tax Effect Of Unusual Items": NaN,
        "Tax Rate For Calcs": NaN,
        "Normalized EBITDA": NaN,
        "Net Income From Continuing Operation Net Minority Interest": NaN,
        "Reconciled Depreciation": NaN,
        "Reconciled Cost Of Revenue": NaN,
        "EBITDA": NaN,
        "EBIT": NaN,
        "Net Interest Income": NaN,
        "Interest Expense": NaN,
        "Normalized Income": NaN,
        "Net Income From Continuing And Discontinued Operation": NaN,
        "Total Expenses": NaN,
        "Total Operating Income As Reported": NaN,
        "Diluted Average Shares": NaN,
        "Basic Average Shares": NaN,
        "Diluted EPS": NaN,
        "Basic EPS": NaN,
        "Diluted NI Availto Com Stockholders": NaN,
        "Net Income Common Stockholders": NaN,
        "Net Income": NaN,
        "Net Income Including Noncontrolling Interests": NaN,
        "Net Income Continuous Operations": NaN,
        "Tax Provision": NaN,
        "Pretax Income": NaN,
        "Other Income Expense": NaN,
        "Other Non Operating Income Expenses": NaN,
        "Net Non Operating Interest Income Expense": NaN,
        "Interest Expense Non Operating": NaN,
        "Operating Income": NaN,
        "Operating Expense": NaN,
        "Other Operating Expenses": -906000.0,
        "Selling General And Administration": NaN,
        "General And Administrative Expense": NaN,
        "Other Gand A": NaN,
        "Gross Profit": NaN,
        "Cost Of Revenue": NaN,
        "Total Revenue": NaN,
        "Operating Revenue": NaN
    },
    "2024-09-30": {
        "Tax Effect Of Unusual Items": 0.0,
        "Tax Rate For Calcs": 0.262702,
        "Normalized EBITDA": 26983000.0,
        "Net Income From Continuing Operation Net Minority Interest": 8852000.0,
        "Reconciled Depreciation": 10089000.0,
        "Reconciled Cost Of Revenue": 154940000.0,
        "EBITDA": 26983000.0,
        "EBIT": 16894000.0,
        "Net Interest Income": -4888000.0,
        "Interest Expense": 4888000.0,
        "Normalized Income": 8852000.0,
        "Net Income From Continuing And Discontinued Operation": 8852000.0,
        "Total Expenses": 174479000.0,
        "Total Operating Income As Reported": 16694000.0,
        "Diluted Average Shares": 67830000.0,
        "Basic Average Shares": 67217000.0,
        "Diluted EPS": 0.13,
        "Basic EPS": 0.13,
        "Diluted NI Availto Com Stockholders": 8852000.0,
        "Net Income Common Stockholders": 8852000.0,
        "Net Income": 8852000.0,
        "Net Income Including Noncontrolling Interests": 8852000.0,
        "Net Income Continuous Operations": 8852000.0,
        "Tax Provision": 3154000.0,
        "Pretax Income": 12006000.0,
        "Other Income Expense": 200000.0,
        "Other Non Operating Income Expenses": 200000.0,
        "Net Non Operating Interest Income Expense": -4888000.0,
        "Interest Expense Non Operating": 4888000.0,
        "Operating Income": 16694000.0,
        "Operating Expense": 19539000.0,
        "Other Operating Expenses": -276000.0,
        "Selling General And Administration": 19815000.0,
        "General And Administrative Expense": 19815000.0,
        "Other Gand A": 19815000.0,
        "Gross Profit": 36233000.0,
        "Cost Of Revenue": 154940000.0,
        "Total Revenue": 191173000.0,
        "Operating Revenue": 191173000.0
    },
    "2024-12-31": {
        "Tax Effect Of Unusual Items": 0.0,
        "Tax Rate For Calcs": 0.206632,
        "Normalized EBITDA": 40236000.0,
        "Net Income From Continuing Operation Net Minority Interest": 19716000.0,
        "Reconciled Depreciation": 10482000.0,
        "Reconciled Cost Of Revenue": 153845000.0,
        "EBITDA": 40236000.0,
        "EBIT": 29754000.0,
        "Net Interest Income": -4903000.0,
        "Interest Expense": 4903000.0,
        "Normalized Income": 19716000.0,
        "Net Income From Continuing And Discontinued Operation": 19716000.0,
        "Total Expenses": 175725000.0,
        "Total Operating Income As Reported": 30047000.0,
        "Diluted Average Shares": 68134000.0,
        "Basic Average Shares": 67217000.0,
        "Diluted EPS": 0.29,
        "Basic EPS": 0.29,
        "Diluted NI Availto Com Stockholders": 19716000.0,
        "Net Income Common Stockholders": 19716000.0,
        "Net Income": 19716000.0,
        "Net Income Including Noncontrolling Interests": 19716000.0,
        "Net Income Continuous Operations": 19716000.0,
        "Tax Provision": 5135000.0,
        "Pretax Income": 24851000.0,
        "Other Income Expense": 2705000.0,
        "Other Non Operating Income Expenses": -293000.0,
        "Net Non Operating Interest Income Expense": -4903000.0,
        "Interest Expense Non Operating": 4903000.0,
        "Operating Income": 27049000.0,
        "Operating Expense": 21880000.0,
        "Other Operating Expenses": NaN,
        "Selling General And Administration": 18682000.0,
        "General And Administrative Expense": 18682000.0,
        "Other Gand A": 18682000.0,
        "Gross Profit": 48929000.0,
        "Cost Of Revenue": 153845000.0,
        "Total Revenue": 202774000.0,
        "Operating Revenue": 202774000.0
    },
    "2025-03-31": {
        "Tax Effect Of Unusual Items": 0.0,
        "Tax Rate For Calcs": 0.259,
        "Normalized EBITDA": 60108000.0,
        "Net Income From Continuing Operation Net Minority Interest": 33416000.0,
        "Reconciled Depreciation": 10531000.0,
        "Reconciled Cost Of Revenue": 173342000.0,
        "EBITDA": 60108000.0,
        "EBIT": 49577000.0,
        "Net Interest Income": -4451000.0,
        "Interest Expense": 4451000.0,
        "Normalized Income": 33416000.0,
        "Net Income From Continuing And Discontinued Operation": 33416000.0,
        "Total Expenses": 192920000.0,
        "Total Operating Income As Reported": 49945000.0,
        "Diluted Average Shares": 68399000.0,
        "Basic Average Shares": 67376000.0,
        "Diluted EPS": 0.49,
        "Basic EPS": 0.5,
        "Diluted NI Availto Com Stockholders": 33416000.0,
        "Net Income Common Stockholders": 33416000.0,
        "Net Income": 33416000.0,
        "Net Income Including Noncontrolling Interests": 33416000.0,
        "Net Income Continuous Operations": 33416000.0,
        "Tax Provision": 11710000.0,
        "Pretax Income": 45126000.0,
        "Other Income Expense": -368000.0,
        "Other Non Operating Income Expenses": -368000.0,
        "Net Non Operating Interest Income Expense": -4451000.0,
        "Interest Expense Non Operating": 4451000.0,
        "Operating Income": 49945000.0,
        "Operating Expense": 19578000.0,
        "Other Operating Expenses": -460000.0,
        "Selling General And Administration": 20038000.0,
        "General And Administrative Expense": 20038000.0,
        "Other Gand A": 20038000.0,
        "Gross Profit": 69523000.0,
        "Cost Of Revenue": 173342000.0,
        "Total Revenue": 242865000.0,
        "Operating Revenue": 242865000.0
    },
    "2025-06-30": {
        "Tax Effect Of Unusual Items": 0.0,
        "Tax Rate For Calcs": 0.260939,
        "Normalized EBITDA": 27977000.0,
        "Net Income From Continuing Operation Net Minority Interest": 9695000.0,
        "Reconciled Depreciation": 10644000.0,
        "Reconciled Cost Of Revenue": 157189000.0,
        "EBITDA": 27977000.0,
        "EBIT": 17333000.0,
        "Net Interest Income": -4215000.0,
        "Interest Expense": 4215000.0,
        "Normalized Income": 9695000.0,
        "Net Income From Continuing And Discontinued Operation": 9695000.0,
        "Total Expenses": 176668000.0,
        "Total Operating Income As Reported": 17087000.0,
        "Diluted Average Shares": 67185000.0,
        "Basic Average Shares": 66698000.0,
        "Diluted EPS": 0.14,
        "Basic EPS": 0.15,
        "Diluted NI Availto Com Stockholders": 9695000.0,
        "Net Income Common Stockholders": 9695000.0,
        "Net Income": 9695000.0,
        "Net Income Including Noncontrolling Interests": 9695000.0,
        "Net Income Continuous Operations": 9695000.0,
        "Tax Provision": 3423000.0,
        "Pretax Income": 13118000.0,
        "Other Income Expense": 246000.0,
        "Other Non Operating Income Expenses": 246000.0,
        "Net Non Operating Interest Income Expense": -4215000.0,
        "Interest Expense Non Operating": 4215000.0,
        "Operating Income": 17087000.0,
        "Operating Expense": 19479000.0,
        "Other Operating Expenses": 1000.0,
        "Selling General And Administration": 19478000.0,
        "General And Administrative Expense": 19478000.0,
        "Other Gand A": 19478000.0,
        "Gross Profit": 36566000.0,
        "Cost Of Revenue": 157189000.0,
        "Total Revenue": 193755000.0,
        "Operating Revenue": 193755000.0
    },
    "2025-09-30": {
        "Tax Effect Of Unusual Items": 0.0,
        "Tax Rate For Calcs": 0.256824,
        "Normalized EBITDA": 39274000.0,
        "Net Income From Continuing Operation Net Minority Interest": 17724000.0,
        "Reconciled Depreciation": 10867000.0,
        "Reconciled Cost Of Revenue": 151445000.0,
        "EBITDA": 39274000.0,
        "EBIT": 28407000.0,
        "Net Interest Income": -4558000.0,
        "Interest Expense": 4558000.0,
        "Normalized Income": 17724000.0,
        "Net Income From Continuing And Discontinued Operation": 17724000.0,
        "Total Expenses": 167062000.0,
        "Total Operating Income As Reported": 28143000.0,
        "Diluted Average Shares": 67347000.0,
        "Basic Average Shares": 66684000.0,
        "Diluted EPS": 0.26,
        "Basic EPS": 0.27,
        "Diluted NI Availto Com Stockholders": 17724000.0,
        "Net Income Common Stockholders": 17724000.0,
        "Net Income": 17724000.0,
        "Net Income Including Noncontrolling Interests": 17724000.0,
        "Net Income Continuous Operations": 17724000.0,
        "Tax Provision": 6125000.0,
        "Pretax Income": 23849000.0,
        "Other Income Expense": 264000.0,
        "Other Non Operating Income Expenses": 264000.0,
        "Net Non Operating Interest Income Expense": -4558000.0,
        "Interest Expense Non Operating": 4558000.0,
        "Operating Income": 28143000.0,
        "Operating Expense": 15617000.0,
        "Other Operating Expenses": -1936000.0,
        "Selling General And Administration": 17553000.0,
        "General And Administrative Expense": 17553000.0,
        "Other Gand A": 17553000.0,
        "Gross Profit": 43760000.0,
        "Cost Of Revenue": 151445000.0,
        "Total Revenue": 195205000.0,
        "Operating Revenue": 195205000.0
    }
}