{
    "2023-03-31": {
        "Tax Effect Of Unusual Items": NaN,
        "Tax Rate For Calcs": NaN,
        "Net Income From Continuing Operation Net Minority Interest": NaN,
        "Reconciled Depreciation": -803000.0,
        "EBIT": NaN,
        "Net Interest Income": NaN,
        "Interest Expense": NaN,
        "Interest Income": NaN,
        "Normalized Income": NaN,
        "Net Income From Continuing And Discontinued Operation": NaN,
        "Total Expenses": NaN,
        "Diluted Average Shares": NaN,
        "Basic Average Shares": NaN,
        "Diluted EPS": NaN,
        "Basic EPS": NaN,
        "Diluted NI Availto Com Stockholders": NaN,
        "Average Dilution Earnings": 511000.0,
        "Net Income Common Stockholders": NaN,
        "Net Income": NaN,
        "Net Income Including Noncontrolling Interests": NaN,
        "Net Income Continuous Operations": NaN,
        "Tax Provision": NaN,
        "Pretax Income": NaN,
        "Other Income Expense": NaN,
        "Net Non Operating Interest Income Expense": NaN,
        "Interest Expense Non Operating": NaN,
        "Selling General And Administration": NaN,
        "General And Administrative Expense": NaN,
        "Other Gand A": NaN,
        "Total Revenue": NaN,
        "Operating Revenue": NaN,
        "Loss Adjustment Expense": NaN,
        "Net Policyholder Benefits And Claims": NaN
    },
    "2022-12-31": {
        "Tax Effect Of Unusual Items": NaN,
        "Tax Rate For Calcs": NaN,
        "Net Income From Continuing Operation Net Minority Interest": NaN,
        "Reconciled Depreciation": 691000.0,
        "EBIT": NaN,
        "Net Interest Income": NaN,
        "Interest Expense": NaN,
        "Interest Income": NaN,
        "Normalized Income": NaN,
        "Net Income From Continuing And Discontinued Operation": NaN,
        "Total Expenses": NaN,
        "Diluted Average Shares": NaN,
        "Basic Average Shares": NaN,
        "Diluted EPS": NaN,
        "Basic EPS": NaN,
        "Diluted NI Availto Com Stockholders": NaN,
        "Average Dilution Earnings": 3858000.0,
        "Net Income Common Stockholders": NaN,
        "Net Income": NaN,
        "Net Income Including Noncontrolling Interests": NaN,
        "Net Income Continuous Operations": NaN,
        "Tax Provision": NaN,
        "Pretax Income": NaN,
        "Other Income Expense": NaN,
        "Net Non Operating Interest Income Expense": NaN,
        "Interest Expense Non Operating": NaN,
        "Selling General And Administration": NaN,
        "General And Administrative Expense": NaN,
        "Other Gand A": NaN,
        "Total Revenue": NaN,
        "Operating Revenue": NaN,
        "Loss Adjustment Expense": NaN,
        "Net Policyholder Benefits And Claims": NaN
    },
    "2022-09-30": {
        "Tax Effect Of Unusual Items": NaN,
        "Tax Rate For Calcs": NaN,
        "Net Income From Continuing Operation Net Minority Interest": NaN,
        "Reconciled Depreciation": -933000.0,
        "EBIT": NaN,
        "Net Interest Income": NaN,
        "Interest Expense": NaN,
        "Interest Income": NaN,
        "Normalized Income": NaN,
        "Net Income From Continuing And Discontinued Operation": NaN,
        "Total Expenses": NaN,
        "Diluted Average Shares": NaN,
        "Basic Average Shares": NaN,
        "Diluted EPS": NaN,
        "Basic EPS": NaN,
        "Diluted NI Availto Com Stockholders": NaN,
        "Average Dilution Earnings": 0.0,
        "Net Income Common Stockholders": NaN,
        "Net Income": NaN,
        "Net Income Including Noncontrolling Interests": NaN,
        "Net Income Continuous Operations": NaN,
        "Tax Provision": NaN,
        "Pretax Income": NaN,
        "Other Income Expense": NaN,
        "Net Non Operating Interest Income Expense": NaN,
        "Interest Expense Non Operating": NaN,
        "Selling General And Administration": NaN,
        "General And Administrative Expense": NaN,
        "Other Gand A": NaN,
        "Total Revenue": NaN,
        "Operating Revenue": NaN
    },
    "2022-06-30": {
        "Tax Effect Of Unusual Items": 0.0,
        "Tax Rate For Calcs": 0.000608,
        "Net Income From Continuing Operation Net Minority Interest": 14788000.0,
        "Reconciled Depreciation": 1166000.0,
        "EBIT": 16154000.0,
        "Net Interest Income": -1357000.0,
        "Interest Expense": 1357000.0,
        "Interest Income": NaN,
        "Normalized Income": 14788000.0,
        "Net Income From Continuing And Discontinued Operation": 14788000.0,
        "Total Expenses": 94745000.0,
        "Diluted Average Shares": 40111152.0,
        "Basic Average Shares": 33871359.0,
        "Diluted EPS": 0.37,
        "Basic EPS": 0.44,
        "Diluted NI Availto Com Stockholders": 14788000.0,
        "Average Dilution Earnings": NaN,
        "Net Income Common Stockholders": 14788000.0,
        "Net Income": 14788000.0,
        "Net Income Including Noncontrolling Interests": 14788000.0,
        "Net Income Continuous Operations": 14788000.0,
        "Tax Provision": 9000.0,
        "Pretax Income": 14797000.0,
        "Other Income Expense": -5957000.0,
        "Net Non Operating Interest Income Expense": -1357000.0,
        "Interest Expense Non Operating": 1357000.0,
        "Other Operating Expenses": NaN,
        "Selling General And Administration": 8106000.0,
        "General And Administrative Expense": 8106000.0,
        "Other Gand A": 8106000.0,
        "Total Revenue": 109542000.0,
        "Operating Revenue": 109542000.0
    },
    "2023-06-30": {
        "Tax Effect Of Unusual Items": NaN,
        "Tax Rate For Calcs": NaN,
        "Net Income From Continuing Operation Net Minority Interest": NaN,
        "Reconciled Depreciation": 744000.0,
        "EBIT": NaN,
        "Net Interest Income": NaN,
        "Interest Expense": NaN,
        "Interest Income": NaN,
        "Normalized Income": NaN,
        "Net Income From Continuing And Discontinued Operation": NaN,
        "Total Expenses": NaN,
        "Diluted Average Shares": 38267137.0,
        "Basic Average Shares": 34070818.0,
        "Diluted EPS": 1.32,
        "Basic EPS": 1.46,
        "Diluted NI Availto Com Stockholders": NaN,
        "Average Dilution Earnings": 744000.0,
        "Net Income Common Stockholders": NaN,
        "Net Income": NaN,
        "Net Income Including Noncontrolling Interests": NaN,
        "Net Income Continuous Operations": NaN,
        "Tax Provision": NaN,
        "Pretax Income": NaN,
        "Other Income Expense": NaN,
        "Net Non Operating Interest Income Expense": NaN,
        "Interest Expense Non Operating": NaN,
        "Selling General And Administration": NaN,
        "General And Administrative Expense": NaN,
        "Other Gand A": NaN,
        "Total Revenue": NaN,
        "Operating Revenue": NaN,
        "Loss Adjustment Expense": NaN,
        "Net Policyholder Benefits And Claims": NaN
    },
    "2022-03-31": {
        "Diluted EPS": -0.17,
        "Total Revenue": 133,
        "Gross Profit": 3,
        "Operating Income": -6,
        "EBIT": -5,
        "Net Income": -6
    },
    "2021-12-31": {
        "Diluted EPS": 0.72,
        "Total Revenue": 161,
        "Gross Profit": 43,
        "Operating Income": 24,
        "EBIT": 36,
        "Net Income": 24
    },
    "2021-09-30": {
        "Diluted EPS": -0.42,
        "Total Revenue": 139,
        "Gross Profit": -6,
        "Operating Income": -14,
        "EBIT": -13,
        "Net Income": -14
    },
    "2021-06-30": {
        "Diluted EPS": 0.02,
        "Total Revenue": 135,
        "Gross Profit": 10,
        "Operating Income": 1,
        "EBIT": 4,
        "Net Income": 1
    },
    "2021-03-31": {
        "Diluted EPS": 0.19,
        "Total Revenue": 153,
        "Gross Profit": 22,
        "Operating Income": 10,
        "EBIT": 14,
        "Net Income": 6
    },
    "2020-12-31": {
        "Diluted EPS": 1.16,
        "Total Revenue": 169,
        "Gross Profit": 52,
        "Operating Income": 42,
        "EBIT": 45,
        "Net Income": 42
    },
    "2020-09-30": {
        "Diluted EPS": 0.06,
        "Total Revenue": 124,
        "Gross Profit": 9,
        "Operating Income": 2,
        "EBIT": 3,
        "Net Income": 2
    },
    "2020-06-30": {
        "Diluted EPS": 0.0,
        "Total Revenue": 115,
        "Gross Profit": 8,
        "Operating Income": 0,
        "EBIT": 3,
        "Net Income": 0
    },
    "2020-03-31": {
        "Diluted EPS": -1.11,
        "Total Revenue": 76,
        "Gross Profit": -31,
        "Operating Income": -40,
        "EBIT": -39,
        "Net Income": -40
    },
    "2019-12-31": {
        "Diluted EPS": -0.83,
        "Total Revenue": 101,
        "Gross Profit": -21,
        "Operating Income": -30,
        "EBIT": -27,
        "Net Income": -30
    },
    "2019-09-30": {
        "Diluted EPS": 0.14,
        "Total Revenue": 138,
        "Gross Profit": 14,
        "Operating Income": 5,
        "EBIT": 6,
        "Net Income": 5
    },
    "2019-06-30": {
        "Diluted EPS": 0.42,
        "Total Revenue": 140,
        "Gross Profit": 25,
        "Operating Income": 15,
        "EBIT": 18,
        "Net Income": 15
    },
    "2019-03-31": {
        "Diluted EPS": 0.16,
        "Total Revenue": 159,
        "Gross Profit": 14,
        "Operating Income": 6,
        "EBIT": 7,
        "Net Income": 6
    },
    "2018-12-31": {
        "Diluted EPS": -2.4,
        "Total Revenue": 62,
        "Gross Profit": -73,
        "Operating Income": -79,
        "EBIT": -76,
        "Net Income": -81
    },
    "2018-09-30": {
        "Diluted EPS": -2.48,
        "Total Revenue": 33,
        "Gross Profit": -83,
        "Operating Income": -91,
        "EBIT": -89,
        "Net Income": -89
    },
    "2018-06-30": {
        "Diluted EPS": -1.01,
        "Total Revenue": 88,
        "Gross Profit": -31,
        "Operating Income": -38,
        "EBIT": -38,
        "Net Income": -37
    },
    "2018-03-31": {
        "Diluted EPS": -3.85,
        "Total Revenue": 0,
        "Gross Profit": -140,
        "Operating Income": -146,
        "EBIT": -146,
        "Net Income": -143
    },
    "2017-12-31": {
        "Diluted EPS": -1.0,
        "Total Revenue": 125,
        "Gross Profit": -33,
        "Operating Income": -38,
        "EBIT": -38,
        "Net Income": -38
    },
    "2017-09-30": {
        "Diluted EPS": 0.53,
        "Total Revenue": 236,
        "Gross Profit": 29,
        "Operating Income": 21,
        "EBIT": 21,
        "Net Income": 20
    },
    "2017-06-30": {
        "Diluted EPS": -0.96,
        "Total Revenue": 121,
        "Gross Profit": -30,
        "Operating Income": -36,
        "EBIT": -36,
        "Net Income": -35
    },
    "2017-03-31": {
        "Diluted EPS": 0.22,
        "Total Revenue": 164,
        "Gross Profit": 15,
        "Operating Income": 9,
        "EBIT": 9,
        "Net Income": 8
    },
    "2016-12-31": {
        "Diluted EPS": 1.32,
        "Total Revenue": 189,
        "Gross Profit": 57,
        "Operating Income": 50,
        "EBIT": 50,
        "Net Income": 49
    },
    "2016-09-30": {
        "Diluted EPS": 0.8,
        "Total Revenue": 146,
        "Gross Profit": 38,
        "Operating Income": 31,
        "EBIT": 31,
        "Net Income": 30
    },
    "2016-06-30": {
        "Diluted EPS": -1.69,
        "Total Revenue": 88,
        "Gross Profit": -59,
        "Operating Income": -64,
        "EBIT": -64,
        "Net Income": -63
    },
    "2016-03-31": {
        "Diluted EPS": 0.77,
        "Total Revenue": 166,
        "Gross Profit": 37,
        "Operating Income": 30,
        "EBIT": 30,
        "Net Income": 29
    },
    "2015-12-31": {
        "Diluted EPS": -1.21,
        "Total Revenue": 74,
        "Gross Profit": -39,
        "Operating Income": -44,
        "EBIT": -44,
        "Net Income": -43
    },
    "2015-09-30": {
        "Diluted EPS": -5.98,
        "Total Revenue": -90,
        "Gross Profit": -219,
        "Operating Income": -225,
        "EBIT": -225,
        "Net Income": -220
    },
    "2015-06-30": {
        "Diluted EPS": -1.06,
        "Total Revenue": 68,
        "Gross Profit": -33,
        "Operating Income": -40,
        "EBIT": -40,
        "Net Income": -40
    },
    "2015-03-31": {
        "Diluted EPS": -0.65,
        "Total Revenue": 72,
        "Gross Profit": -18,
        "Operating Income": -25,
        "EBIT": -25,
        "Net Income": -24
    },
    "2014-12-31": {
        "Diluted EPS": 1.64,
        "Total Revenue": 150,
        "Gross Profit": 70,
        "Operating Income": 63,
        "EBIT": 63,
        "Net Income": 61
    },
    "2014-09-30": {
        "Diluted EPS": -1.4,
        "Total Revenue": 28,
        "Gross Profit": -47,
        "Operating Income": -53,
        "EBIT": -53,
        "Net Income": -52
    },
    "2014-06-30": {
        "Diluted EPS": 2.89,
        "Total Revenue": 200,
        "Gross Profit": 118,
        "Operating Income": 113,
        "EBIT": 113,
        "Net Income": 110
    },
    "2014-03-31": {
        "Diluted EPS": -0.24,
        "Total Revenue": 102,
        "Gross Profit": -3,
        "Operating Income": -10,
        "EBIT": -10,
        "Net Income": -9
    },
    "2013-12-31": {
        "Diluted EPS": 2.23,
        "Total Revenue": 223,
        "Gross Profit": 90,
        "Operating Income": 85,
        "EBIT": 86,
        "Net Income": 84
    },
    "2013-09-30": {
        "Diluted EPS": 1.5,
        "Total Revenue": 213,
        "Gross Profit": 65,
        "Operating Income": 58,
        "EBIT": 58,
        "Net Income": 57
    },
    "2013-06-30": {
        "Diluted EPS": 0.76,
        "Total Revenue": 157,
        "Gross Profit": 35,
        "Operating Income": 30,
        "EBIT": 30,
        "Net Income": 29
    },
    "2013-03-31": {
        "Diluted EPS": 1.52,
        "Total Revenue": 171,
        "Gross Profit": 63,
        "Operating Income": 60,
        "EBIT": 60,
        "Net Income": 57
    },
    "2012-12-31": {
        "Diluted EPS": -1.61,
        "Total Revenue": 66,
        "Gross Profit": -58,
        "Operating Income": -62,
        "EBIT": -62,
        "Net Income": -61
    },
    "2012-09-30": {
        "Diluted EPS": 1.23,
        "Total Revenue": 213,
        "Gross Profit": 53,
        "Operating Income": 48,
        "EBIT": 48,
        "Net Income": 46
    },
    "2012-06-30": {
        "Diluted EPS": -0.98,
        "Total Revenue": 93,
        "Gross Profit": -32,
        "Operating Income": -37,
        "EBIT": -37,
        "Net Income": -36
    },
    "2012-03-31": {
        "Diluted EPS": 1.75,
        "Total Revenue": 173,
        "Gross Profit": 74,
        "Operating Income": 69,
        "EBIT": 69,
        "Net Income": 65
    },
    "2011-12-31": {
        "Diluted EPS": 1.93,
        "Total Revenue": 155,
        "Gross Profit": 77,
        "Operating Income": 74,
        "EBIT": 74,
        "Net Income": 70
    },
    "2011-09-30": {
        "Diluted EPS": -0.12,
        "Total Revenue": 92,
        "Gross Profit": -3,
        "Operating Income": -4,
        "EBIT": -4,
        "Net Income": -4
    },
    "2011-06-30": {
        "Diluted EPS": -0.44,
        "Total Revenue": 88,
        "Gross Profit": -12,
        "Operating Income": -16,
        "EBIT": -16,
        "Net Income": -16
    },
    "2011-03-31": {
        "Diluted EPS": -1.19,
        "Total Revenue": 69,
        "Gross Profit": -39,
        "Operating Income": -44,
        "EBIT": -44,
        "Net Income": -43
    },
    "2010-12-31": {
        "Diluted EPS": 1.53,
        "Total Revenue": 168,
        "Gross Profit": 63,
        "Operating Income": 59,
        "EBIT": 59,
        "Net Income": 56
    },
    "2010-09-30": {
        "Diluted EPS": 0.78,
        "Total Revenue": 113,
        "Gross Profit": 34,
        "Operating Income": 30,
        "EBIT": 30,
        "Net Income": 29
    },
    "2010-06-30": {
        "Diluted EPS": 0.47,
        "Total Revenue": 72,
        "Gross Profit": 22,
        "Operating Income": 19,
        "EBIT": 19,
        "Net Income": 18
    },
    "2010-03-31": {
        "Diluted EPS": -0.34,
        "Total Revenue": 38,
        "Gross Profit": -8,
        "Operating Income": -13,
        "EBIT": -13,
        "Net Income": -12
    },
    "2009-12-31": {
        "Diluted EPS": 1.55,
        "Total Revenue": 116,
        "Gross Profit": 63,
        "Operating Income": 58,
        "EBIT": 58,
        "Net Income": 57
    },
    "2009-09-30": {
        "Diluted EPS": 0.88,
        "Total Revenue": 89,
        "Gross Profit": 37,
        "Operating Income": 33,
        "EBIT": 33,
        "Net Income": 32
    },
    "2009-06-30": {
        "Diluted EPS": 2.51,
        "Total Revenue": 138,
        "Gross Profit": 98,
        "Operating Income": 93,
        "EBIT": 93,
        "Net Income": 92
    },
    "2009-03-31": {
        "Diluted EPS": 0.77,
        "Total Revenue": 76,
        "Gross Profit": 33,
        "Operating Income": 28,
        "EBIT": 28,
        "Net Income": 28
    },
    "2023-09-30": {
        "Tax Effect Of Unusual Items": NaN,
        "Tax Rate For Calcs": NaN,
        "Net Income From Continuing Operation Net Minority Interest": NaN,
        "EBIT": NaN,
        "Net Interest Income": NaN,
        "Interest Expense": NaN,
        "Interest Income": NaN,
        "Normalized Income": NaN,
        "Net Income From Continuing And Discontinued Operation": NaN,
        "Total Expenses": NaN,
        "Diluted Average Shares": NaN,
        "Basic Average Shares": NaN,
        "Diluted EPS": NaN,
        "Basic EPS": NaN,
        "Diluted NI Availto Com Stockholders": NaN,
        "Average Dilution Earnings": NaN,
        "Net Income Common Stockholders": NaN,
        "Net Income": NaN,
        "Net Income Including Noncontrolling Interests": NaN,
        "Net Income Continuous Operations": NaN,
        "Tax Provision": NaN,
        "Pretax Income": NaN,
        "Other Income Expense": NaN,
        "Net Non Operating Interest Income Expense": NaN,
        "Interest Expense Non Operating": NaN,
        "Other Operating Expenses": NaN,
        "Selling General And Administration": 3266000.0,
        "General And Administrative Expense": 3266000.0,
        "Other Gand A": 3266000.0,
        "Total Revenue": NaN,
        "Operating Revenue": NaN,
        "Loss Adjustment Expense": NaN,
        "Net Policyholder Benefits And Claims": NaN
    },
    "2023-12-31": {
        "Tax Effect Of Unusual Items": NaN,
        "Tax Rate For Calcs": NaN,
        "Net Income From Continuing Operation Net Minority Interest": NaN,
        "EBIT": NaN,
        "Net Interest Income": NaN,
        "Interest Expense": NaN,
        "Interest Income": NaN,
        "Normalized Income": NaN,
        "Net Income From Continuing And Discontinued Operation": NaN,
        "Total Expenses": NaN,
        "Diluted Average Shares": NaN,
        "Basic Average Shares": NaN,
        "Diluted EPS": NaN,
        "Basic EPS": NaN,
        "Diluted NI Availto Com Stockholders": NaN,
        "Average Dilution Earnings": NaN,
        "Net Income Common Stockholders": NaN,
        "Net Income": NaN,
        "Net Income Including Noncontrolling Interests": NaN,
        "Net Income Continuous Operations": NaN,
        "Tax Provision": NaN,
        "Pretax Income": NaN,
        "Other Income Expense": -7093000.0,
        "Net Non Operating Interest Income Expense": NaN,
        "Interest Expense Non Operating": NaN,
        "Other Operating Expenses": NaN,
        "Selling General And Administration": 9833000.0,
        "General And Administrative Expense": 9833000.0,
        "Other Gand A": 9833000.0,
        "Total Revenue": NaN,
        "Operating Revenue": NaN,
        "Loss Adjustment Expense": NaN,
        "Net Policyholder Benefits And Claims": NaN
    },
    "2024-03-31": {
        "Tax Effect Of Unusual Items": NaN,
        "Tax Rate For Calcs": NaN,
        "Net Income From Continuing Operation Net Minority Interest": NaN,
        "EBIT": NaN,
        "Net Interest Income": NaN,
        "Interest Expense": NaN,
        "Interest Income": NaN,
        "Normalized Income": NaN,
        "Net Income From Continuing And Discontinued Operation": NaN,
        "Total Expenses": NaN,
        "Diluted Average Shares": NaN,
        "Basic Average Shares": NaN,
        "Diluted EPS": NaN,
        "Basic EPS": NaN,
        "Diluted NI Availto Com Stockholders": NaN,
        "Average Dilution Earnings": 0.0,
        "Net Income Common Stockholders": NaN,
        "Net Income": NaN,
        "Net Income Including Noncontrolling Interests": NaN,
        "Net Income Continuous Operations": NaN,
        "Tax Provision": NaN,
        "Pretax Income": NaN,
        "Other Income Expense": 5035000.0,
        "Net Non Operating Interest Income Expense": NaN,
        "Interest Expense Non Operating": NaN,
        "Other Operating Expenses": 4375000.0,
        "Selling General And Administration": 4375000.0,
        "General And Administrative Expense": 4375000.0,
        "Other Gand A": 4375000.0,
        "Total Revenue": NaN,
        "Operating Revenue": NaN,
        "Loss Adjustment Expense": NaN,
        "Net Policyholder Benefits And Claims": NaN
    },
    "2024-06-30": {
        "Tax Effect Of Unusual Items": 0.0,
        "Tax Rate For Calcs": 0.051706,
        "Net Income From Continuing Operation Net Minority Interest": 7978000.0,
        "EBIT": 11859000.0,
        "Net Interest Income": -3446000.0,
        "Interest Expense": 3446000.0,
        "Interest Income": 8135000.0,
        "Normalized Income": 7978000.0,
        "Net Income From Continuing And Discontinued Operation": 7978000.0,
        "Total Expenses": 162120000.0,
        "Diluted Average Shares": 34699182.0,
        "Basic Average Shares": 34238863.0,
        "Diluted EPS": 0.23,
        "Basic EPS": 0.23,
        "Diluted NI Availto Com Stockholders": 7978000.0,
        "Average Dilution Earnings": 0.0,
        "Net Income Common Stockholders": 7978000.0,
        "Net Income": 7978000.0,
        "Net Income Including Noncontrolling Interests": 7978000.0,
        "Net Income Continuous Operations": 7978000.0,
        "Tax Provision": 435000.0,
        "Pretax Income": 8413000.0,
        "Other Income Expense": 2119000.0,
        "Net Non Operating Interest Income Expense": -3446000.0,
        "Interest Expense Non Operating": 3446000.0,
        "Other Operating Expenses": 4706000.0,
        "Selling General And Administration": 4706000.0,
        "General And Administrative Expense": 4706000.0,
        "Other Gand A": 4706000.0,
        "Total Revenue": 170533000.0,
        "Operating Revenue": 170533000.0,
        "Loss Adjustment Expense": 102033000.0,
        "Net Policyholder Benefits And Claims": 102033000.0
    },
    "2024-09-30": {
        "Tax Effect Of Unusual Items": 0.0,
        "Tax Rate For Calcs": 0.020106,
        "Net Income From Continuing Operation Net Minority Interest": 35237000.0,
        "EBIT": 38355000.0,
        "Net Interest Income": -2395000.0,
        "Interest Expense": 2395000.0,
        "Interest Income": 8244000.0,
        "Normalized Income": 35237000.0,
        "Net Income From Continuing And Discontinued Operation": 35237000.0,
        "Total Expenses": 132204000.0,
        "Diluted Average Shares": 34810066.0,
        "Basic Average Shares": 34120955.0,
        "Diluted EPS": 1.01,
        "Basic EPS": 1.03,
        "Diluted NI Availto Com Stockholders": 35237000.0,
        "Average Dilution Earnings": NaN,
        "Net Income Common Stockholders": 35237000.0,
        "Net Income": 35237000.0,
        "Net Income Including Noncontrolling Interests": 35237000.0,
        "Net Income Continuous Operations": 35237000.0,
        "Tax Provision": 723000.0,
        "Pretax Income": 35960000.0,
        "Other Income Expense": 2210000.0,
        "Net Non Operating Interest Income Expense": -2395000.0,
        "Interest Expense Non Operating": 2395000.0,
        "Other Operating Expenses": NaN,
        "Selling General And Administration": 4253000.0,
        "General And Administrative Expense": 4253000.0,
        "Other Gand A": 4253000.0,
        "Total Revenue": 168164000.0,
        "Operating Revenue": 168164000.0,
        "Loss Adjustment Expense": 93165000.0,
        "Net Policyholder Benefits And Claims": 93165000.0
    },
    "2024-12-31": {
        "Tax Effect Of Unusual Items": 0.0,
        "Tax Rate For Calcs": 0.032738,
        "Net Income From Continuing Operation Net Minority Interest": -27418000.0,
        "EBIT": -27129000.0,
        "Net Interest Income": -1217000.0,
        "Interest Expense": 1217000.0,
        "Interest Income": 7490000.0,
        "Normalized Income": -27418000.0,
        "Net Income From Continuing And Discontinued Operation": -27418000.0,
        "Total Expenses": 164558000.0,
        "Diluted Average Shares": 33849383.0,
        "Basic Average Shares": 33849383.0,
        "Diluted EPS": -0.81,
        "Basic EPS": -0.81,
        "Diluted NI Availto Com Stockholders": -27418000.0,
        "Average Dilution Earnings": NaN,
        "Net Income Common Stockholders": -27418000.0,
        "Net Income": -27418000.0,
        "Net Income Including Noncontrolling Interests": -27418000.0,
        "Net Income Continuous Operations": -27418000.0,
        "Tax Provision": -928000.0,
        "Pretax Income": -28346000.0,
        "Other Income Expense": -9969000.0,
        "Net Non Operating Interest Income Expense": -1217000.0,
        "Interest Expense Non Operating": 1217000.0,
        "Other Operating Expenses": NaN,
        "Selling General And Administration": NaN,
        "General And Administrative Expense": NaN,
        "Other Gand A": NaN,
        "Total Revenue": 136212000.0,
        "Operating Revenue": 136212000.0,
        "Loss Adjustment Expense": 122745000.0,
        "Net Policyholder Benefits And Claims": 122745000.0
    },
    "2025-03-31": {
        "Tax Effect Of Unusual Items": 0.0,
        "Tax Rate For Calcs": 0.041477,
        "Net Income From Continuing Operation Net Minority Interest": 29627000.0,
        "EBIT": 32522000.0,
        "Net Interest Income": -1613000.0,
        "Interest Expense": 1613000.0,
        "Interest Income": 6635000.0,
        "Normalized Income": 29627000.0,
        "Net Income From Continuing And Discontinued Operation": 29627000.0,
        "Total Expenses": 148655000.0,
        "Diluted Average Shares": 34418262.0,
        "Basic Average Shares": 33949967.0,
        "Diluted EPS": 0.86,
        "Basic EPS": 0.87,
        "Diluted NI Availto Com Stockholders": 29627000.0,
        "Average Dilution Earnings": NaN,
        "Net Income Common Stockholders": 29627000.0,
        "Net Income": 29627000.0,
        "Net Income Including Noncontrolling Interests": 29627000.0,
        "Net Income Continuous Operations": 29627000.0,
        "Tax Provision": 1282000.0,
        "Pretax Income": 30909000.0,
        "Other Income Expense": NaN,
        "Net Non Operating Interest Income Expense": -1613000.0,
        "Interest Expense Non Operating": 1613000.0,
        "Other Operating Expenses": 4672000.0,
        "Selling General And Administration": NaN,
        "General And Administrative Expense": NaN,
        "Other Gand A": NaN,
        "Total Revenue": 179564000.0,
        "Operating Revenue": 179564000.0,
        "Loss Adjustment Expense": 122884000.0,
        "Net Policyholder Benefits And Claims": 122884000.0
    },
    "2025-06-30": {
        "Tax Effect Of Unusual Items": 0.0,
        "Tax Rate For Calcs": 0.21,
        "Net Income From Continuing Operation Net Minority Interest": 329000.0,
        "EBIT": 1943000.0,
        "Net Interest Income": -1268000.0,
        "Interest Expense": 1268000.0,
        "Interest Income": 6667000.0,
        "Normalized Income": 329000.0,
        "Net Income From Continuing And Discontinued Operation": 329000.0,
        "Total Expenses": 177707000.0,
        "Diluted Average Shares": 34423679.0,
        "Basic Average Shares": 33969716.0,
        "Diluted EPS": 0.01,
        "Basic EPS": 0.01,
        "Diluted NI Availto Com Stockholders": 329000.0,
        "Average Dilution Earnings": NaN,
        "Net Income Common Stockholders": 329000.0,
        "Net Income": 329000.0,
        "Net Income Including Noncontrolling Interests": 329000.0,
        "Net Income Continuous Operations": 329000.0,
        "Tax Provision": 346000.0,
        "Pretax Income": 675000.0,
        "Other Income Expense": NaN,
        "Net Non Operating Interest Income Expense": -1268000.0,
        "Interest Expense Non Operating": 1268000.0,
        "Other Operating Expenses": 4755000.0,
        "Selling General And Administration": NaN,
        "General And Administrative Expense": NaN,
        "Other Gand A": NaN,
        "Total Revenue": 178382000.0,
        "Operating Revenue": 178382000.0,
        "Loss Adjustment Expense": 100079000.0,
        "Net Policyholder Benefits And Claims": 100079000.0
    }
}