{
    "2023-03-31": {
        "Tax Effect Of Unusual Items": NaN,
        "Tax Rate For Calcs": NaN,
        "Normalized EBITDA": NaN,
        "Total Unusual Items": NaN,
        "Total Unusual Items Excluding Goodwill": NaN,
        "Net Income From Continuing Operation Net Minority Interest": NaN,
        "Reconciled Depreciation": NaN,
        "Reconciled Cost Of Revenue": NaN,
        "EBITDA": NaN,
        "EBIT": NaN,
        "Net Interest Income": NaN,
        "Interest Expense": NaN,
        "Interest Income": NaN,
        "Normalized Income": NaN,
        "Net Income From Continuing And Discontinued Operation": NaN,
        "Total Expenses": NaN,
        "Total Operating Income As Reported": NaN,
        "Diluted Average Shares": NaN,
        "Basic Average Shares": NaN,
        "Diluted EPS": NaN,
        "Basic EPS": NaN,
        "Diluted NI Availto Com Stockholders": NaN,
        "Net Income Common Stockholders": NaN,
        "Net Income": NaN,
        "Net Income Including Noncontrolling Interests": NaN,
        "Net Income Discontinuous Operations": NaN,
        "Net Income Continuous Operations": NaN,
        "Tax Provision": NaN,
        "Pretax Income": NaN,
        "Other Income Expense": NaN,
        "Other Non Operating Income Expenses": NaN,
        "Special Income Charges": NaN,
        "Gain On Sale Of Ppe": NaN,
        "Gain On Sale Of Business": NaN,
        "Impairment Of Capital Assets": 0.0,
        "Net Non Operating Interest Income Expense": NaN,
        "Interest Expense Non Operating": NaN,
        "Interest Income Non Operating": NaN,
        "Operating Income": NaN,
        "Operating Expense": NaN,
        "Selling General And Administration": NaN,
        "Gross Profit": NaN,
        "Cost Of Revenue": NaN,
        "Total Revenue": NaN,
        "Operating Revenue": NaN
    },
    "2022-12-31": {
        "Tax Effect Of Unusual Items": NaN,
        "Tax Rate For Calcs": NaN,
        "Normalized EBITDA": NaN,
        "Total Unusual Items": NaN,
        "Total Unusual Items Excluding Goodwill": NaN,
        "Net Income From Continuing Operation Net Minority Interest": NaN,
        "Reconciled Depreciation": NaN,
        "Reconciled Cost Of Revenue": NaN,
        "EBITDA": NaN,
        "EBIT": NaN,
        "Net Interest Income": NaN,
        "Interest Expense": NaN,
        "Interest Income": NaN,
        "Normalized Income": NaN,
        "Net Income From Continuing And Discontinued Operation": NaN,
        "Total Expenses": NaN,
        "Total Operating Income As Reported": NaN,
        "Diluted Average Shares": NaN,
        "Basic Average Shares": NaN,
        "Diluted EPS": NaN,
        "Basic EPS": NaN,
        "Diluted NI Availto Com Stockholders": NaN,
        "Net Income Common Stockholders": NaN,
        "Net Income": NaN,
        "Net Income Including Noncontrolling Interests": NaN,
        "Net Income Discontinuous Operations": NaN,
        "Net Income Continuous Operations": NaN,
        "Tax Provision": NaN,
        "Pretax Income": NaN,
        "Other Income Expense": NaN,
        "Other Non Operating Income Expenses": NaN,
        "Special Income Charges": NaN,
        "Gain On Sale Of Ppe": NaN,
        "Gain On Sale Of Business": NaN,
        "Impairment Of Capital Assets": 30666000.0,
        "Net Non Operating Interest Income Expense": NaN,
        "Interest Expense Non Operating": NaN,
        "Interest Income Non Operating": NaN,
        "Operating Income": NaN,
        "Operating Expense": NaN,
        "Selling General And Administration": NaN,
        "Gross Profit": NaN,
        "Cost Of Revenue": NaN,
        "Total Revenue": NaN,
        "Operating Revenue": NaN
    },
    "2022-09-30": {
        "Tax Effect Of Unusual Items": NaN,
        "Tax Rate For Calcs": NaN,
        "Normalized EBITDA": NaN,
        "Total Unusual Items": NaN,
        "Total Unusual Items Excluding Goodwill": NaN,
        "Net Income From Continuing Operation Net Minority Interest": NaN,
        "Reconciled Depreciation": NaN,
        "Reconciled Cost Of Revenue": NaN,
        "EBITDA": NaN,
        "EBIT": NaN,
        "Net Interest Income": NaN,
        "Interest Expense": NaN,
        "Interest Income": NaN,
        "Normalized Income": NaN,
        "Net Income From Continuing And Discontinued Operation": NaN,
        "Total Expenses": NaN,
        "Total Operating Income As Reported": NaN,
        "Diluted Average Shares": NaN,
        "Basic Average Shares": NaN,
        "Diluted EPS": NaN,
        "Basic EPS": NaN,
        "Diluted NI Availto Com Stockholders": NaN,
        "Net Income Common Stockholders": NaN,
        "Net Income": NaN,
        "Net Income Including Noncontrolling Interests": NaN,
        "Net Income Discontinuous Operations": NaN,
        "Net Income Continuous Operations": NaN,
        "Tax Provision": NaN,
        "Pretax Income": NaN,
        "Other Income Expense": NaN,
        "Other Non Operating Income Expenses": NaN,
        "Special Income Charges": NaN,
        "Gain On Sale Of Ppe": NaN,
        "Gain On Sale Of Business": 0.0,
        "Impairment Of Capital Assets": NaN,
        "Net Non Operating Interest Income Expense": NaN,
        "Interest Expense Non Operating": NaN,
        "Interest Income Non Operating": NaN,
        "Operating Income": NaN,
        "Operating Expense": NaN,
        "Selling General And Administration": NaN,
        "Gross Profit": NaN,
        "Cost Of Revenue": NaN,
        "Total Revenue": NaN,
        "Operating Revenue": NaN
    },
    "2022-06-30": {
        "Tax Effect Of Unusual Items": -29200.0,
        "Tax Rate For Calcs": 0.4,
        "Normalized EBITDA": 25032000.0,
        "Total Unusual Items": -73000.0,
        "Total Unusual Items Excluding Goodwill": -73000.0,
        "Net Income From Continuing Operation Net Minority Interest": -2460000.0,
        "Reconciled Depreciation": 16452000.0,
        "Reconciled Cost Of Revenue": 326566000.0,
        "EBITDA": 24959000.0,
        "EBIT": 8507000.0,
        "Net Interest Income": -7634000.0,
        "Interest Expense": 7672000.0,
        "Interest Income": 38000.0,
        "Normalized Income": -2416200.0,
        "Net Income From Continuing And Discontinued Operation": -2052000.0,
        "Total Expenses": 354966000.0,
        "Total Operating Income As Reported": 8924000.0,
        "Diluted Average Shares": 44841000.0,
        "Basic Average Shares": 44841000.0,
        "Diluted EPS": -0.04,
        "Basic EPS": -0.04,
        "Diluted NI Availto Com Stockholders": -2052000.0,
        "Net Income Common Stockholders": -2052000.0,
        "Net Income": -2052000.0,
        "Net Income Including Noncontrolling Interests": -2052000.0,
        "Net Income Discontinuous Operations": 408000.0,
        "Net Income Continuous Operations": -2460000.0,
        "Tax Provision": 3295000.0,
        "Pretax Income": 835000.0,
        "Other Income Expense": -528000.0,
        "Other Non Operating Income Expenses": -455000.0,
        "Special Income Charges": -73000.0,
        "Gain On Sale Of Ppe": -73000.0,
        "Impairment Of Capital Assets": 0.0,
        "Net Non Operating Interest Income Expense": -7634000.0,
        "Interest Expense Non Operating": 7672000.0,
        "Interest Income Non Operating": 38000.0,
        "Operating Income": 8997000.0,
        "Operating Expense": 28400000.0,
        "Selling General And Administration": 28400000.0,
        "Gross Profit": 37397000.0,
        "Cost Of Revenue": 326566000.0,
        "Total Revenue": 363963000.0,
        "Operating Revenue": 363963000.0
    },
    "2023-06-30": {
        "Tax Effect Of Unusual Items": NaN,
        "Tax Rate For Calcs": NaN,
        "Normalized EBITDA": NaN,
        "Total Unusual Items": NaN,
        "Total Unusual Items Excluding Goodwill": NaN,
        "Net Income From Continuing Operation Net Minority Interest": NaN,
        "Reconciled Depreciation": NaN,
        "Reconciled Cost Of Revenue": NaN,
        "EBITDA": NaN,
        "EBIT": NaN,
        "Net Interest Income": NaN,
        "Interest Expense": NaN,
        "Interest Income": NaN,
        "Normalized Income": NaN,
        "Net Income From Continuing And Discontinued Operation": NaN,
        "Total Expenses": NaN,
        "Total Operating Income As Reported": NaN,
        "Diluted Average Shares": NaN,
        "Basic Average Shares": NaN,
        "Diluted EPS": NaN,
        "Basic EPS": NaN,
        "Diluted NI Availto Com Stockholders": NaN,
        "Net Income Common Stockholders": NaN,
        "Net Income": NaN,
        "Net Income Including Noncontrolling Interests": NaN,
        "Net Income Discontinuous Operations": NaN,
        "Net Income Continuous Operations": NaN,
        "Tax Provision": NaN,
        "Pretax Income": NaN,
        "Other Income Expense": NaN,
        "Other Non Operating Income Expenses": NaN,
        "Special Income Charges": NaN,
        "Gain On Sale Of Ppe": NaN,
        "Gain On Sale Of Business": NaN,
        "Impairment Of Capital Assets": 0.0,
        "Net Non Operating Interest Income Expense": NaN,
        "Interest Expense Non Operating": NaN,
        "Interest Income Non Operating": NaN,
        "Operating Income": NaN,
        "Operating Expense": NaN,
        "Selling General And Administration": NaN,
        "Gross Profit": NaN,
        "Cost Of Revenue": NaN,
        "Total Revenue": NaN,
        "Operating Revenue": NaN
    },
    "2022-03-31": {
        "Diluted EPS": -2.42,
        "Total Revenue": 382,
        "Gross Profit": 32,
        "Operating Income": -116,
        "EBIT": 20,
        "Net Income": -108
    },
    "2021-12-31": {
        "Diluted EPS": -0.24,
        "Total Revenue": 334,
        "Gross Profit": 32,
        "Operating Income": -11,
        "EBIT": 6,
        "Net Income": -10
    },
    "2021-09-30": {
        "Diluted EPS": 0.17,
        "Total Revenue": 280,
        "Gross Profit": 38,
        "Operating Income": 15,
        "EBIT": 30,
        "Net Income": 8
    },
    "2021-06-30": {
        "Diluted EPS": 0.03,
        "Total Revenue": 245,
        "Gross Profit": 36,
        "Operating Income": 8,
        "EBIT": 23,
        "Net Income": 1
    },
    "2021-03-31": {
        "Diluted EPS": 0.19,
        "Total Revenue": 226,
        "Gross Profit": 39,
        "Operating Income": 17,
        "EBIT": 31,
        "Net Income": 8
    },
    "2020-12-31": {
        "Diluted EPS": 0.21,
        "Total Revenue": 235,
        "Gross Profit": 41,
        "Operating Income": 14,
        "EBIT": 28,
        "Net Income": 10
    },
    "2020-09-30": {
        "Diluted EPS": 0.15,
        "Total Revenue": 233,
        "Gross Profit": 38,
        "Operating Income": 14,
        "EBIT": 28,
        "Net Income": 7
    },
    "2020-06-30": {
        "Diluted EPS": -0.05,
        "Total Revenue": 216,
        "Gross Profit": 32,
        "Operating Income": 9,
        "EBIT": 23,
        "Net Income": -2
    },
    "2020-03-31": {
        "Diluted EPS": 0.17,
        "Total Revenue": 232,
        "Gross Profit": 37,
        "Operating Income": 12,
        "EBIT": 28,
        "Net Income": 7
    },
    "2019-12-31": {
        "Diluted EPS": -1.02,
        "Total Revenue": 231,
        "Gross Profit": 36,
        "Operating Income": 13,
        "EBIT": 26,
        "Net Income": -45
    },
    "2019-09-30": {
        "Diluted EPS": 0.28,
        "Total Revenue": 233,
        "Gross Profit": 38,
        "Operating Income": 15,
        "EBIT": 27,
        "Net Income": 12
    },
    "2019-06-30": {
        "Diluted EPS": 0.13,
        "Total Revenue": 235,
        "Gross Profit": 38,
        "Operating Income": 15,
        "EBIT": 28,
        "Net Income": 6
    },
    "2019-03-31": {
        "Diluted EPS": 0.12,
        "Total Revenue": 229,
        "Gross Profit": 36,
        "Operating Income": 12,
        "EBIT": 26,
        "Net Income": 5
    },
    "2018-12-31": {
        "Diluted EPS": -1.83,
        "Total Revenue": 229,
        "Gross Profit": 31,
        "Operating Income": 2,
        "EBIT": 15,
        "Net Income": -80
    },
    "2018-09-30": {
        "Diluted EPS": -2.19,
        "Total Revenue": 210,
        "Gross Profit": 30,
        "Operating Income": 4,
        "EBIT": 16,
        "Net Income": -96
    },
    "2018-06-30": {
        "Diluted EPS": -0.17,
        "Total Revenue": 216,
        "Gross Profit": 33,
        "Operating Income": 8,
        "EBIT": 20,
        "Net Income": -7
    },
    "2018-03-31": {
        "Diluted EPS": 0.13,
        "Total Revenue": 211,
        "Gross Profit": 37,
        "Operating Income": 8,
        "EBIT": 19,
        "Net Income": 6
    },
    "2017-12-31": {
        "Diluted EPS": -0.22,
        "Total Revenue": -190,
        "Gross Profit": 21,
        "Operating Income": 4,
        "EBIT": 16,
        "Net Income": -10
    },
    "2017-09-30": {
        "Diluted EPS": 0.27,
        "Total Revenue": 210,
        "Gross Profit": 37,
        "Operating Income": 10,
        "EBIT": 6,
        "Net Income": 12
    },
    "2017-06-30": {
        "Diluted EPS": -0.13,
        "Total Revenue": 388,
        "Gross Profit": 30,
        "Operating Income": -2,
        "EBIT": 16,
        "Net Income": -6
    },
    "2017-03-31": {
        "Diluted EPS": 0.26,
        "Total Revenue": 392,
        "Gross Profit": 56,
        "Operating Income": 21,
        "EBIT": 38,
        "Net Income": 12
    },
    "2016-12-31": {
        "Diluted EPS": -0.36,
        "Total Revenue": -457,
        "Gross Profit": -30,
        "Operating Income": -78,
        "EBIT": -89,
        "Net Income": -16
    },
    "2016-09-30": {
        "Diluted EPS": 0.44,
        "Total Revenue": 407,
        "Gross Profit": 61,
        "Operating Income": 25,
        "EBIT": 42,
        "Net Income": 20
    },
    "2016-06-30": {
        "Diluted EPS": 0.04,
        "Total Revenue": 408,
        "Gross Profit": 43,
        "Operating Income": 6,
        "EBIT": 23,
        "Net Income": 2
    },
    "2016-03-31": {
        "Diluted EPS": 0.37,
        "Total Revenue": 403,
        "Gross Profit": 58,
        "Operating Income": 26,
        "EBIT": 43,
        "Net Income": 16
    },
    "2015-12-31": {
        "Diluted EPS": 0.78,
        "Total Revenue": 415,
        "Gross Profit": 58,
        "Operating Income": 49,
        "EBIT": 65,
        "Net Income": 34
    },
    "2015-09-30": {
        "Diluted EPS": 0.31,
        "Total Revenue": 421,
        "Gross Profit": 60,
        "Operating Income": 20,
        "EBIT": 36,
        "Net Income": 14
    },
    "2015-06-30": {
        "Diluted EPS": 0.06,
        "Total Revenue": 412,
        "Gross Profit": 33,
        "Operating Income": 4,
        "EBIT": 20,
        "Net Income": 3
    },
    "2015-03-31": {
        "Diluted EPS": 0.32,
        "Total Revenue": 420,
        "Gross Profit": 52,
        "Operating Income": 23,
        "EBIT": 40,
        "Net Income": 14
    },
    "2014-12-31": {
        "Diluted EPS": 0.44,
        "Total Revenue": 437,
        "Gross Profit": 58,
        "Operating Income": 30,
        "EBIT": 47,
        "Net Income": 20
    },
    "2014-09-30": {
        "Diluted EPS": 0.69,
        "Total Revenue": 466,
        "Gross Profit": 81,
        "Operating Income": 44,
        "EBIT": 61,
        "Net Income": 30
    },
    "2014-06-30": {
        "Diluted EPS": 0.11,
        "Total Revenue": 446,
        "Gross Profit": 41,
        "Operating Income": 11,
        "EBIT": 29,
        "Net Income": 5
    },
    "2014-03-31": {
        "Diluted EPS": 0.33,
        "Total Revenue": 461,
        "Gross Profit": 55,
        "Operating Income": 22,
        "EBIT": 41,
        "Net Income": 15
    },
    "2013-12-31": {
        "Diluted EPS": 0.37,
        "Total Revenue": 435,
        "Gross Profit": 54,
        "Operating Income": 24,
        "EBIT": 43,
        "Net Income": 16
    },
    "2013-09-30": {
        "Diluted EPS": 0.77,
        "Total Revenue": 458,
        "Gross Profit": 66,
        "Operating Income": 32,
        "EBIT": 50,
        "Net Income": 34
    },
    "2013-06-30": {
        "Diluted EPS": 0.02,
        "Total Revenue": 426,
        "Gross Profit": 41,
        "Operating Income": 6,
        "EBIT": 23,
        "Net Income": 1
    },
    "2013-03-31": {
        "Diluted EPS": 0.36,
        "Total Revenue": 406,
        "Gross Profit": 57,
        "Operating Income": 24,
        "EBIT": 40,
        "Net Income": 16
    },
    "2012-12-31": {
        "Diluted EPS": 0.16,
        "Total Revenue": 393,
        "Gross Profit": 53,
        "Operating Income": 22,
        "EBIT": 42,
        "Net Income": 7
    },
    "2012-09-30": {
        "Diluted EPS": 0.46,
        "Total Revenue": 406,
        "Gross Profit": 59,
        "Operating Income": 31,
        "EBIT": 49,
        "Net Income": 20
    },
    "2012-06-30": {
        "Diluted EPS": 0.31,
        "Total Revenue": 386,
        "Gross Profit": 41,
        "Operating Income": 18,
        "EBIT": 35,
        "Net Income": 13
    },
    "2012-03-31": {
        "Diluted EPS": 0.43,
        "Total Revenue": 399,
        "Gross Profit": 61,
        "Operating Income": 31,
        "EBIT": 48,
        "Net Income": 19
    },
    "2011-12-31": {
        "Diluted EPS": 0.22,
        "Total Revenue": 393,
        "Gross Profit": 54,
        "Operating Income": 23,
        "EBIT": 48,
        "Net Income": 10
    },
    "2011-09-30": {
        "Diluted EPS": 0.28,
        "Total Revenue": 419,
        "Gross Profit": 55,
        "Operating Income": 24,
        "EBIT": 42,
        "Net Income": 13
    },
    "2011-06-30": {
        "Diluted EPS": 0.05,
        "Total Revenue": 400,
        "Gross Profit": 38,
        "Operating Income": 6,
        "EBIT": 24,
        "Net Income": 3
    },
    "2011-03-31": {
        "Diluted EPS": 0.38,
        "Total Revenue": 400,
        "Gross Profit": 60,
        "Operating Income": 32,
        "EBIT": 49,
        "Net Income": 17
    },
    "2010-12-31": {
        "Diluted EPS": 0.33,
        "Total Revenue": 378,
        "Gross Profit": 51,
        "Operating Income": 20,
        "EBIT": 38,
        "Net Income": 15
    },
    "2010-09-30": {
        "Diluted EPS": 0.85,
        "Total Revenue": 382,
        "Gross Profit": 56,
        "Operating Income": 28,
        "EBIT": 45,
        "Net Income": 39
    },
    "2010-06-30": {
        "Diluted EPS": 0.0,
        "Total Revenue": 365,
        "Gross Profit": 35,
        "Operating Income": 7,
        "EBIT": 24,
        "Net Income": 0
    },
    "2010-03-31": {
        "Diluted EPS": -0.01,
        "Total Revenue": 341,
        "Gross Profit": 44,
        "Operating Income": 10,
        "EBIT": 26,
        "Net Income": 0
    },
    "2009-12-31": {
        "Diluted EPS": 1.02,
        "Total Revenue": 308,
        "Gross Profit": 85,
        "Operating Income": 55,
        "EBIT": 72,
        "Net Income": 46
    },
    "2009-09-30": {
        "Diluted EPS": 1.0,
        "Total Revenue": 314,
        "Gross Profit": 82,
        "Operating Income": 53,
        "EBIT": 70,
        "Net Income": 46
    },
    "2009-06-30": {
        "Diluted EPS": 0.43,
        "Total Revenue": 281,
        "Gross Profit": 59,
        "Operating Income": 32,
        "EBIT": 47,
        "Net Income": 20
    },
    "2009-03-31": {
        "Diluted EPS": 0.25,
        "Total Revenue": 293,
        "Gross Profit": 43,
        "Operating Income": 20,
        "EBIT": 34,
        "Net Income": 12
    },
    "2023-09-30": {
        "Tax Effect Of Unusual Items": -3595200.0,
        "Tax Rate For Calcs": 0.21,
        "Normalized EBITDA": 33847000.0,
        "Total Unusual Items": -17120000.0,
        "Total Unusual Items Excluding Goodwill": -17120000.0,
        "Net Income From Continuing Operation Net Minority Interest": -19680000.0,
        "Reconciled Depreciation": 15693000.0,
        "Reconciled Cost Of Revenue": 285434000.0,
        "EBITDA": 16727000.0,
        "EBIT": 1034000.0,
        "Net Interest Income": -17057000.0,
        "Interest Expense": 17386000.0,
        "Interest Income": 329000.0,
        "Normalized Income": -6155200.0,
        "Net Income From Continuing And Discontinued Operation": -19863000.0,
        "Total Expenses": 310148000.0,
        "Total Operating Income As Reported": 2653000.0,
        "Diluted Average Shares": 3469153.0,
        "Basic Average Shares": 3469153.0,
        "Diluted EPS": -5.59,
        "Basic EPS": -5.59,
        "Diluted NI Availto Com Stockholders": -19863000.0,
        "Net Income Common Stockholders": -19863000.0,
        "Net Income": -19863000.0,
        "Net Income Including Noncontrolling Interests": -19863000.0,
        "Net Income Discontinuous Operations": -183000.0,
        "Net Income Continuous Operations": -19680000.0,
        "Tax Provision": 3328000.0,
        "Pretax Income": -16352000.0,
        "Other Income Expense": -19068000.0,
        "Other Non Operating Income Expenses": -1948000.0,
        "Special Income Charges": -17120000.0,
        "Gain On Sale Of Ppe": 685000.0,
        "Gain On Sale Of Business": -17805000.0,
        "Impairment Of Capital Assets": 0.0,
        "Net Non Operating Interest Income Expense": -17057000.0,
        "Interest Expense Non Operating": 17386000.0,
        "Interest Income Non Operating": 329000.0,
        "Operating Income": 19773000.0,
        "Operating Expense": 24714000.0,
        "Selling General And Administration": 24714000.0,
        "Gross Profit": 44487000.0,
        "Cost Of Revenue": 285434000.0,
        "Total Revenue": 329921000.0,
        "Operating Revenue": 329921000.0
    },
    "2023-12-31": {
        "Tax Effect Of Unusual Items": -167790.0,
        "Tax Rate For Calcs": 0.21,
        "Normalized EBITDA": 19130000.0,
        "Total Unusual Items": -799000.0,
        "Total Unusual Items Excluding Goodwill": -799000.0,
        "Net Income From Continuing Operation Net Minority Interest": -8610000.0,
        "Reconciled Depreciation": 15853000.0,
        "Reconciled Cost Of Revenue": 289509000.0,
        "EBITDA": 18331000.0,
        "EBIT": 2478000.0,
        "Net Interest Income": -17171000.0,
        "Interest Expense": 17498000.0,
        "Interest Income": 327000.0,
        "Normalized Income": -7978790.0,
        "Net Income From Continuing And Discontinued Operation": -8666000.0,
        "Total Expenses": 315152000.0,
        "Total Operating Income As Reported": 4431000.0,
        "Diluted Average Shares": 3471846.0,
        "Basic Average Shares": 3471846.0,
        "Diluted EPS": -2.47,
        "Basic EPS": -2.47,
        "Diluted NI Availto Com Stockholders": -8666000.0,
        "Net Income Common Stockholders": -8666000.0,
        "Net Income": -8666000.0,
        "Net Income Including Noncontrolling Interests": -8666000.0,
        "Net Income Discontinuous Operations": -56000.0,
        "Net Income Continuous Operations": -8610000.0,
        "Tax Provision": -6410000.0,
        "Pretax Income": -15020000.0,
        "Other Income Expense": -3079000.0,
        "Other Non Operating Income Expenses": -2280000.0,
        "Special Income Charges": -799000.0,
        "Gain On Sale Of Ppe": -239000.0,
        "Gain On Sale Of Business": -560000.0,
        "Impairment Of Capital Assets": 0.0,
        "Net Non Operating Interest Income Expense": -17171000.0,
        "Interest Expense Non Operating": 17498000.0,
        "Interest Income Non Operating": 327000.0,
        "Operating Income": 5230000.0,
        "Operating Expense": 25643000.0,
        "Selling General And Administration": 25643000.0,
        "Gross Profit": 30873000.0,
        "Cost Of Revenue": 289509000.0,
        "Total Revenue": 320382000.0,
        "Operating Revenue": 320382000.0
    },
    "2024-03-31": {
        "Tax Effect Of Unusual Items": 420.0,
        "Tax Rate For Calcs": 0.21,
        "Normalized EBITDA": 12441000.0,
        "Total Unusual Items": 2000.0,
        "Total Unusual Items Excluding Goodwill": 2000.0,
        "Net Income From Continuing Operation Net Minority Interest": -26150000.0,
        "Reconciled Depreciation": 15754000.0,
        "Reconciled Cost Of Revenue": 292746000.0,
        "EBITDA": 12443000.0,
        "EBIT": -3311000.0,
        "Net Interest Income": -17424000.0,
        "Interest Expense": 17685000.0,
        "Interest Income": 261000.0,
        "Normalized Income": -26151580.0,
        "Net Income From Continuing And Discontinued Operation": -26347000.0,
        "Total Expenses": 328803000.0,
        "Total Operating Income As Reported": -1545000.0,
        "Diluted Average Shares": 3475692.0,
        "Basic Average Shares": 3475692.0,
        "Diluted EPS": -7.54,
        "Basic EPS": -7.54,
        "Diluted NI Availto Com Stockholders": -26347000.0,
        "Net Income Common Stockholders": -26347000.0,
        "Net Income": -26347000.0,
        "Net Income Including Noncontrolling Interests": -26347000.0,
        "Net Income Discontinuous Operations": -197000.0,
        "Net Income Continuous Operations": -26150000.0,
        "Tax Provision": 5154000.0,
        "Pretax Income": -20996000.0,
        "Other Income Expense": -2025000.0,
        "Other Non Operating Income Expenses": -2027000.0,
        "Special Income Charges": 2000.0,
        "Gain On Sale Of Ppe": 2000.0,
        "Gain On Sale Of Business": NaN,
        "Impairment Of Capital Assets": NaN,
        "Net Non Operating Interest Income Expense": -17424000.0,
        "Interest Expense Non Operating": 17685000.0,
        "Interest Income Non Operating": 261000.0,
        "Operating Income": -1547000.0,
        "Operating Expense": 36057000.0,
        "Selling General And Administration": 36057000.0,
        "Gross Profit": 34510000.0,
        "Cost Of Revenue": 292746000.0,
        "Total Revenue": 327256000.0,
        "Operating Revenue": 327256000.0
    },
    "2024-06-30": {
        "Tax Effect Of Unusual Items": -15330.0,
        "Tax Rate For Calcs": 0.21,
        "Normalized EBITDA": 20673000.0,
        "Total Unusual Items": -73000.0,
        "Total Unusual Items Excluding Goodwill": -73000.0,
        "Net Income From Continuing Operation Net Minority Interest": -15795000.0,
        "Reconciled Depreciation": 15542000.0,
        "Reconciled Cost Of Revenue": 292656000.0,
        "EBITDA": 20600000.0,
        "EBIT": 5058000.0,
        "Net Interest Income": -17627000.0,
        "Interest Expense": 17900000.0,
        "Interest Income": 273000.0,
        "Normalized Income": -15737330.0,
        "Net Income From Continuing And Discontinued Operation": -16279000.0,
        "Total Expenses": 322076000.0,
        "Total Operating Income As Reported": 7294000.0,
        "Diluted Average Shares": 3487538.0,
        "Basic Average Shares": 3487538.0,
        "Diluted EPS": -4.81,
        "Basic EPS": -4.81,
        "Diluted NI Availto Com Stockholders": -16279000.0,
        "Net Income Common Stockholders": -16279000.0,
        "Net Income": -16279000.0,
        "Net Income Including Noncontrolling Interests": -16279000.0,
        "Net Income Discontinuous Operations": -484000.0,
        "Net Income Continuous Operations": -15795000.0,
        "Tax Provision": 2953000.0,
        "Pretax Income": -12842000.0,
        "Other Income Expense": -2582000.0,
        "Other Non Operating Income Expenses": -2509000.0,
        "Special Income Charges": -73000.0,
        "Gain On Sale Of Ppe": -73000.0,
        "Gain On Sale Of Business": NaN,
        "Impairment Of Capital Assets": NaN,
        "Net Non Operating Interest Income Expense": -17627000.0,
        "Interest Expense Non Operating": 17900000.0,
        "Interest Income Non Operating": 273000.0,
        "Operating Income": 7367000.0,
        "Operating Expense": 29420000.0,
        "Selling General And Administration": 29420000.0,
        "Gross Profit": 36787000.0,
        "Cost Of Revenue": 292656000.0,
        "Total Revenue": 329443000.0,
        "Operating Revenue": 329443000.0
    },
    "2024-09-30": {
        "Tax Effect Of Unusual Items": 210.0,
        "Tax Rate For Calcs": 0.21,
        "Normalized EBITDA": 15720000.0,
        "Total Unusual Items": 1000.0,
        "Total Unusual Items Excluding Goodwill": 1000.0,
        "Net Income From Continuing Operation Net Minority Interest": -20002000.0,
        "Reconciled Depreciation": 15829000.0,
        "Reconciled Cost Of Revenue": 296620000.0,
        "EBITDA": 15721000.0,
        "EBIT": -108000.0,
        "Net Interest Income": -18167000.0,
        "Interest Expense": 18404000.0,
        "Interest Income": 237000.0,
        "Normalized Income": -20002790.0,
        "Net Income From Continuing And Discontinued Operation": -15247000.0,
        "Total Expenses": 329131000.0,
        "Total Operating Income As Reported": 2971000.0,
        "Diluted Average Shares": 3495538.0,
        "Basic Average Shares": 3495538.0,
        "Diluted EPS": -4.29,
        "Basic EPS": -4.29,
        "Diluted NI Availto Com Stockholders": -15247000.0,
        "Net Income Common Stockholders": -15247000.0,
        "Net Income": -15247000.0,
        "Net Income Including Noncontrolling Interests": -15247000.0,
        "Net Income Discontinuous Operations": 4755000.0,
        "Net Income Continuous Operations": -20002000.0,
        "Tax Provision": 1490000.0,
        "Pretax Income": -18512000.0,
        "Other Income Expense": -3315000.0,
        "Other Non Operating Income Expenses": -3316000.0,
        "Special Income Charges": 1000.0,
        "Gain On Sale Of Ppe": 1000.0,
        "Gain On Sale Of Business": 0.0,
        "Impairment Of Capital Assets": NaN,
        "Net Non Operating Interest Income Expense": -18167000.0,
        "Interest Expense Non Operating": 18404000.0,
        "Interest Income Non Operating": 237000.0,
        "Operating Income": 2970000.0,
        "Operating Expense": 32511000.0,
        "Selling General And Administration": 32511000.0,
        "Gross Profit": 35481000.0,
        "Cost Of Revenue": 296620000.0,
        "Total Revenue": 332101000.0,
        "Operating Revenue": 332101000.0
    }
}