{
    "2023-03-31": {
        "Tax Effect Of Unusual Items": NaN,
        "Tax Rate For Calcs": NaN,
        "Normalized EBITDA": NaN,
        "Total Unusual Items": NaN,
        "Total Unusual Items Excluding Goodwill": NaN,
        "Net Income From Continuing Operation Net Minority Interest": NaN,
        "Reconciled Cost Of Revenue": NaN,
        "EBITDA": NaN,
        "EBIT": NaN,
        "Net Interest Income": NaN,
        "Interest Expense": NaN,
        "Interest Income": NaN,
        "Normalized Income": NaN,
        "Net Income From Continuing And Discontinued Operation": NaN,
        "Total Expenses": NaN,
        "Total Operating Income As Reported": NaN,
        "Diluted Average Shares": 658307210.0,
        "Basic Average Shares": 654205607.0,
        "Diluted EPS": 0.319,
        "Basic EPS": 0.321,
        "Diluted NI Availto Com Stockholders": NaN,
        "Net Income Common Stockholders": NaN,
        "Net Income": NaN,
        "Net Income Including Noncontrolling Interests": NaN,
        "Net Income Continuous Operations": NaN,
        "Tax Provision": NaN,
        "Pretax Income": NaN,
        "Other Income Expense": NaN,
        "Special Income Charges": NaN,
        "Restructuring And Mergern Acquisition": NaN,
        "Gain On Sale Of Security": NaN,
        "Net Non Operating Interest Income Expense": NaN,
        "Interest Expense Non Operating": NaN,
        "Interest Income Non Operating": NaN,
        "Operating Income": NaN,
        "Operating Expense": NaN,
        "Research And Development": NaN,
        "Selling General And Administration": NaN,
        "Gross Profit": NaN,
        "Cost Of Revenue": NaN,
        "Total Revenue": NaN,
        "Operating Revenue": NaN
    },
    "2022-12-31": {
        "Tax Effect Of Unusual Items": -251909365.558912,
        "Tax Rate For Calcs": 0.117825,
        "Normalized EBITDA": 2805000000.0,
        "Total Unusual Items": -2138000000.0,
        "Total Unusual Items Excluding Goodwill": -2138000000.0,
        "Net Income From Continuing Operation Net Minority Interest": 584000000.0,
        "Reconciled Cost Of Revenue": NaN,
        "EBITDA": 667000000.0,
        "EBIT": 667000000.0,
        "Net Interest Income": 135000000.0,
        "Interest Expense": 5000000.0,
        "Interest Income": 140000000.0,
        "Normalized Income": 2470090634.441088,
        "Net Income From Continuing And Discontinued Operation": 584000000.0,
        "Total Expenses": 2562000000.0,
        "Total Operating Income As Reported": 2665000000.0,
        "Diluted Average Shares": NaN,
        "Basic Average Shares": NaN,
        "Diluted EPS": NaN,
        "Basic EPS": NaN,
        "Diluted NI Availto Com Stockholders": 584000000.0,
        "Net Income Common Stockholders": 584000000.0,
        "Net Income": 584000000.0,
        "Net Income Including Noncontrolling Interests": 584000000.0,
        "Net Income Continuous Operations": 584000000.0,
        "Tax Provision": 78000000.0,
        "Pretax Income": 662000000.0,
        "Other Income Expense": -2138000000.0,
        "Gain On Sale Of Security": -2138000000.0,
        "Net Non Operating Interest Income Expense": 135000000.0,
        "Interest Expense Non Operating": 5000000.0,
        "Interest Income Non Operating": 140000000.0,
        "Operating Income": 2665000000.0,
        "Operating Expense": 2562000000.0,
        "Research And Development": 1641000000.0,
        "Selling General And Administration": 921000000.0,
        "Gross Profit": NaN,
        "Cost Of Revenue": NaN,
        "Total Revenue": 5227000000.0,
        "Operating Revenue": 5003000000.0
    },
    "2022-09-30": {
        "Tax Effect Of Unusual Items": NaN,
        "Tax Rate For Calcs": NaN,
        "Normalized EBITDA": NaN,
        "Total Unusual Items": NaN,
        "Total Unusual Items Excluding Goodwill": NaN,
        "Net Income From Continuing Operation Net Minority Interest": NaN,
        "Reconciled Cost Of Revenue": 0.0,
        "EBITDA": NaN,
        "EBIT": NaN,
        "Net Interest Income": NaN,
        "Interest Expense": NaN,
        "Interest Income": NaN,
        "Normalized Income": NaN,
        "Net Income From Continuing And Discontinued Operation": NaN,
        "Total Expenses": NaN,
        "Total Operating Income As Reported": NaN,
        "Diluted Average Shares": 659177942.0,
        "Basic Average Shares": 652844501.0,
        "Diluted EPS": 3.917,
        "Basic EPS": 3.955,
        "Diluted NI Availto Com Stockholders": NaN,
        "Net Income Common Stockholders": NaN,
        "Net Income": NaN,
        "Net Income Including Noncontrolling Interests": NaN,
        "Net Income Continuous Operations": NaN,
        "Tax Provision": NaN,
        "Pretax Income": NaN,
        "Other Income Expense": NaN,
        "Gain On Sale Of Security": NaN,
        "Net Non Operating Interest Income Expense": NaN,
        "Interest Expense Non Operating": NaN,
        "Interest Income Non Operating": NaN,
        "Operating Income": NaN,
        "Operating Expense": NaN,
        "Research And Development": NaN,
        "Selling General And Administration": NaN,
        "Gross Profit": 4087000000.0,
        "Cost Of Revenue": 0.0,
        "Total Revenue": NaN,
        "Operating Revenue": NaN
    },
    "2022-06-30": {
        "Tax Effect Of Unusual Items": 0.0,
        "Tax Rate For Calcs": 0.240257,
        "Normalized EBITDA": 2689000000.0,
        "Total Unusual Items": NaN,
        "Total Unusual Items Excluding Goodwill": NaN,
        "Net Income From Continuing Operation Net Minority Interest": 1891000000.0,
        "EBITDA": 2689000000.0,
        "EBIT": 2689000000.0,
        "Net Interest Income": 1242000000.0,
        "Interest Expense": 200000000.0,
        "Interest Income": 1442000000.0,
        "Normalized Income": 1891000000.0,
        "Net Income From Continuing And Discontinued Operation": 1891000000.0,
        "Total Expenses": 1915000000.0,
        "Total Operating Income As Reported": 1247000000.0,
        "Diluted Average Shares": 659804606.0,
        "Basic Average Shares": 655005196.0,
        "Diluted EPS": 2.866,
        "Basic EPS": 2.887,
        "Diluted NI Availto Com Stockholders": 1891000000.0,
        "Net Income Common Stockholders": 1891000000.0,
        "Net Income": 1891000000.0,
        "Net Income Including Noncontrolling Interests": 1891000000.0,
        "Net Income Continuous Operations": 1891000000.0,
        "Tax Provision": 598000000.0,
        "Pretax Income": 2489000000.0,
        "Other Income Expense": NaN,
        "Gain On Sale Of Security": NaN,
        "Net Non Operating Interest Income Expense": 1242000000.0,
        "Interest Expense Non Operating": 200000000.0,
        "Interest Income Non Operating": 1442000000.0,
        "Operating Income": 1247000000.0,
        "Operating Expense": 1915000000.0,
        "Research And Development": 1282000000.0,
        "Selling General And Administration": 633000000.0,
        "Total Revenue": 3162000000.0,
        "Operating Revenue": 3162000000.0
    },
    "2023-06-30": {
        "Tax Effect Of Unusual Items": NaN,
        "Tax Rate For Calcs": NaN,
        "Normalized EBITDA": NaN,
        "Total Unusual Items": NaN,
        "Total Unusual Items Excluding Goodwill": NaN,
        "Net Income From Continuing Operation Net Minority Interest": NaN,
        "Reconciled Depreciation": NaN,
        "Reconciled Cost Of Revenue": NaN,
        "EBITDA": NaN,
        "EBIT": NaN,
        "Net Interest Income": NaN,
        "Interest Expense": NaN,
        "Interest Income": NaN,
        "Normalized Income": NaN,
        "Net Income From Continuing And Discontinued Operation": NaN,
        "Total Expenses": NaN,
        "Total Operating Income As Reported": NaN,
        "Diluted Average Shares": 658284024.0,
        "Basic Average Shares": 652492669.0,
        "Diluted EPS": 2.028,
        "Basic EPS": 2.046,
        "Diluted NI Availto Com Stockholders": NaN,
        "Net Income Common Stockholders": NaN,
        "Net Income": NaN,
        "Net Income Including Noncontrolling Interests": NaN,
        "Net Income Continuous Operations": NaN,
        "Tax Provision": NaN,
        "Pretax Income": NaN,
        "Other Income Expense": NaN,
        "Special Income Charges": 0.0,
        "Restructuring And Mergern Acquisition": 0.0,
        "Gain On Sale Of Security": NaN,
        "Net Non Operating Interest Income Expense": NaN,
        "Interest Expense Non Operating": NaN,
        "Interest Income Non Operating": NaN,
        "Operating Income": NaN,
        "Operating Expense": NaN,
        "Research And Development": NaN,
        "Selling General And Administration": NaN,
        "Gross Profit": NaN,
        "Cost Of Revenue": NaN,
        "Total Revenue": NaN,
        "Operating Revenue": NaN
    },
    "2022-03-31": {
        "Diluted EPS": 0.11,
        "Total Revenue": 320,
        "Gross Profit": 320,
        "Operating Income": 78,
        "EBIT": 78,
        "Net Income": 70
    },
    "2021-12-31": {
        "Diluted EPS": 0.17,
        "Total Revenue": 407,
        "Gross Profit": 407,
        "Operating Income": 125,
        "EBIT": 125,
        "Net Income": 110
    },
    "2021-09-30": {
        "Diluted EPS": 0.21,
        "Total Revenue": 366,
        "Gross Profit": 366,
        "Operating Income": 141,
        "EBIT": 141,
        "Net Income": 141
    },
    "2021-06-30": {
        "Diluted EPS": 0.08,
        "Total Revenue": 320,
        "Gross Profit": 320,
        "Operating Income": 128,
        "EBIT": 128,
        "Net Income": 50
    },
    "2021-03-31": {
        "Diluted EPS": 0.27,
        "Total Revenue": 256,
        "Gross Profit": 256,
        "Operating Income": 86,
        "EBIT": 86,
        "Net Income": 178
    },
    "2020-12-31": {
        "Diluted EPS": 0.16,
        "Total Revenue": 341,
        "Gross Profit": 341,
        "Operating Income": 158,
        "EBIT": 158,
        "Net Income": 107
    },
    "2020-09-30": {
        "Diluted EPS": 0.13,
        "Total Revenue": 271,
        "Gross Profit": 271,
        "Operating Income": 135,
        "EBIT": 135,
        "Net Income": 83
    },
    "2020-06-30": {
        "Diluted EPS": 0.76,
        "Total Revenue": 805,
        "Gross Profit": 805,
        "Operating Income": 664,
        "EBIT": 664,
        "Net Income": 499
    },
    "2020-03-31": {
        "Diluted EPS": 0.06,
        "Total Revenue": 132,
        "Gross Profit": 132,
        "Operating Income": 10,
        "EBIT": 10,
        "Net Income": 40
    },
    "2019-12-31": {
        "Diluted EPS": 0.19,
        "Total Revenue": 443,
        "Gross Profit": 443,
        "Operating Income": 443,
        "EBIT": 443,
        "Net Income": 221
    },
    "2019-09-30": {
        "Diluted EPS": 0.12,
        "Total Revenue": 155,
        "Gross Profit": 155,
        "Operating Income": 52,
        "EBIT": 52,
        "Net Income": 80
    },
    "2019-06-30": {
        "Diluted EPS": 0.02,
        "Total Revenue": 117,
        "Gross Profit": 117,
        "Operating Income": 21,
        "EBIT": 21,
        "Net Income": 13
    },
    "2019-03-31": {
        "Diluted EPS": 0.18,
        "Total Revenue": 90,
        "Gross Profit": 90,
        "Operating Income": 90,
        "EBIT": 90,
        "Net Income": 11
    },
    "2018-12-31": {
        "Diluted EPS": 2.13,
        "Total Revenue": 196,
        "Gross Profit": 196,
        "Operating Income": 196,
        "EBIT": 196,
        "Net Income": 132
    },
    "2023-09-30": {
        "Tax Effect Of Unusual Items": NaN,
        "Tax Rate For Calcs": NaN,
        "Normalized EBITDA": NaN,
        "Total Unusual Items": NaN,
        "Total Unusual Items Excluding Goodwill": NaN,
        "Net Income From Continuing Operation Net Minority Interest": NaN,
        "Reconciled Depreciation": NaN,
        "Reconciled Cost Of Revenue": NaN,
        "EBITDA": NaN,
        "EBIT": NaN,
        "Net Interest Income": NaN,
        "Interest Expense": NaN,
        "Interest Income": NaN,
        "Normalized Income": NaN,
        "Net Income From Continuing And Discontinued Operation": NaN,
        "Total Expenses": NaN,
        "Total Operating Income As Reported": NaN,
        "Diluted Average Shares": 658735128.0,
        "Basic Average Shares": 653010552.0,
        "Diluted EPS": 3.194,
        "Basic EPS": 3.222,
        "Diluted NI Availto Com Stockholders": NaN,
        "Net Income Common Stockholders": NaN,
        "Net Income": NaN,
        "Net Income Including Noncontrolling Interests": NaN,
        "Net Income Continuous Operations": NaN,
        "Tax Provision": NaN,
        "Pretax Income": NaN,
        "Other Income Expense": NaN,
        "Special Income Charges": 0.0,
        "Restructuring And Mergern Acquisition": 0.0,
        "Gain On Sale Of Security": NaN,
        "Net Non Operating Interest Income Expense": NaN,
        "Interest Expense Non Operating": NaN,
        "Interest Income Non Operating": NaN,
        "Operating Income": NaN,
        "Operating Expense": NaN,
        "Research And Development": NaN,
        "Selling General And Administration": NaN,
        "Gross Profit": NaN,
        "Cost Of Revenue": NaN,
        "Total Revenue": NaN,
        "Operating Revenue": NaN
    },
    "2023-12-31": {
        "Tax Effect Of Unusual Items": -319047516.198704,
        "Tax Rate For Calcs": 0.308855,
        "Normalized EBITDA": 1965000000.0,
        "Total Unusual Items": -1033000000.0,
        "Total Unusual Items Excluding Goodwill": -1033000000.0,
        "Net Income From Continuing Operation Net Minority Interest": 640000000.0,
        "Reconciled Depreciation": NaN,
        "Reconciled Cost Of Revenue": 126000000.0,
        "EBITDA": 932000000.0,
        "EBIT": 932000000.0,
        "Net Interest Income": 289000000.0,
        "Interest Expense": 6000000.0,
        "Interest Income": 295000000.0,
        "Normalized Income": 1353952483.801296,
        "Net Income From Continuing And Discontinued Operation": 640000000.0,
        "Total Expenses": 3008000000.0,
        "Total Operating Income As Reported": 1670000000.0,
        "Diluted Average Shares": NaN,
        "Basic Average Shares": NaN,
        "Diluted EPS": NaN,
        "Basic EPS": NaN,
        "Diluted NI Availto Com Stockholders": 640000000.0,
        "Net Income Common Stockholders": 640000000.0,
        "Net Income": 640000000.0,
        "Net Income Including Noncontrolling Interests": 640000000.0,
        "Net Income Continuous Operations": 640000000.0,
        "Tax Provision": 286000000.0,
        "Pretax Income": 926000000.0,
        "Other Income Expense": -1033000000.0,
        "Special Income Charges": NaN,
        "Restructuring And Mergern Acquisition": NaN,
        "Gain On Sale Of Security": -1033000000.0,
        "Net Non Operating Interest Income Expense": 289000000.0,
        "Interest Expense Non Operating": 6000000.0,
        "Interest Income Non Operating": 295000000.0,
        "Operating Income": 1670000000.0,
        "Operating Expense": 2882000000.0,
        "Research And Development": 1948000000.0,
        "Selling General And Administration": 934000000.0,
        "Gross Profit": 4552000000.0,
        "Cost Of Revenue": 126000000.0,
        "Total Revenue": 4678000000.0,
        "Operating Revenue": 4603000000.0
    },
    "2024-03-31": {
        "Tax Effect Of Unusual Items": NaN,
        "Tax Rate For Calcs": NaN,
        "Normalized EBITDA": NaN,
        "Total Unusual Items": NaN,
        "Total Unusual Items Excluding Goodwill": NaN,
        "Net Income From Continuing Operation Net Minority Interest": NaN,
        "Reconciled Depreciation": NaN,
        "Reconciled Cost Of Revenue": NaN,
        "EBITDA": NaN,
        "EBIT": NaN,
        "Net Interest Income": NaN,
        "Interest Expense": NaN,
        "Interest Income": NaN,
        "Normalized Income": NaN,
        "Net Income From Continuing And Discontinued Operation": NaN,
        "Total Expenses": NaN,
        "Total Operating Income As Reported": NaN,
        "Diluted Average Shares": 653061224.0,
        "Basic Average Shares": 648648649.0,
        "Diluted EPS": 0.294,
        "Basic EPS": 0.296,
        "Diluted NI Availto Com Stockholders": NaN,
        "Net Income Common Stockholders": NaN,
        "Net Income": NaN,
        "Net Income Including Noncontrolling Interests": NaN,
        "Net Income Continuous Operations": NaN,
        "Tax Provision": NaN,
        "Pretax Income": NaN,
        "Other Income Expense": NaN,
        "Special Income Charges": NaN,
        "Restructuring And Mergern Acquisition": NaN,
        "Gain On Sale Of Security": NaN,
        "Net Non Operating Interest Income Expense": NaN,
        "Interest Expense Non Operating": NaN,
        "Interest Income Non Operating": NaN,
        "Operating Income": NaN,
        "Operating Expense": NaN,
        "Research And Development": NaN,
        "Selling General And Administration": NaN,
        "Gross Profit": NaN,
        "Cost Of Revenue": NaN,
        "Total Revenue": NaN,
        "Operating Revenue": NaN
    },
    "2024-06-30": {
        "Tax Effect Of Unusual Items": 2371335.504886,
        "Tax Rate For Calcs": 0.338762,
        "Normalized EBITDA": 317000000.0,
        "Total Unusual Items": 7000000.0,
        "Total Unusual Items Excluding Goodwill": 7000000.0,
        "Net Income From Continuing Operation Net Minority Interest": 203000000.0,
        "Reconciled Depreciation": 14000000.0,
        "Reconciled Cost Of Revenue": 28000000.0,
        "EBITDA": 324000000.0,
        "EBIT": 310000000.0,
        "Net Interest Income": 39000000.0,
        "Interest Expense": 3000000.0,
        "Interest Income": 42000000.0,
        "Normalized Income": 198371335.504886,
        "Net Income From Continuing And Discontinued Operation": 203000000.0,
        "Total Expenses": 518000000.0,
        "Total Operating Income As Reported": 236000000.0,
        "Diluted Average Shares": 648562300.0,
        "Basic Average Shares": 644444444.0,
        "Diluted EPS": 0.313,
        "Basic EPS": 0.315,
        "Diluted NI Availto Com Stockholders": 203000000.0,
        "Net Income Common Stockholders": 203000000.0,
        "Net Income": 203000000.0,
        "Net Income Including Noncontrolling Interests": 203000000.0,
        "Net Income Continuous Operations": 203000000.0,
        "Tax Provision": 104000000.0,
        "Pretax Income": 307000000.0,
        "Other Income Expense": 7000000.0,
        "Special Income Charges": -25000000.0,
        "Restructuring And Mergern Acquisition": 25000000.0,
        "Gain On Sale Of Security": 32000000.0,
        "Net Non Operating Interest Income Expense": 39000000.0,
        "Interest Expense Non Operating": 3000000.0,
        "Interest Income Non Operating": 42000000.0,
        "Operating Income": 261000000.0,
        "Operating Expense": 490000000.0,
        "Research And Development": 361000000.0,
        "Selling General And Administration": 129000000.0,
        "Gross Profit": 751000000.0,
        "Cost Of Revenue": 28000000.0,
        "Total Revenue": 779000000.0,
        "Operating Revenue": 779000000.0
    },
    "2024-09-30": {
        "Tax Effect Of Unusual Items": -21472411.826053,
        "Tax Rate For Calcs": 0.263525,
        "Normalized EBITDA": 359287758.167986,
        "Total Unusual Items": -81481403.816745,
        "Total Unusual Items Excluding Goodwill": -81481403.816745,
        "Net Income From Continuing Operation Net Minority Interest": 189624002.264704,
        "Reconciled Depreciation": 17635033.708437,
        "Reconciled Cost Of Revenue": 40890483.900683,
        "EBITDA": 277806354.351242,
        "EBIT": 260171320.642804,
        "Net Interest Income": 21568606.892668,
        "Interest Expense": 2696075.861583,
        "Interest Income": 24264682.754251,
        "Normalized Income": 249632994.255395,
        "Net Income From Continuing And Discontinued Operation": 189624002.264704,
        "Total Expenses": 512404195.693169,
        "Total Operating Income As Reported": 314841747.836025,
        "Diluted Average Shares": 639071176.0,
        "Basic Average Shares": 634904714.0,
        "Diluted EPS": 0.296718,
        "Basic EPS": 0.298665,
        "Diluted NI Availto Com Stockholders": 189624002.264704,
        "Net Income Common Stockholders": 189624002.264704,
        "Net Income": 189624002.264704,
        "Net Income Including Noncontrolling Interests": 189624002.264704,
        "Net Income Continuous Operations": 189624002.264704,
        "Tax Provision": 67851242.516517,
        "Pretax Income": 257475244.781221,
        "Other Income Expense": -81481403.816745,
        "Special Income Charges": -2546293.869273,
        "Restructuring And Mergern Acquisition": 2546293.869273,
        "Gain On Sale Of Security": -78935109.947471,
        "Net Non Operating Interest Income Expense": 21568606.892668,
        "Interest Expense Non Operating": 2696075.861583,
        "Interest Income Non Operating": 24264682.754251,
        "Operating Income": 317388041.705298,
        "Operating Expense": 471513711.792486,
        "Research And Development": 341952288.44417,
        "Selling General And Administration": 129561423.348317,
        "Gross Profit": 788901753.497784,
        "Cost Of Revenue": 40890483.900683,
        "Total Revenue": 829792237.398467,
        "Operating Revenue": 829792237.398467
    },
    "2024-12-31": {
        "Tax Effect Of Unusual Items": 37989227.029966,
        "Tax Rate For Calcs": 0.22,
        "Normalized EBITDA": 292607185.538619,
        "Total Unusual Items": 172678304.681663,
        "Total Unusual Items Excluding Goodwill": 172678304.681663,
        "Net Income From Continuing Operation Net Minority Interest": 495390918.170369,
        "Reconciled Depreciation": 12985369.215833,
        "Reconciled Cost Of Revenue": 40365232.373809,
        "EBITDA": 465285490.220282,
        "EBIT": 452300121.004449,
        "Net Interest Income": 16480820.26087,
        "Interest Expense": 6856394.199809,
        "Interest Income": 23337214.460679,
        "Normalized Income": 360701840.518672,
        "Net Income From Continuing And Discontinued Operation": 495390918.170369,
        "Total Expenses": 487490831.905814,
        "Total Operating Income As Reported": 254720943.562844,
        "Diluted Average Shares": NaN,
        "Basic Average Shares": NaN,
        "Diluted EPS": NaN,
        "Basic EPS": NaN,
        "Diluted NI Availto Com Stockholders": 495390918.170369,
        "Net Income Common Stockholders": 495390918.170369,
        "Net Income": 495390918.170369,
        "Net Income Including Noncontrolling Interests": 495390918.170369,
        "Net Income Continuous Operations": 495390918.170369,
        "Tax Provision": -49947191.36573,
        "Pretax Income": 445443726.80464,
        "Other Income Expense": 172678304.681663,
        "Special Income Charges": -1563658.299263,
        "Restructuring And Mergern Acquisition": 1563658.299263,
        "Gain On Sale Of Security": 174241962.980926,
        "Net Non Operating Interest Income Expense": 16480820.26087,
        "Interest Expense Non Operating": 6856394.199809,
        "Interest Income Non Operating": 23337214.460679,
        "Operating Income": 256284601.862107,
        "Operating Expense": 447125599.532004,
        "Research And Development": 298953295.544299,
        "Selling General And Administration": 148172303.987705,
        "Gross Profit": 703410201.394111,
        "Cost Of Revenue": 40365232.373809,
        "Total Revenue": 743775433.76792,
        "Operating Revenue": 604816786.52198
    },
    "2025-03-31": {
        "Tax Effect Of Unusual Items": 5622950.819672,
        "Tax Rate For Calcs": 0.20082,
        "Normalized EBITDA": 237000000.0,
        "Total Unusual Items": 28000000.0,
        "Total Unusual Items Excluding Goodwill": 28000000.0,
        "Net Income From Continuing Operation Net Minority Interest": 195000000.0,
        "Reconciled Depreciation": 16000000.0,
        "Reconciled Cost Of Revenue": 42000000.0,
        "EBITDA": 265000000.0,
        "EBIT": 249000000.0,
        "Net Interest Income": 28000000.0,
        "Interest Expense": 5000000.0,
        "Interest Income": 33000000.0,
        "Normalized Income": 172622950.819672,
        "Net Income From Continuing And Discontinued Operation": 195000000.0,
        "Total Expenses": 527000000.0,
        "Total Operating Income As Reported": 188000000.0,
        "Diluted Average Shares": 639344262.0,
        "Basic Average Shares": 637254902.0,
        "Diluted EPS": 0.305,
        "Basic EPS": 0.306,
        "Diluted NI Availto Com Stockholders": 195000000.0,
        "Net Income Common Stockholders": 195000000.0,
        "Net Income": 195000000.0,
        "Net Income Including Noncontrolling Interests": 195000000.0,
        "Net Income Continuous Operations": 195000000.0,
        "Tax Provision": 49000000.0,
        "Pretax Income": 244000000.0,
        "Other Income Expense": 28000000.0,
        "Special Income Charges": NaN,
        "Restructuring And Mergern Acquisition": NaN,
        "Gain On Sale Of Security": 28000000.0,
        "Net Non Operating Interest Income Expense": 28000000.0,
        "Interest Expense Non Operating": 5000000.0,
        "Interest Income Non Operating": 33000000.0,
        "Operating Income": 188000000.0,
        "Operating Expense": 485000000.0,
        "Research And Development": 359000000.0,
        "Selling General And Administration": 126000000.0,
        "Gross Profit": 673000000.0,
        "Cost Of Revenue": 42000000.0,
        "Total Revenue": 715000000.0,
        "Operating Revenue": 692000000.0
    },
    "2025-06-30": {
        "Tax Effect Of Unusual Items": 9666666.666667,
        "Tax Rate For Calcs": 0.205674,
        "Normalized EBITDA": 401000000.0,
        "Total Unusual Items": 47000000.0,
        "Total Unusual Items Excluding Goodwill": 47000000.0,
        "Net Income From Continuing Operation Net Minority Interest": 336000000.0,
        "Reconciled Depreciation": 16000000.0,
        "Reconciled Cost Of Revenue": 57000000.0,
        "EBITDA": 448000000.0,
        "EBIT": 432000000.0,
        "Net Interest Income": 16000000.0,
        "Interest Expense": 9000000.0,
        "Interest Income": 25000000.0,
        "Normalized Income": 298666666.666667,
        "Net Income From Continuing And Discontinued Operation": 336000000.0,
        "Total Expenses": 565000000.0,
        "Total Operating Income As Reported": 360000000.0,
        "Diluted Average Shares": 619926199.0,
        "Basic Average Shares": 617647059.0,
        "Diluted EPS": 0.542,
        "Basic EPS": 0.544,
        "Diluted NI Availto Com Stockholders": 336000000.0,
        "Net Income Common Stockholders": 336000000.0,
        "Net Income": 336000000.0,
        "Net Income Including Noncontrolling Interests": 336000000.0,
        "Net Income Continuous Operations": 336000000.0,
        "Tax Provision": 87000000.0,
        "Pretax Income": 423000000.0,
        "Other Income Expense": 47000000.0,
        "Special Income Charges": 0.0,
        "Restructuring And Mergern Acquisition": 0.0,
        "Gain On Sale Of Security": 47000000.0,
        "Net Non Operating Interest Income Expense": 16000000.0,
        "Interest Expense Non Operating": 9000000.0,
        "Interest Income Non Operating": 25000000.0,
        "Operating Income": 360000000.0,
        "Operating Expense": 508000000.0,
        "Research And Development": 364000000.0,
        "Selling General And Administration": 144000000.0,
        "Gross Profit": 868000000.0,
        "Cost Of Revenue": 57000000.0,
        "Total Revenue": 925000000.0,
        "Operating Revenue": 925000000.0
    }
}