{
    "2023-03-31": {
        "Tax Effect Of Unusual Items": -256227.0,
        "Tax Rate For Calcs": 0.223,
        "Normalized EBITDA": 77021000.0,
        "Total Unusual Items": -1149000.0,
        "Total Unusual Items Excluding Goodwill": -1149000.0,
        "Net Income From Continuing Operation Net Minority Interest": 49129000.0,
        "Reconciled Depreciation": 18108000.0,
        "Reconciled Cost Of Revenue": 57318000.0,
        "EBITDA": 75872000.0,
        "EBIT": 57764000.0,
        "Net Interest Income": 6497000.0,
        "Normalized Income": 50021773.0,
        "Net Income From Continuing And Discontinued Operation": 49129000.0,
        "Total Expenses": 218924000.0,
        "Total Operating Income As Reported": 56403000.0,
        "Diluted Average Shares": 102196000.0,
        "Basic Average Shares": 100279000.0,
        "Diluted EPS": 0.48,
        "Basic EPS": 0.49,
        "Diluted NI Availto Com Stockholders": 49129000.0,
        "Net Income Common Stockholders": 49129000.0,
        "Net Income": 49129000.0,
        "Net Income Including Noncontrolling Interests": 49129000.0,
        "Net Income Continuous Operations": 49129000.0,
        "Tax Provision": 14060000.0,
        "Pretax Income": 63189000.0,
        "Other Income Expense": -1072000.0,
        "Other Non Operating Income Expenses": 77000.0,
        "Special Income Charges": -1361000.0,
        "Other Special Charges": NaN,
        "Restructuring And Mergern Acquisition": 1361000.0,
        "Gain On Sale Of Security": 212000.0,
        "Net Non Operating Interest Income Expense": 6497000.0,
        "Total Other Finance Cost": -6497000.0,
        "Operating Income": 57764000.0,
        "Operating Expense": 148099000.0,
        "Depreciation Amortization Depletion Income Statement": 4601000.0,
        "Depreciation And Amortization In Income Statement": 4601000.0,
        "Amortization": 4601000.0,
        "Amortization Of Intangibles Income Statement": 4601000.0,
        "Research And Development": 21082000.0,
        "Selling General And Administration": 122416000.0,
        "Gross Profit": 205863000.0,
        "Cost Of Revenue": 70825000.0,
        "Total Revenue": 276688000.0,
        "Operating Revenue": 276688000.0
    },
    "2022-12-31": {
        "Tax Effect Of Unusual Items": NaN,
        "Tax Rate For Calcs": NaN,
        "Normalized EBITDA": NaN,
        "Total Unusual Items": NaN,
        "Total Unusual Items Excluding Goodwill": NaN,
        "Net Income From Continuing Operation Net Minority Interest": NaN,
        "Reconciled Depreciation": NaN,
        "Reconciled Cost Of Revenue": NaN,
        "EBITDA": NaN,
        "EBIT": NaN,
        "Net Interest Income": NaN,
        "Normalized Income": NaN,
        "Net Income From Continuing And Discontinued Operation": NaN,
        "Total Expenses": NaN,
        "Total Operating Income As Reported": NaN,
        "Diluted Average Shares": NaN,
        "Basic Average Shares": NaN,
        "Diluted EPS": NaN,
        "Basic EPS": NaN,
        "Diluted NI Availto Com Stockholders": NaN,
        "Net Income Common Stockholders": NaN,
        "Net Income": NaN,
        "Net Income Including Noncontrolling Interests": NaN,
        "Net Income Continuous Operations": NaN,
        "Tax Provision": NaN,
        "Pretax Income": NaN,
        "Other Income Expense": NaN,
        "Other Non Operating Income Expenses": NaN,
        "Special Income Charges": NaN,
        "Other Special Charges": 0.0,
        "Restructuring And Mergern Acquisition": NaN,
        "Gain On Sale Of Security": NaN,
        "Net Non Operating Interest Income Expense": NaN,
        "Total Other Finance Cost": NaN,
        "Operating Income": NaN,
        "Operating Expense": NaN,
        "Depreciation Amortization Depletion Income Statement": NaN,
        "Depreciation And Amortization In Income Statement": NaN,
        "Amortization": NaN,
        "Amortization Of Intangibles Income Statement": NaN,
        "Research And Development": NaN,
        "Selling General And Administration": NaN,
        "Gross Profit": NaN,
        "Cost Of Revenue": NaN,
        "Total Revenue": NaN,
        "Operating Revenue": NaN
    },
    "2022-09-30": {
        "Tax Effect Of Unusual Items": -355224.0,
        "Tax Rate For Calcs": 0.228,
        "Normalized EBITDA": 78186000.0,
        "Total Unusual Items": -1558000.0,
        "Total Unusual Items Excluding Goodwill": -1558000.0,
        "Net Income From Continuing Operation Net Minority Interest": 47431000.0,
        "Reconciled Depreciation": 17578000.0,
        "Reconciled Cost Of Revenue": 52243000.0,
        "EBITDA": 76628000.0,
        "EBIT": 59050000.0,
        "Net Interest Income": 3899000.0,
        "Normalized Income": 48633776.0,
        "Net Income From Continuing And Discontinued Operation": 47431000.0,
        "Total Expenses": 195098000.0,
        "Total Operating Income As Reported": 59702000.0,
        "Diluted Average Shares": 101417000.0,
        "Basic Average Shares": 99652000.0,
        "Diluted EPS": 0.47,
        "Basic EPS": 0.48,
        "Diluted NI Availto Com Stockholders": 47431000.0,
        "Net Income Common Stockholders": 47431000.0,
        "Net Income": 47431000.0,
        "Net Income Including Noncontrolling Interests": 47431000.0,
        "Net Income Continuous Operations": 47431000.0,
        "Tax Provision": 14034000.0,
        "Pretax Income": 61465000.0,
        "Other Income Expense": -1484000.0,
        "Other Non Operating Income Expenses": 74000.0,
        "Special Income Charges": 652000.0,
        "Other Special Charges": NaN,
        "Restructuring And Mergern Acquisition": -652000.0,
        "Gain On Sale Of Security": -2210000.0,
        "Net Non Operating Interest Income Expense": 3899000.0,
        "Total Other Finance Cost": -3899000.0,
        "Operating Income": 59050000.0,
        "Operating Expense": 129601000.0,
        "Depreciation Amortization Depletion Income Statement": 4324000.0,
        "Depreciation And Amortization In Income Statement": 4324000.0,
        "Amortization": 4324000.0,
        "Amortization Of Intangibles Income Statement": 4324000.0,
        "Research And Development": 18701000.0,
        "Selling General And Administration": 106576000.0,
        "Gross Profit": 188651000.0,
        "Cost Of Revenue": 65497000.0,
        "Total Revenue": 254148000.0,
        "Operating Revenue": 254148000.0
    },
    "2022-06-30": {
        "Tax Effect Of Unusual Items": -678.0,
        "Tax Rate For Calcs": 0.226,
        "Normalized EBITDA": 83602000.0,
        "Total Unusual Items": -3000.0,
        "Total Unusual Items Excluding Goodwill": -3000.0,
        "Net Income From Continuing Operation Net Minority Interest": 54590000.0,
        "Reconciled Depreciation": 16927000.0,
        "Reconciled Cost Of Revenue": 55936000.0,
        "EBITDA": 83599000.0,
        "EBIT": 66672000.0,
        "Net Interest Income": 2476000.0,
        "Normalized Income": 54592322.0,
        "Net Income From Continuing And Discontinued Operation": 54590000.0,
        "Total Expenses": 196976000.0,
        "Total Operating Income As Reported": 67776000.0,
        "Diluted Average Shares": 102884000.0,
        "Basic Average Shares": 100671000.0,
        "Diluted EPS": 0.53,
        "Basic EPS": 0.54,
        "Diluted NI Availto Com Stockholders": 54590000.0,
        "Net Income Common Stockholders": 54590000.0,
        "Net Income": 54590000.0,
        "Net Income Including Noncontrolling Interests": 54590000.0,
        "Net Income Continuous Operations": 54590000.0,
        "Tax Provision": 15950000.0,
        "Pretax Income": 70540000.0,
        "Other Income Expense": 1392000.0,
        "Other Non Operating Income Expenses": 1395000.0,
        "Special Income Charges": 1104000.0,
        "Other Special Charges": NaN,
        "Restructuring And Mergern Acquisition": -1104000.0,
        "Gain On Sale Of Security": -1107000.0,
        "Net Non Operating Interest Income Expense": 2476000.0,
        "Total Other Finance Cost": -2476000.0,
        "Operating Income": 66672000.0,
        "Operating Expense": 128506000.0,
        "Depreciation Amortization Depletion Income Statement": 4393000.0,
        "Depreciation And Amortization In Income Statement": 4393000.0,
        "Amortization": 4393000.0,
        "Amortization Of Intangibles Income Statement": 4393000.0,
        "Research And Development": 17395000.0,
        "Selling General And Administration": 106718000.0,
        "Gross Profit": 195178000.0,
        "Cost Of Revenue": 68470000.0,
        "Total Revenue": 263648000.0,
        "Operating Revenue": 263648000.0
    },
    "2022-03-31": {
        "Diluted EPS": 0.37,
        "Total Revenue": 231,
        "Gross Profit": 171,
        "Operating Income": 46,
        "EBIT": 65,
        "Net Income": 38
    },
    "2021-12-31": {
        "Diluted EPS": 0.15,
        "Total Revenue": 250,
        "Gross Profit": 188,
        "Operating Income": 18,
        "EBIT": 36,
        "Net Income": 15
    },
    "2021-09-30": {
        "Diluted EPS": 0.45,
        "Total Revenue": 230,
        "Gross Profit": 171,
        "Operating Income": 53,
        "EBIT": 71,
        "Net Income": 47
    },
    "2021-06-30": {
        "Diluted EPS": 0.4,
        "Total Revenue": 251,
        "Gross Profit": 187,
        "Operating Income": 46,
        "EBIT": 66,
        "Net Income": 42
    },
    "2021-03-31": {
        "Diluted EPS": 0.44,
        "Total Revenue": 227,
        "Gross Profit": 172,
        "Operating Income": 55,
        "EBIT": 72,
        "Net Income": 45
    },
    "2020-12-31": {
        "Diluted EPS": 0.53,
        "Total Revenue": 233,
        "Gross Profit": 173,
        "Operating Income": 59,
        "EBIT": 76,
        "Net Income": 53
    },
    "2020-09-30": {
        "Diluted EPS": 0.44,
        "Total Revenue": 216,
        "Gross Profit": 159,
        "Operating Income": 50,
        "EBIT": 66,
        "Net Income": 44
    },
    "2020-06-30": {
        "Diluted EPS": -0.21,
        "Total Revenue": 149,
        "Gross Profit": 98,
        "Operating Income": -26,
        "EBIT": -10,
        "Net Income": -21
    },
    "2020-03-31": {
        "Diluted EPS": 0.25,
        "Total Revenue": 191,
        "Gross Profit": 142,
        "Operating Income": 28,
        "EBIT": 43,
        "Net Income": 26
    },
    "2019-12-31": {
        "Diluted EPS": 0.43,
        "Total Revenue": 212,
        "Gross Profit": 163,
        "Operating Income": 50,
        "EBIT": 64,
        "Net Income": 46
    },
    "2019-09-30": {
        "Diluted EPS": 0.38,
        "Total Revenue": 196,
        "Gross Profit": 151,
        "Operating Income": 42,
        "EBIT": 55,
        "Net Income": 38
    },
    "2019-06-30": {
        "Diluted EPS": 0.38,
        "Total Revenue": 195,
        "Gross Profit": 151,
        "Operating Income": 43,
        "EBIT": 55,
        "Net Income": 38
    },
    "2019-03-31": {
        "Diluted EPS": 0.33,
        "Total Revenue": 183,
        "Gross Profit": 141,
        "Operating Income": 37,
        "EBIT": 49,
        "Net Income": 33
    },
    "2018-12-31": {
        "Diluted EPS": 0.36,
        "Total Revenue": 196,
        "Gross Profit": 150,
        "Operating Income": 43,
        "EBIT": 55,
        "Net Income": 37
    },
    "2018-09-30": {
        "Diluted EPS": 0.35,
        "Total Revenue": 169,
        "Gross Profit": 131,
        "Operating Income": 38,
        "EBIT": 49,
        "Net Income": 35
    },
    "2018-06-30": {
        "Diluted EPS": 0.44,
        "Total Revenue": 173,
        "Gross Profit": 136,
        "Operating Income": 42,
        "EBIT": 53,
        "Net Income": 45
    },
    "2018-03-31": {
        "Diluted EPS": 0.39,
        "Total Revenue": 174,
        "Gross Profit": 136,
        "Operating Income": 46,
        "EBIT": 56,
        "Net Income": 40
    },
    "2017-12-31": {
        "Diluted EPS": 0.25,
        "Total Revenue": 176,
        "Gross Profit": 135,
        "Operating Income": 48,
        "EBIT": 58,
        "Net Income": 24
    },
    "2017-09-30": {
        "Diluted EPS": 0.26,
        "Total Revenue": 152,
        "Gross Profit": 115,
        "Operating Income": 36,
        "EBIT": 47,
        "Net Income": 26
    },
    "2017-06-30": {
        "Diluted EPS": 0.29,
        "Total Revenue": 152,
        "Gross Profit": 115,
        "Operating Income": 37,
        "EBIT": 49,
        "Net Income": 29
    },
    "2017-03-31": {
        "Diluted EPS": 0.3,
        "Total Revenue": 156,
        "Gross Profit": 120,
        "Operating Income": 40,
        "EBIT": 54,
        "Net Income": 29
    },
    "2016-12-31": {
        "Diluted EPS": 0.25,
        "Total Revenue": 152,
        "Gross Profit": 113,
        "Operating Income": 36,
        "EBIT": 57,
        "Net Income": 24
    },
    "2016-09-30": {
        "Diluted EPS": 0.27,
        "Total Revenue": 136,
        "Gross Profit": 104,
        "Operating Income": 38,
        "EBIT": 46,
        "Net Income": 26
    },
    "2016-06-30": {
        "Diluted EPS": 0.27,
        "Total Revenue": 137,
        "Gross Profit": 105,
        "Operating Income": 38,
        "EBIT": 46,
        "Net Income": 26
    },
    "2016-03-31": {
        "Diluted EPS": 0.29,
        "Total Revenue": 139,
        "Gross Profit": 108,
        "Operating Income": 43,
        "EBIT": 50,
        "Net Income": 28
    },
    "2015-12-31": {
        "Diluted EPS": 0.38,
        "Total Revenue": 143,
        "Gross Profit": 108,
        "Operating Income": 56,
        "EBIT": 63,
        "Net Income": 38
    },
    "2015-09-30": {
        "Diluted EPS": 0.28,
        "Total Revenue": 137,
        "Gross Profit": 104,
        "Operating Income": 41,
        "EBIT": 48,
        "Net Income": 26
    },
    "2015-06-30": {
        "Diluted EPS": 0.25,
        "Total Revenue": 134,
        "Gross Profit": 101,
        "Operating Income": 37,
        "EBIT": 44,
        "Net Income": 24
    },
    "2015-03-31": {
        "Diluted EPS": 0.26,
        "Total Revenue": 132,
        "Gross Profit": 99,
        "Operating Income": 39,
        "EBIT": 45,
        "Net Income": 25
    },
    "2014-12-31": {
        "Diluted EPS": 0.29,
        "Total Revenue": 129,
        "Gross Profit": 98,
        "Operating Income": 40,
        "EBIT": 46,
        "Net Income": 28
    },
    "2014-09-30": {
        "Diluted EPS": 0.24,
        "Total Revenue": 118,
        "Gross Profit": 90,
        "Operating Income": 35,
        "EBIT": 41,
        "Net Income": 23
    },
    "2014-06-30": {
        "Diluted EPS": 0.22,
        "Total Revenue": 114,
        "Gross Profit": 87,
        "Operating Income": 32,
        "EBIT": 38,
        "Net Income": 21
    },
    "2014-03-31": {
        "Diluted EPS": 0.22,
        "Total Revenue": 114,
        "Gross Profit": 89,
        "Operating Income": 32,
        "EBIT": 38,
        "Net Income": 21
    },
    "2013-12-31": {
        "Diluted EPS": 0.22,
        "Total Revenue": 115,
        "Gross Profit": 88,
        "Operating Income": 32,
        "EBIT": 38,
        "Net Income": 21
    },
    "2013-09-30": {
        "Diluted EPS": 0.22,
        "Total Revenue": 107,
        "Gross Profit": 82,
        "Operating Income": 30,
        "EBIT": 35,
        "Net Income": 20
    },
    "2013-06-30": {
        "Diluted EPS": 0.08,
        "Total Revenue": 107,
        "Gross Profit": 82,
        "Operating Income": 11,
        "EBIT": 17,
        "Net Income": 7
    },
    "2013-03-31": {
        "Diluted EPS": 0.21,
        "Total Revenue": 105,
        "Gross Profit": 82,
        "Operating Income": 29,
        "EBIT": 34,
        "Net Income": 20
    },
    "2012-12-31": {
        "Diluted EPS": 0.22,
        "Total Revenue": 101,
        "Gross Profit": 81,
        "Operating Income": 29,
        "EBIT": 34,
        "Net Income": 21
    },
    "2012-09-30": {
        "Diluted EPS": 0.18,
        "Total Revenue": 95,
        "Gross Profit": 76,
        "Operating Income": 27,
        "EBIT": 32,
        "Net Income": 16
    },
    "2012-06-30": {
        "Diluted EPS": 0.21,
        "Total Revenue": 96,
        "Gross Profit": 78,
        "Operating Income": 31,
        "EBIT": 35,
        "Net Income": 19
    },
    "2012-03-31": {
        "Diluted EPS": 0.19,
        "Total Revenue": 95,
        "Gross Profit": 76,
        "Operating Income": 28,
        "EBIT": 32,
        "Net Income": 18
    },
    "2011-12-31": {
        "Diluted EPS": 0.15,
        "Total Revenue": 88,
        "Gross Profit": 68,
        "Operating Income": 24,
        "EBIT": 28,
        "Net Income": 14
    },
    "2011-09-30": {
        "Diluted EPS": 0.19,
        "Total Revenue": 84,
        "Gross Profit": 67,
        "Operating Income": 27,
        "EBIT": 31,
        "Net Income": 17
    },
    "2011-06-30": {
        "Diluted EPS": 0.18,
        "Total Revenue": 81,
        "Gross Profit": 64,
        "Operating Income": 24,
        "EBIT": 28,
        "Net Income": 13
    },
    "2011-03-31": {
        "Diluted EPS": 0.16,
        "Total Revenue": 78,
        "Gross Profit": 63,
        "Operating Income": 23,
        "EBIT": 27,
        "Net Income": 12
    },
    "2010-12-31": {
        "Diluted EPS": 0.0,
        "Total Revenue": NaN,
        "Gross Profit": NaN,
        "Operating Income": NaN,
        "EBIT": NaN,
        "Net Income": NaN
    },
    "2009-12-31": {
        "Diluted EPS": 0.0,
        "Total Revenue": NaN,
        "Gross Profit": NaN,
        "Operating Income": NaN,
        "EBIT": NaN,
        "Net Income": NaN
    },
    "2023-06-30": {
        "Tax Effect Of Unusual Items": -797905.0,
        "Tax Rate For Calcs": 0.227,
        "Normalized EBITDA": 90769000.0,
        "Total Unusual Items": -3515000.0,
        "Total Unusual Items Excluding Goodwill": -3515000.0,
        "Net Income From Continuing Operation Net Minority Interest": 57712000.0,
        "Reconciled Depreciation": 18075000.0,
        "Reconciled Cost Of Revenue": 62945000.0,
        "EBITDA": 87254000.0,
        "EBIT": 69179000.0,
        "Net Interest Income": 8294000.0,
        "Normalized Income": 60429095.0,
        "Net Income From Continuing And Discontinued Operation": 57712000.0,
        "Total Expenses": 222436000.0,
        "Total Operating Income As Reported": 66212000.0,
        "Diluted Average Shares": 101782000.0,
        "Basic Average Shares": 100373000.0,
        "Diluted EPS": 0.57,
        "Basic EPS": 0.57,
        "Diluted NI Availto Com Stockholders": 57712000.0,
        "Net Income Common Stockholders": 57712000.0,
        "Net Income": 57712000.0,
        "Net Income Including Noncontrolling Interests": 57712000.0,
        "Net Income Continuous Operations": 57712000.0,
        "Tax Provision": 16962000.0,
        "Pretax Income": 74674000.0,
        "Other Income Expense": -2799000.0,
        "Other Non Operating Income Expenses": 716000.0,
        "Special Income Charges": -2967000.0,
        "Other Special Charges": -2740000.0,
        "Restructuring And Mergern Acquisition": 5707000.0,
        "Gain On Sale Of Security": -548000.0,
        "Net Non Operating Interest Income Expense": 8294000.0,
        "Total Other Finance Cost": -8294000.0,
        "Operating Income": 69179000.0,
        "Operating Expense": 145963000.0,
        "Depreciation Amortization Depletion Income Statement": 4547000.0,
        "Depreciation And Amortization In Income Statement": 4547000.0,
        "Amortization": 4547000.0,
        "Amortization Of Intangibles Income Statement": 4547000.0,
        "Research And Development": 21347000.0,
        "Selling General And Administration": 120069000.0,
        "Gross Profit": 215142000.0,
        "Cost Of Revenue": 76473000.0,
        "Total Revenue": 291615000.0,
        "Operating Revenue": 291615000.0
    },
    "2023-09-30": {
        "Tax Effect Of Unusual Items": NaN,
        "Tax Rate For Calcs": NaN,
        "Normalized EBITDA": NaN,
        "Total Unusual Items": NaN,
        "Total Unusual Items Excluding Goodwill": NaN,
        "Net Income From Continuing Operation Net Minority Interest": NaN,
        "Reconciled Depreciation": NaN,
        "Reconciled Cost Of Revenue": NaN,
        "EBITDA": NaN,
        "EBIT": NaN,
        "Net Interest Income": NaN,
        "Normalized Income": NaN,
        "Net Income From Continuing And Discontinued Operation": NaN,
        "Total Expenses": NaN,
        "Total Operating Income As Reported": NaN,
        "Diluted Average Shares": 115245000.0,
        "Basic Average Shares": 113537000.0,
        "Diluted EPS": 0.01,
        "Basic EPS": 0.01,
        "Diluted NI Availto Com Stockholders": NaN,
        "Net Income Common Stockholders": NaN,
        "Net Income": NaN,
        "Net Income Including Noncontrolling Interests": NaN,
        "Net Income Continuous Operations": NaN,
        "Tax Provision": NaN,
        "Pretax Income": NaN,
        "Other Income Expense": NaN,
        "Other Non Operating Income Expenses": NaN,
        "Special Income Charges": NaN,
        "Other Special Charges": NaN,
        "Restructuring And Mergern Acquisition": NaN,
        "Gain On Sale Of Security": NaN,
        "Net Non Operating Interest Income Expense": NaN,
        "Total Other Finance Cost": NaN,
        "Operating Income": NaN,
        "Operating Expense": NaN,
        "Depreciation Amortization Depletion Income Statement": NaN,
        "Depreciation And Amortization In Income Statement": NaN,
        "Amortization": NaN,
        "Amortization Of Intangibles Income Statement": NaN,
        "Research And Development": NaN,
        "Selling General And Administration": NaN,
        "Gross Profit": NaN,
        "Cost Of Revenue": NaN,
        "Total Revenue": NaN,
        "Operating Revenue": NaN
    },
    "2023-12-31": {
        "Tax Effect Of Unusual Items": NaN,
        "Tax Rate For Calcs": NaN,
        "Normalized EBITDA": NaN,
        "Total Unusual Items": NaN,
        "Total Unusual Items Excluding Goodwill": NaN,
        "Net Income From Continuing Operation Net Minority Interest": NaN,
        "Reconciled Depreciation": NaN,
        "Reconciled Cost Of Revenue": NaN,
        "EBITDA": NaN,
        "EBIT": NaN,
        "Net Interest Income": NaN,
        "Normalized Income": NaN,
        "Net Income From Continuing And Discontinued Operation": NaN,
        "Total Expenses": NaN,
        "Total Operating Income As Reported": NaN,
        "Diluted Average Shares": NaN,
        "Basic Average Shares": NaN,
        "Diluted EPS": NaN,
        "Basic EPS": NaN,
        "Diluted NI Availto Com Stockholders": NaN,
        "Net Income Common Stockholders": NaN,
        "Net Income": NaN,
        "Net Income Including Noncontrolling Interests": NaN,
        "Net Income Continuous Operations": NaN,
        "Tax Provision": NaN,
        "Pretax Income": NaN,
        "Other Income Expense": NaN,
        "Other Non Operating Income Expenses": NaN,
        "Special Income Charges": NaN,
        "Other Special Charges": 250000.0,
        "Restructuring And Mergern Acquisition": NaN,
        "Gain On Sale Of Security": NaN,
        "Net Non Operating Interest Income Expense": NaN,
        "Total Other Finance Cost": NaN,
        "Operating Income": NaN,
        "Operating Expense": NaN,
        "Depreciation Amortization Depletion Income Statement": NaN,
        "Depreciation And Amortization In Income Statement": NaN,
        "Amortization": NaN,
        "Amortization Of Intangibles Income Statement": NaN,
        "Research And Development": NaN,
        "Selling General And Administration": NaN,
        "Gross Profit": NaN,
        "Cost Of Revenue": NaN,
        "Total Revenue": NaN,
        "Operating Revenue": NaN
    },
    "2024-03-31": {
        "Tax Effect Of Unusual Items": NaN,
        "Tax Rate For Calcs": NaN,
        "Normalized EBITDA": NaN,
        "Total Unusual Items": NaN,
        "Total Unusual Items Excluding Goodwill": NaN,
        "Net Income From Continuing Operation Net Minority Interest": NaN,
        "Reconciled Depreciation": NaN,
        "Reconciled Cost Of Revenue": NaN,
        "EBITDA": NaN,
        "EBIT": NaN,
        "Net Interest Income": NaN,
        "Normalized Income": NaN,
        "Net Income From Continuing And Discontinued Operation": NaN,
        "Total Expenses": NaN,
        "Total Operating Income As Reported": NaN,
        "Diluted Average Shares": NaN,
        "Basic Average Shares": NaN,
        "Diluted EPS": NaN,
        "Basic EPS": NaN,
        "Diluted NI Availto Com Stockholders": NaN,
        "Net Income Common Stockholders": NaN,
        "Net Income": NaN,
        "Net Income Including Noncontrolling Interests": NaN,
        "Net Income Continuous Operations": NaN,
        "Tax Provision": NaN,
        "Pretax Income": NaN,
        "Other Income Expense": NaN,
        "Other Non Operating Income Expenses": NaN,
        "Special Income Charges": NaN,
        "Other Special Charges": -31000.0,
        "Restructuring And Mergern Acquisition": NaN,
        "Gain On Sale Of Security": NaN,
        "Net Non Operating Interest Income Expense": NaN,
        "Total Other Finance Cost": NaN,
        "Operating Income": NaN,
        "Operating Expense": NaN,
        "Depreciation Amortization Depletion Income Statement": NaN,
        "Depreciation And Amortization In Income Statement": NaN,
        "Amortization": NaN,
        "Amortization Of Intangibles Income Statement": NaN,
        "Research And Development": NaN,
        "Selling General And Administration": NaN,
        "Gross Profit": NaN,
        "Cost Of Revenue": NaN,
        "Total Revenue": NaN,
        "Operating Revenue": NaN
    },
    "2024-06-30": {
        "Tax Effect Of Unusual Items": -4605172.0,
        "Tax Rate For Calcs": 0.332,
        "Normalized EBITDA": 140249000.0,
        "Total Unusual Items": -13871000.0,
        "Total Unusual Items Excluding Goodwill": -13871000.0,
        "Net Income From Continuing Operation Net Minority Interest": 31760000.0,
        "Reconciled Depreciation": 63588000.0,
        "Reconciled Cost Of Revenue": 226161000.0,
        "EBITDA": 126378000.0,
        "EBIT": 62790000.0,
        "Net Interest Income": -2335000.0,
        "Normalized Income": 41025828.0,
        "Net Income From Continuing And Discontinued Operation": 31760000.0,
        "Total Expenses": 566901000.0,
        "Total Operating Income As Reported": 49622000.0,
        "Diluted Average Shares": 136979000.0,
        "Basic Average Shares": 135195000.0,
        "Diluted EPS": 0.23,
        "Basic EPS": 0.23,
        "Diluted NI Availto Com Stockholders": 31760000.0,
        "Net Income Common Stockholders": 31760000.0,
        "Net Income": 31760000.0,
        "Net Income Including Noncontrolling Interests": 31760000.0,
        "Net Income Continuous Operations": 31760000.0,
        "Tax Provision": 15821000.0,
        "Pretax Income": 47581000.0,
        "Other Income Expense": -12874000.0,
        "Other Non Operating Income Expenses": 997000.0,
        "Special Income Charges": -13168000.0,
        "Other Special Charges": 1335000.0,
        "Restructuring And Mergern Acquisition": 13168000.0,
        "Gain On Sale Of Security": -703000.0,
        "Net Non Operating Interest Income Expense": -2335000.0,
        "Total Other Finance Cost": 2335000.0,
        "Operating Income": 62790000.0,
        "Operating Expense": 306861000.0,
        "Depreciation Amortization Depletion Income Statement": 29709000.0,
        "Depreciation And Amortization In Income Statement": 29709000.0,
        "Amortization": 29709000.0,
        "Amortization Of Intangibles Income Statement": 29709000.0,
        "Research And Development": 37698000.0,
        "Selling General And Administration": 239454000.0,
        "Gross Profit": 369651000.0,
        "Cost Of Revenue": 260040000.0,
        "Total Revenue": 629691000.0,
        "Operating Revenue": 629691000.0
    },
    "2024-09-30": {
        "Tax Effect Of Unusual Items": 853671.0,
        "Tax Rate For Calcs": 0.091,
        "Normalized EBITDA": 106562000.0,
        "Total Unusual Items": 9381000.0,
        "Total Unusual Items Excluding Goodwill": 9381000.0,
        "Net Income From Continuing Operation Net Minority Interest": 51836000.0,
        "Reconciled Depreciation": 66947000.0,
        "Reconciled Cost Of Revenue": 233644000.0,
        "EBITDA": 115943000.0,
        "EBIT": 48996000.0,
        "Net Interest Income": -775000.0,
        "Normalized Income": 43308671.0,
        "Net Income From Continuing And Discontinued Operation": 51836000.0,
        "Total Expenses": 576709000.0,
        "Total Operating Income As Reported": 48098000.0,
        "Diluted Average Shares": 138062000.0,
        "Basic Average Shares": 135615000.0,
        "Diluted EPS": 0.38,
        "Basic EPS": 0.38,
        "Diluted NI Availto Com Stockholders": 51836000.0,
        "Net Income Common Stockholders": 51836000.0,
        "Net Income": 51836000.0,
        "Net Income Including Noncontrolling Interests": 51836000.0,
        "Net Income Continuous Operations": 51836000.0,
        "Tax Provision": 5196000.0,
        "Pretax Income": 57032000.0,
        "Other Income Expense": 8811000.0,
        "Other Non Operating Income Expenses": -570000.0,
        "Special Income Charges": -898000.0,
        "Other Special Charges": -676000.0,
        "Restructuring And Mergern Acquisition": 1574000.0,
        "Gain On Sale Of Security": 10279000.0,
        "Net Non Operating Interest Income Expense": -775000.0,
        "Total Other Finance Cost": 775000.0,
        "Operating Income": 48996000.0,
        "Operating Expense": 306194000.0,
        "Depreciation Amortization Depletion Income Statement": 30076000.0,
        "Depreciation And Amortization In Income Statement": 30076000.0,
        "Amortization": 30076000.0,
        "Amortization Of Intangibles Income Statement": 30076000.0,
        "Research And Development": 35380000.0,
        "Selling General And Administration": 240738000.0,
        "Gross Profit": 355190000.0,
        "Cost Of Revenue": 270515000.0,
        "Total Revenue": 625705000.0,
        "Operating Revenue": 625705000.0
    },
    "2024-12-31": {
        "Tax Effect Of Unusual Items": -11396910.0,
        "Tax Rate For Calcs": 0.21,
        "Normalized EBITDA": 199554000.0,
        "Total Unusual Items": -54271000.0,
        "Total Unusual Items Excluding Goodwill": -54271000.0,
        "Net Income From Continuing Operation Net Minority Interest": 26505000.0,
        "Reconciled Depreciation": 68228000.0,
        "Reconciled Cost Of Revenue": 225121000.0,
        "EBITDA": 145283000.0,
        "EBIT": 77055000.0,
        "Net Interest Income": 815000.0,
        "Normalized Income": 69379090.0,
        "Net Income From Continuing And Discontinued Operation": 26505000.0,
        "Total Expenses": 580238000.0,
        "Total Operating Income As Reported": 60274000.0,
        "Diluted Average Shares": 139711000.0,
        "Basic Average Shares": 136729000.0,
        "Diluted EPS": 0.19,
        "Basic EPS": 0.19,
        "Diluted NI Availto Com Stockholders": 26505000.0,
        "Net Income Common Stockholders": 26505000.0,
        "Net Income": 26505000.0,
        "Net Income Including Noncontrolling Interests": 26505000.0,
        "Net Income Continuous Operations": 26505000.0,
        "Tax Provision": -1838000.0,
        "Pretax Income": 24667000.0,
        "Other Income Expense": -53203000.0,
        "Other Non Operating Income Expenses": 1068000.0,
        "Special Income Charges": -16781000.0,
        "Other Special Charges": -314000.0,
        "Restructuring And Mergern Acquisition": 17095000.0,
        "Gain On Sale Of Security": -37490000.0,
        "Net Non Operating Interest Income Expense": 815000.0,
        "Total Other Finance Cost": -815000.0,
        "Operating Income": 77055000.0,
        "Operating Expense": 316801000.0,
        "Depreciation Amortization Depletion Income Statement": 29912000.0,
        "Depreciation And Amortization In Income Statement": 29912000.0,
        "Amortization": 29912000.0,
        "Amortization Of Intangibles Income Statement": 29912000.0,
        "Research And Development": 33408000.0,
        "Selling General And Administration": 253481000.0,
        "Gross Profit": 393856000.0,
        "Cost Of Revenue": 263437000.0,
        "Total Revenue": 657293000.0,
        "Operating Revenue": 657293000.0
    },
    "2025-03-31": {
        "Tax Effect Of Unusual Items": 873936.0,
        "Tax Rate For Calcs": 0.272,
        "Normalized EBITDA": 160922000.0,
        "Total Unusual Items": 3213000.0,
        "Total Unusual Items Excluding Goodwill": 3213000.0,
        "Net Income From Continuing Operation Net Minority Interest": 75462000.0,
        "Reconciled Depreciation": 66074000.0,
        "Reconciled Cost Of Revenue": 158125000.0,
        "EBITDA": 164135000.0,
        "EBIT": 98061000.0,
        "Net Interest Income": 1681000.0,
        "Normalized Income": 73122936.0,
        "Net Income From Continuing And Discontinued Operation": 75462000.0,
        "Total Expenses": 500060000.0,
        "Total Operating Income As Reported": 97004000.0,
        "Diluted Average Shares": 139774000.0,
        "Basic Average Shares": 136757000.0,
        "Diluted EPS": 0.54,
        "Basic EPS": 0.55,
        "Diluted NI Availto Com Stockholders": 75462000.0,
        "Net Income Common Stockholders": 75462000.0,
        "Net Income": 75462000.0,
        "Net Income Including Noncontrolling Interests": 75462000.0,
        "Net Income Continuous Operations": 75462000.0,
        "Tax Provision": 28206000.0,
        "Pretax Income": 103668000.0,
        "Other Income Expense": 3926000.0,
        "Other Non Operating Income Expenses": 713000.0,
        "Special Income Charges": -1057000.0,
        "Other Special Charges": NaN,
        "Restructuring And Mergern Acquisition": 1057000.0,
        "Gain On Sale Of Security": 4270000.0,
        "Net Non Operating Interest Income Expense": 1681000.0,
        "Total Other Finance Cost": -1681000.0,
        "Operating Income": 98061000.0,
        "Operating Expense": 304663000.0,
        "Depreciation Amortization Depletion Income Statement": 28802000.0,
        "Depreciation And Amortization In Income Statement": 28802000.0,
        "Amortization": 28802000.0,
        "Amortization Of Intangibles Income Statement": 28802000.0,
        "Research And Development": 33062000.0,
        "Selling General And Administration": 242799000.0,
        "Gross Profit": 402724000.0,
        "Cost Of Revenue": 195397000.0,
        "Total Revenue": 598121000.0,
        "Operating Revenue": 598121000.0
    },
    "2025-06-30": {
        "Tax Effect Of Unusual Items": 13418160.0,
        "Tax Rate For Calcs": 0.21,
        "Normalized EBITDA": 129547000.0,
        "Total Unusual Items": 63896000.0,
        "Total Unusual Items Excluding Goodwill": 63896000.0,
        "Net Income From Continuing Operation Net Minority Interest": 202846000.0,
        "Reconciled Depreciation": 70631000.0,
        "Reconciled Cost Of Revenue": 208323000.0,
        "EBITDA": 193443000.0,
        "EBIT": 122812000.0,
        "Net Interest Income": 693000.0,
        "Normalized Income": 152368160.0,
        "Net Income From Continuing And Discontinued Operation": 202846000.0,
        "Total Expenses": 622530000.0,
        "Total Operating Income As Reported": 76109000.0,
        "Diluted Average Shares": 136499000.0,
        "Basic Average Shares": 135205000.0,
        "Diluted EPS": 1.49,
        "Basic EPS": 1.5,
        "Diluted NI Availto Com Stockholders": 202846000.0,
        "Net Income Common Stockholders": 202846000.0,
        "Net Income": 202846000.0,
        "Net Income Including Noncontrolling Interests": 202846000.0,
        "Net Income Continuous Operations": 202846000.0,
        "Tax Provision": -14673000.0,
        "Pretax Income": 188173000.0,
        "Other Income Expense": 64668000.0,
        "Other Non Operating Income Expenses": 772000.0,
        "Special Income Charges": 63858000.0,
        "Other Special Charges": NaN,
        "Restructuring And Mergern Acquisition": -63858000.0,
        "Gain On Sale Of Security": 38000.0,
        "Net Non Operating Interest Income Expense": 693000.0,
        "Total Other Finance Cost": -693000.0,
        "Operating Income": 122812000.0,
        "Operating Expense": 373765000.0,
        "Depreciation Amortization Depletion Income Statement": 30189000.0,
        "Depreciation And Amortization In Income Statement": 30189000.0,
        "Amortization": 30189000.0,
        "Amortization Of Intangibles Income Statement": 30189000.0,
        "Research And Development": 39954000.0,
        "Selling General And Administration": 303622000.0,
        "Gross Profit": 496577000.0,
        "Cost Of Revenue": 248765000.0,
        "Total Revenue": 745342000.0,
        "Operating Revenue": 745342000.0
    }
}