{
    "2023-03-31": {
        "Tax Effect Of Unusual Items": NaN,
        "Tax Rate For Calcs": NaN,
        "Normalized EBITDA": NaN,
        "Total Unusual Items": NaN,
        "Total Unusual Items Excluding Goodwill": NaN,
        "Net Income From Continuing Operation Net Minority Interest": NaN,
        "Reconciled Depreciation": NaN,
        "Reconciled Cost Of Revenue": NaN,
        "EBITDA": NaN,
        "EBIT": NaN,
        "Net Interest Income": NaN,
        "Interest Expense": NaN,
        "Interest Income": NaN,
        "Normalized Income": NaN,
        "Net Income From Continuing And Discontinued Operation": NaN,
        "Total Expenses": NaN,
        "Total Operating Income As Reported": NaN,
        "Diluted Average Shares": NaN,
        "Basic Average Shares": NaN,
        "Diluted EPS": NaN,
        "Basic EPS": NaN,
        "Diluted NI Availto Com Stockholders": NaN,
        "Net Income Common Stockholders": NaN,
        "Preferred Stock Dividends": 157000.0,
        "Net Income": NaN,
        "Minority Interests": NaN,
        "Net Income Including Noncontrolling Interests": NaN,
        "Net Income Discontinuous Operations": NaN,
        "Net Income Continuous Operations": NaN,
        "Tax Provision": NaN,
        "Pretax Income": NaN,
        "Other Income Expense": NaN,
        "Other Non Operating Income Expenses": NaN,
        "Special Income Charges": NaN,
        "Impairment Of Capital Assets": NaN,
        "Gain On Sale Of Security": NaN,
        "Net Non Operating Interest Income Expense": NaN,
        "Interest Expense Non Operating": NaN,
        "Interest Income Non Operating": NaN,
        "Operating Income": NaN,
        "Operating Expense": NaN,
        "Other Operating Expenses": NaN,
        "Selling General And Administration": NaN,
        "Gross Profit": NaN,
        "Cost Of Revenue": NaN,
        "Total Revenue": NaN,
        "Operating Revenue": NaN
    },
    "2022-12-31": {
        "Tax Effect Of Unusual Items": NaN,
        "Tax Rate For Calcs": NaN,
        "Normalized EBITDA": NaN,
        "Total Unusual Items": NaN,
        "Total Unusual Items Excluding Goodwill": NaN,
        "Net Income From Continuing Operation Net Minority Interest": NaN,
        "Reconciled Depreciation": NaN,
        "Reconciled Cost Of Revenue": NaN,
        "EBITDA": NaN,
        "EBIT": NaN,
        "Net Interest Income": NaN,
        "Interest Expense": NaN,
        "Interest Income": NaN,
        "Normalized Income": NaN,
        "Net Income From Continuing And Discontinued Operation": NaN,
        "Total Expenses": NaN,
        "Total Operating Income As Reported": NaN,
        "Diluted Average Shares": NaN,
        "Basic Average Shares": NaN,
        "Diluted EPS": NaN,
        "Basic EPS": NaN,
        "Diluted NI Availto Com Stockholders": NaN,
        "Net Income Common Stockholders": NaN,
        "Preferred Stock Dividends": 491000.0,
        "Net Income": NaN,
        "Minority Interests": NaN,
        "Net Income Including Noncontrolling Interests": NaN,
        "Net Income Discontinuous Operations": NaN,
        "Net Income Continuous Operations": NaN,
        "Tax Provision": NaN,
        "Pretax Income": NaN,
        "Other Income Expense": NaN,
        "Other Non Operating Income Expenses": NaN,
        "Special Income Charges": -2066000.0,
        "Gain On Sale Of Business": 0.0,
        "Impairment Of Capital Assets": NaN,
        "Gain On Sale Of Security": NaN,
        "Net Non Operating Interest Income Expense": NaN,
        "Interest Expense Non Operating": NaN,
        "Interest Income Non Operating": NaN,
        "Operating Income": NaN,
        "Operating Expense": NaN,
        "Other Operating Expenses": NaN,
        "Selling General And Administration": NaN,
        "Gross Profit": NaN,
        "Cost Of Revenue": NaN,
        "Total Revenue": NaN,
        "Operating Revenue": NaN
    },
    "2022-09-30": {
        "Tax Effect Of Unusual Items": NaN,
        "Tax Rate For Calcs": NaN,
        "Normalized EBITDA": NaN,
        "Total Unusual Items": NaN,
        "Total Unusual Items Excluding Goodwill": NaN,
        "Net Income From Continuing Operation Net Minority Interest": NaN,
        "Reconciled Depreciation": NaN,
        "Reconciled Cost Of Revenue": NaN,
        "EBITDA": NaN,
        "EBIT": NaN,
        "Net Interest Income": NaN,
        "Interest Expense": NaN,
        "Interest Income": NaN,
        "Normalized Income": NaN,
        "Net Income From Continuing And Discontinued Operation": NaN,
        "Total Expenses": NaN,
        "Total Operating Income As Reported": NaN,
        "Diluted Average Shares": 26205000.0,
        "Basic Average Shares": 25233000.0,
        "Diluted EPS": 0.7,
        "Basic EPS": 0.73,
        "Diluted NI Availto Com Stockholders": NaN,
        "Net Income Common Stockholders": NaN,
        "Preferred Stock Dividends": 454000.0,
        "Net Income": NaN,
        "Minority Interests": NaN,
        "Net Income Including Noncontrolling Interests": NaN,
        "Net Income Discontinuous Operations": NaN,
        "Net Income Continuous Operations": NaN,
        "Tax Provision": NaN,
        "Pretax Income": NaN,
        "Other Income Expense": NaN,
        "Other Non Operating Income Expenses": NaN,
        "Special Income Charges": 0.0,
        "Gain On Sale Of Business": 0.0,
        "Gain On Sale Of Security": NaN,
        "Net Non Operating Interest Income Expense": NaN,
        "Interest Expense Non Operating": NaN,
        "Interest Income Non Operating": NaN,
        "Operating Income": NaN,
        "Operating Expense": NaN,
        "Other Operating Expenses": NaN,
        "Selling General And Administration": NaN,
        "Gross Profit": NaN,
        "Cost Of Revenue": NaN,
        "Total Revenue": NaN,
        "Operating Revenue": NaN
    },
    "2022-06-30": {
        "Tax Effect Of Unusual Items": -32266.0,
        "Tax Rate For Calcs": 0.221,
        "Normalized EBITDA": 48400000.0,
        "Total Unusual Items": -146000.0,
        "Total Unusual Items Excluding Goodwill": -146000.0,
        "Net Income From Continuing Operation Net Minority Interest": 34479000.0,
        "Reconciled Depreciation": 248000.0,
        "Reconciled Cost Of Revenue": 7552000.0,
        "EBITDA": 48254000.0,
        "EBIT": 48006000.0,
        "Net Interest Income": -4000.0,
        "Interest Expense": 52000.0,
        "Interest Income": 48000.0,
        "Normalized Income": 34592734.0,
        "Net Income From Continuing And Discontinued Operation": 34479000.0,
        "Total Expenses": 26550000.0,
        "Total Operating Income As Reported": 48476000.0,
        "Diluted Average Shares": 26070000.0,
        "Basic Average Shares": 25463000.0,
        "Diluted EPS": 1.3,
        "Basic EPS": 1.33,
        "Diluted NI Availto Com Stockholders": 33855000.0,
        "Net Income Common Stockholders": 33855000.0,
        "Preferred Stock Dividends": 624000.0,
        "Net Income": 34479000.0,
        "Minority Interests": -2894000.0,
        "Net Income Including Noncontrolling Interests": 37373000.0,
        "Net Income Discontinuous Operations": 0.0,
        "Net Income Continuous Operations": 37373000.0,
        "Tax Provision": 10581000.0,
        "Pretax Income": 47954000.0,
        "Other Income Expense": -518000.0,
        "Other Non Operating Income Expenses": -372000.0,
        "Special Income Charges": 0.0,
        "Gain On Sale Of Business": 0.0,
        "Gain On Sale Of Security": -146000.0,
        "Net Non Operating Interest Income Expense": -4000.0,
        "Interest Expense Non Operating": 52000.0,
        "Interest Income Non Operating": 48000.0,
        "Operating Income": 48476000.0,
        "Operating Expense": 18998000.0,
        "Selling General And Administration": 18998000.0,
        "Gross Profit": 67474000.0,
        "Cost Of Revenue": 7552000.0,
        "Total Revenue": 75026000.0,
        "Operating Revenue": 70930000.0
    },
    "2022-03-31": {
        "Diluted EPS": 0.67,
        "Total Revenue": 86,
        "Gross Profit": 47,
        "Operating Income": 27,
        "EBIT": 27,
        "Net Income": 18
    },
    "2021-12-31": {
        "Diluted EPS": 1.05,
        "Total Revenue": 52,
        "Gross Profit": 23,
        "Operating Income": 8,
        "EBIT": 8,
        "Net Income": 28
    },
    "2021-09-30": {
        "Diluted EPS": -0.1,
        "Total Revenue": 88,
        "Gross Profit": 35,
        "Operating Income": 17,
        "EBIT": 17,
        "Net Income": -3
    },
    "2021-06-30": {
        "Diluted EPS": 0.19,
        "Total Revenue": 76,
        "Gross Profit": 21,
        "Operating Income": 5,
        "EBIT": 5,
        "Net Income": 5
    },
    "2021-03-31": {
        "Diluted EPS": -0.09,
        "Total Revenue": 107,
        "Gross Profit": 13,
        "Operating Income": -5,
        "EBIT": -5,
        "Net Income": -2
    },
    "2020-12-31": {
        "Diluted EPS": -0.06,
        "Total Revenue": 80,
        "Gross Profit": 19,
        "Operating Income": 1,
        "EBIT": 2,
        "Net Income": -2
    },
    "2020-09-30": {
        "Diluted EPS": 0.24,
        "Total Revenue": 96,
        "Gross Profit": 27,
        "Operating Income": 8,
        "EBIT": 9,
        "Net Income": 6
    },
    "2020-06-30": {
        "Diluted EPS": 0.06,
        "Total Revenue": 76,
        "Gross Profit": 19,
        "Operating Income": 3,
        "EBIT": 3,
        "Net Income": 2
    },
    "2020-03-31": {
        "Diluted EPS": 0.2,
        "Total Revenue": 104,
        "Gross Profit": 29,
        "Operating Income": 9,
        "EBIT": 10,
        "Net Income": 5
    },
    "2019-12-31": {
        "Diluted EPS": 0.0,
        "Total Revenue": 82,
        "Gross Profit": 22,
        "Operating Income": 2,
        "EBIT": 3,
        "Net Income": 0
    },
    "2019-09-30": {
        "Diluted EPS": 0.18,
        "Total Revenue": 86,
        "Gross Profit": 26,
        "Operating Income": 7,
        "EBIT": 8,
        "Net Income": 5
    },
    "2019-06-30": {
        "Diluted EPS": -0.29,
        "Total Revenue": 61,
        "Gross Profit": 9,
        "Operating Income": -9,
        "EBIT": -8,
        "Net Income": -8
    },
    "2019-03-31": {
        "Diluted EPS": 0.21,
        "Total Revenue": 87,
        "Gross Profit": 26,
        "Operating Income": 10,
        "EBIT": 11,
        "Net Income": 6
    },
    "2018-12-31": {
        "Diluted EPS": 0.47,
        "Total Revenue": 63,
        "Gross Profit": 15,
        "Operating Income": 0,
        "EBIT": 0,
        "Net Income": 12
    },
    "2018-09-30": {
        "Diluted EPS": 0.21,
        "Total Revenue": 72,
        "Gross Profit": 21,
        "Operating Income": 7,
        "EBIT": 7,
        "Net Income": 6
    },
    "2018-06-30": {
        "Diluted EPS": -0.09,
        "Total Revenue": 56,
        "Gross Profit": 16,
        "Operating Income": -2,
        "EBIT": -1,
        "Net Income": -2
    },
    "2018-03-31": {
        "Diluted EPS": 0.24,
        "Total Revenue": 89,
        "Gross Profit": 24,
        "Operating Income": 7,
        "EBIT": 8,
        "Net Income": 6
    },
    "2017-12-31": {
        "Diluted EPS": -0.01,
        "Total Revenue": 73,
        "Gross Profit": 27,
        "Operating Income": 1,
        "EBIT": 2,
        "Net Income": -1
    },
    "2017-09-30": {
        "Diluted EPS": 0.02,
        "Total Revenue": 69,
        "Gross Profit": 22,
        "Operating Income": 1,
        "EBIT": 2,
        "Net Income": 0
    },
    "2017-06-30": {
        "Diluted EPS": -0.55,
        "Total Revenue": 50,
        "Gross Profit": 12,
        "Operating Income": -14,
        "EBIT": -13,
        "Net Income": -13
    },
    "2017-03-31": {
        "Diluted EPS": 0.18,
        "Total Revenue": 71,
        "Gross Profit": 25,
        "Operating Income": 5,
        "EBIT": 6,
        "Net Income": 4
    },
    "2016-12-31": {
        "Diluted EPS": -0.03,
        "Total Revenue": 52,
        "Gross Profit": 15,
        "Operating Income": -1,
        "EBIT": -1,
        "Net Income": -1
    },
    "2016-09-30": {
        "Diluted EPS": -1.43,
        "Total Revenue": 57,
        "Gross Profit": 20,
        "Operating Income": -37,
        "EBIT": -37,
        "Net Income": -33
    },
    "2016-06-30": {
        "Diluted EPS": 0.1,
        "Total Revenue": 45,
        "Gross Profit": 18,
        "Operating Income": 2,
        "EBIT": 2,
        "Net Income": 2
    },
    "2016-03-31": {
        "Diluted EPS": 0.22,
        "Total Revenue": 59,
        "Gross Profit": 24,
        "Operating Income": 6,
        "EBIT": 6,
        "Net Income": 5
    },
    "2015-12-31": {
        "Diluted EPS": -0.17,
        "Total Revenue": 46,
        "Gross Profit": 16,
        "Operating Income": -4,
        "EBIT": -4,
        "Net Income": -4
    },
    "2015-09-30": {
        "Diluted EPS": 0.1,
        "Total Revenue": 53,
        "Gross Profit": 21,
        "Operating Income": 3,
        "EBIT": 3,
        "Net Income": 2
    },
    "2015-06-30": {
        "Diluted EPS": -0.22,
        "Total Revenue": 40,
        "Gross Profit": 13,
        "Operating Income": -5,
        "EBIT": -5,
        "Net Income": -5
    },
    "2015-03-31": {
        "Diluted EPS": -0.11,
        "Total Revenue": 74,
        "Gross Profit": 16,
        "Operating Income": -2,
        "EBIT": -2,
        "Net Income": -2
    },
    "2014-12-31": {
        "Diluted EPS": -0.52,
        "Total Revenue": 56,
        "Gross Profit": 10,
        "Operating Income": -13,
        "EBIT": -13,
        "Net Income": -11
    },
    "2014-09-30": {
        "Diluted EPS": -0.22,
        "Total Revenue": 46,
        "Gross Profit": 18,
        "Operating Income": -4,
        "EBIT": -4,
        "Net Income": -5
    },
    "2014-06-30": {
        "Diluted EPS": -0.24,
        "Total Revenue": 49,
        "Gross Profit": 11,
        "Operating Income": -4,
        "EBIT": -4,
        "Net Income": -5
    },
    "2014-03-31": {
        "Diluted EPS": -0.33,
        "Total Revenue": 130,
        "Gross Profit": 10,
        "Operating Income": -6,
        "EBIT": -6,
        "Net Income": -7
    },
    "2013-12-31": {
        "Diluted EPS": -0.03,
        "Total Revenue": 67,
        "Gross Profit": 17,
        "Operating Income": 0,
        "EBIT": 0,
        "Net Income": -1
    },
    "2013-09-30": {
        "Diluted EPS": 0.08,
        "Total Revenue": 72,
        "Gross Profit": 20,
        "Operating Income": 4,
        "EBIT": 4,
        "Net Income": 2
    },
    "2013-06-30": {
        "Diluted EPS": -0.32,
        "Total Revenue": 55,
        "Gross Profit": 10,
        "Operating Income": -6,
        "EBIT": -6,
        "Net Income": -6
    },
    "2013-03-31": {
        "Diluted EPS": -0.09,
        "Total Revenue": 85,
        "Gross Profit": 19,
        "Operating Income": 3,
        "EBIT": 3,
        "Net Income": -2
    },
    "2012-12-31": {
        "Diluted EPS": 0.08,
        "Total Revenue": 65,
        "Gross Profit": 18,
        "Operating Income": 2,
        "EBIT": 2,
        "Net Income": 2
    },
    "2012-09-30": {
        "Diluted EPS": -0.13,
        "Total Revenue": 64,
        "Gross Profit": 21,
        "Operating Income": 3,
        "EBIT": 4,
        "Net Income": -3
    },
    "2012-06-30": {
        "Diluted EPS": -0.15,
        "Total Revenue": 43,
        "Gross Profit": 12,
        "Operating Income": -5,
        "EBIT": -5,
        "Net Income": -3
    },
    "2012-03-31": {
        "Diluted EPS": 0.03,
        "Total Revenue": 58,
        "Gross Profit": 18,
        "Operating Income": 3,
        "EBIT": 3,
        "Net Income": 1
    },
    "2011-12-31": {
        "Diluted EPS": 0.0,
        "Total Revenue": NaN,
        "Gross Profit": NaN,
        "Operating Income": NaN,
        "EBIT": NaN,
        "Net Income": NaN
    },
    "2011-10-31": {
        "Diluted EPS": 0.09,
        "Total Revenue": 46,
        "Gross Profit": 17,
        "Operating Income": 4,
        "EBIT": 4,
        "Net Income": 2
    },
    "2011-09-30": {
        "Diluted EPS": 0.07,
        "Total Revenue": 52,
        "Gross Profit": 19,
        "Operating Income": 2,
        "EBIT": 2,
        "Net Income": 1
    },
    "2011-07-31": {
        "Diluted EPS": 0.0,
        "Total Revenue": NaN,
        "Gross Profit": NaN,
        "Operating Income": NaN,
        "EBIT": NaN,
        "Net Income": NaN
    },
    "2011-06-30": {
        "Diluted EPS": -0.11,
        "Total Revenue": 39,
        "Gross Profit": 10,
        "Operating Income": -3,
        "EBIT": -3,
        "Net Income": -2
    },
    "2011-03-31": {
        "Diluted EPS": 0.12,
        "Total Revenue": 63,
        "Gross Profit": 17,
        "Operating Income": 6,
        "EBIT": 6,
        "Net Income": 3
    },
    "2010-12-31": {
        "Diluted EPS": 0.0,
        "Total Revenue": NaN,
        "Gross Profit": NaN,
        "Operating Income": NaN,
        "EBIT": NaN,
        "Net Income": NaN
    },
    "2010-10-31": {
        "Diluted EPS": 0.12,
        "Total Revenue": 43,
        "Gross Profit": 15,
        "Operating Income": 6,
        "EBIT": 6,
        "Net Income": 3
    },
    "2010-09-30": {
        "Diluted EPS": 0.12,
        "Total Revenue": 43,
        "Gross Profit": 15,
        "Operating Income": 6,
        "EBIT": 6,
        "Net Income": 3
    },
    "2010-06-30": {
        "Diluted EPS": 0.0,
        "Total Revenue": NaN,
        "Gross Profit": NaN,
        "Operating Income": NaN,
        "EBIT": NaN,
        "Net Income": NaN
    },
    "2009-09-30": {
        "Diluted EPS": 0.0,
        "Total Revenue": NaN,
        "Gross Profit": NaN,
        "Operating Income": NaN,
        "EBIT": NaN,
        "Net Income": NaN
    },
    "2009-06-30": {
        "Diluted EPS": 0.0,
        "Total Revenue": NaN,
        "Gross Profit": NaN,
        "Operating Income": NaN,
        "EBIT": NaN,
        "Net Income": NaN
    },
    "2023-06-30": {
        "Tax Effect Of Unusual Items": NaN,
        "Tax Rate For Calcs": NaN,
        "Normalized EBITDA": NaN,
        "Total Unusual Items": NaN,
        "Total Unusual Items Excluding Goodwill": NaN,
        "Net Income From Continuing Operation Net Minority Interest": NaN,
        "Reconciled Depreciation": NaN,
        "Reconciled Cost Of Revenue": NaN,
        "EBITDA": NaN,
        "EBIT": NaN,
        "Net Interest Income": NaN,
        "Interest Expense": NaN,
        "Interest Income": NaN,
        "Normalized Income": NaN,
        "Net Income From Continuing And Discontinued Operation": NaN,
        "Total Expenses": NaN,
        "Total Operating Income As Reported": NaN,
        "Diluted Average Shares": 26321000.0,
        "Basic Average Shares": 25708000.0,
        "Diluted EPS": 0.57,
        "Basic EPS": 0.58,
        "Diluted NI Availto Com Stockholders": NaN,
        "Net Income Common Stockholders": NaN,
        "Preferred Stock Dividends": 176000.0,
        "Net Income": NaN,
        "Minority Interests": NaN,
        "Net Income Including Noncontrolling Interests": NaN,
        "Net Income Discontinuous Operations": NaN,
        "Net Income Continuous Operations": NaN,
        "Tax Provision": NaN,
        "Pretax Income": NaN,
        "Other Income Expense": NaN,
        "Other Non Operating Income Expenses": NaN,
        "Special Income Charges": 0.0,
        "Impairment Of Capital Assets": 0.0,
        "Gain On Sale Of Security": NaN,
        "Net Non Operating Interest Income Expense": NaN,
        "Interest Expense Non Operating": NaN,
        "Interest Income Non Operating": NaN,
        "Operating Income": NaN,
        "Operating Expense": NaN,
        "Other Operating Expenses": NaN,
        "Selling General And Administration": NaN,
        "Gross Profit": NaN,
        "Cost Of Revenue": NaN,
        "Total Revenue": NaN,
        "Operating Revenue": NaN
    },
    "2023-09-30": {
        "Tax Effect Of Unusual Items": NaN,
        "Tax Rate For Calcs": NaN,
        "Normalized EBITDA": NaN,
        "Total Unusual Items": NaN,
        "Total Unusual Items Excluding Goodwill": NaN,
        "Net Income From Continuing Operation Net Minority Interest": NaN,
        "Reconciled Depreciation": NaN,
        "Reconciled Cost Of Revenue": NaN,
        "EBITDA": NaN,
        "EBIT": NaN,
        "Net Interest Income": NaN,
        "Interest Expense": NaN,
        "Interest Income": NaN,
        "Normalized Income": NaN,
        "Net Income From Continuing And Discontinued Operation": NaN,
        "Total Expenses": NaN,
        "Total Operating Income As Reported": NaN,
        "Diluted Average Shares": 27362000.0,
        "Basic Average Shares": 26615000.0,
        "Diluted EPS": 0.53,
        "Basic EPS": 0.54,
        "Diluted NI Availto Com Stockholders": NaN,
        "Net Income Common Stockholders": NaN,
        "Preferred Stock Dividends": NaN,
        "Net Income": NaN,
        "Minority Interests": NaN,
        "Net Income Including Noncontrolling Interests": NaN,
        "Net Income Discontinuous Operations": NaN,
        "Net Income Continuous Operations": NaN,
        "Tax Provision": NaN,
        "Pretax Income": NaN,
        "Other Income Expense": NaN,
        "Other Non Operating Income Expenses": NaN,
        "Special Income Charges": 0.0,
        "Impairment Of Capital Assets": 0.0,
        "Gain On Sale Of Security": NaN,
        "Net Non Operating Interest Income Expense": NaN,
        "Interest Expense Non Operating": NaN,
        "Interest Income Non Operating": NaN,
        "Operating Income": NaN,
        "Operating Expense": NaN,
        "Other Operating Expenses": NaN,
        "Selling General And Administration": NaN,
        "Gross Profit": NaN,
        "Cost Of Revenue": NaN,
        "Total Revenue": NaN,
        "Operating Revenue": NaN
    },
    "2023-12-31": {
        "Tax Effect Of Unusual Items": NaN,
        "Tax Rate For Calcs": NaN,
        "Normalized EBITDA": NaN,
        "Total Unusual Items": NaN,
        "Total Unusual Items Excluding Goodwill": NaN,
        "Net Income From Continuing Operation Net Minority Interest": NaN,
        "Reconciled Depreciation": NaN,
        "Reconciled Cost Of Revenue": NaN,
        "EBITDA": NaN,
        "EBIT": NaN,
        "Net Interest Income": NaN,
        "Interest Expense": NaN,
        "Interest Income": NaN,
        "Normalized Income": NaN,
        "Net Income From Continuing And Discontinued Operation": NaN,
        "Total Expenses": NaN,
        "Total Operating Income As Reported": NaN,
        "Diluted Average Shares": NaN,
        "Basic Average Shares": NaN,
        "Diluted EPS": NaN,
        "Basic EPS": NaN,
        "Diluted NI Availto Com Stockholders": NaN,
        "Net Income Common Stockholders": NaN,
        "Preferred Stock Dividends": 0.0,
        "Net Income": NaN,
        "Minority Interests": NaN,
        "Net Income Including Noncontrolling Interests": NaN,
        "Net Income Discontinuous Operations": NaN,
        "Net Income Continuous Operations": NaN,
        "Tax Provision": NaN,
        "Pretax Income": NaN,
        "Other Income Expense": NaN,
        "Other Non Operating Income Expenses": NaN,
        "Special Income Charges": NaN,
        "Impairment Of Capital Assets": NaN,
        "Gain On Sale Of Security": NaN,
        "Net Non Operating Interest Income Expense": NaN,
        "Interest Expense Non Operating": NaN,
        "Interest Income Non Operating": NaN,
        "Operating Income": NaN,
        "Operating Expense": NaN,
        "Other Operating Expenses": NaN,
        "Selling General And Administration": NaN,
        "Gross Profit": NaN,
        "Cost Of Revenue": NaN,
        "Total Revenue": NaN,
        "Operating Revenue": NaN
    },
    "2024-03-31": {
        "Tax Effect Of Unusual Items": NaN,
        "Tax Rate For Calcs": NaN,
        "Normalized EBITDA": NaN,
        "Total Unusual Items": NaN,
        "Total Unusual Items Excluding Goodwill": NaN,
        "Net Income From Continuing Operation Net Minority Interest": NaN,
        "Reconciled Depreciation": NaN,
        "Reconciled Cost Of Revenue": NaN,
        "EBITDA": NaN,
        "EBIT": NaN,
        "Net Interest Income": NaN,
        "Interest Expense": NaN,
        "Interest Income": NaN,
        "Normalized Income": NaN,
        "Net Income From Continuing And Discontinued Operation": NaN,
        "Total Expenses": NaN,
        "Total Operating Income As Reported": NaN,
        "Diluted Average Shares": 27298000.0,
        "Basic Average Shares": 26790000.0,
        "Diluted EPS": 0.3,
        "Basic EPS": 0.3,
        "Diluted NI Availto Com Stockholders": NaN,
        "Net Income Common Stockholders": NaN,
        "Preferred Stock Dividends": NaN,
        "Net Income": NaN,
        "Minority Interests": NaN,
        "Net Income Including Noncontrolling Interests": NaN,
        "Net Income Discontinuous Operations": NaN,
        "Net Income Continuous Operations": NaN,
        "Tax Provision": NaN,
        "Pretax Income": NaN,
        "Other Income Expense": NaN,
        "Other Non Operating Income Expenses": NaN,
        "Special Income Charges": NaN,
        "Impairment Of Capital Assets": NaN,
        "Gain On Sale Of Security": NaN,
        "Net Non Operating Interest Income Expense": NaN,
        "Interest Expense Non Operating": NaN,
        "Interest Income Non Operating": NaN,
        "Operating Income": NaN,
        "Operating Expense": NaN,
        "Other Operating Expenses": NaN,
        "Selling General And Administration": NaN,
        "Gross Profit": NaN,
        "Cost Of Revenue": NaN,
        "Total Revenue": NaN,
        "Operating Revenue": NaN
    },
    "2024-06-30": {
        "Tax Effect Of Unusual Items": -2137.899121,
        "Tax Rate For Calcs": 0.267237,
        "Normalized EBITDA": 13501000.0,
        "Total Unusual Items": -8000.0,
        "Total Unusual Items Excluding Goodwill": -8000.0,
        "Net Income From Continuing Operation Net Minority Interest": 9757000.0,
        "Reconciled Depreciation": 196000.0,
        "Reconciled Cost Of Revenue": 57360000.0,
        "EBITDA": 13493000.0,
        "EBIT": 13297000.0,
        "Net Interest Income": 1031000.0,
        "Interest Expense": 331000.0,
        "Interest Income": 1362000.0,
        "Normalized Income": 9762862.100879,
        "Net Income From Continuing And Discontinued Operation": 9612000.0,
        "Total Expenses": 80015000.0,
        "Total Operating Income As Reported": 10563000.0,
        "Diluted Average Shares": 27033000.0,
        "Basic Average Shares": 26569000.0,
        "Diluted EPS": 0.36,
        "Basic EPS": 0.36,
        "Diluted NI Availto Com Stockholders": 9612000.0,
        "Net Income Common Stockholders": 9612000.0,
        "Preferred Stock Dividends": NaN,
        "Net Income": 9612000.0,
        "Minority Interests": 256000.0,
        "Net Income Including Noncontrolling Interests": 9356000.0,
        "Net Income Discontinuous Operations": -145000.0,
        "Net Income Continuous Operations": 9501000.0,
        "Tax Provision": 3465000.0,
        "Pretax Income": 12966000.0,
        "Other Income Expense": 1254000.0,
        "Other Non Operating Income Expenses": 1262000.0,
        "Special Income Charges": -118000.0,
        "Impairment Of Capital Assets": 118000.0,
        "Gain On Sale Of Security": 110000.0,
        "Net Non Operating Interest Income Expense": 1031000.0,
        "Interest Expense Non Operating": 331000.0,
        "Interest Income Non Operating": 1362000.0,
        "Operating Income": 10681000.0,
        "Operating Expense": 22655000.0,
        "Other Operating Expenses": 640000.0,
        "Selling General And Administration": 22015000.0,
        "Gross Profit": 33336000.0,
        "Cost Of Revenue": 57360000.0,
        "Total Revenue": 90696000.0,
        "Operating Revenue": 86715000.0
    },
    "2024-09-30": {
        "Tax Effect Of Unusual Items": 11634.0,
        "Tax Rate For Calcs": 0.277,
        "Normalized EBITDA": 14389000.0,
        "Total Unusual Items": 42000.0,
        "Total Unusual Items Excluding Goodwill": 42000.0,
        "Net Income From Continuing Operation Net Minority Interest": 10224000.0,
        "Reconciled Depreciation": 231000.0,
        "Reconciled Cost Of Revenue": 74010000.0,
        "EBITDA": 14431000.0,
        "EBIT": 14200000.0,
        "Net Interest Income": 2324000.0,
        "Interest Expense": 22000.0,
        "Interest Income": 2346000.0,
        "Normalized Income": 10193634.0,
        "Net Income From Continuing And Discontinued Operation": 10199000.0,
        "Total Expenses": 100161000.0,
        "Total Operating Income As Reported": 11676000.0,
        "Diluted Average Shares": 26868000.0,
        "Basic Average Shares": 26526000.0,
        "Diluted EPS": 0.38,
        "Basic EPS": 0.38,
        "Diluted NI Availto Com Stockholders": 10199000.0,
        "Net Income Common Stockholders": 10199000.0,
        "Preferred Stock Dividends": NaN,
        "Net Income": 10199000.0,
        "Minority Interests": -30000.0,
        "Net Income Including Noncontrolling Interests": 10229000.0,
        "Net Income Discontinuous Operations": -25000.0,
        "Net Income Continuous Operations": 10254000.0,
        "Tax Provision": 3924000.0,
        "Pretax Income": 14178000.0,
        "Other Income Expense": 98000.0,
        "Other Non Operating Income Expenses": 56000.0,
        "Special Income Charges": -80000.0,
        "Impairment Of Capital Assets": 80000.0,
        "Gain On Sale Of Security": 122000.0,
        "Net Non Operating Interest Income Expense": 2324000.0,
        "Interest Expense Non Operating": 22000.0,
        "Interest Income Non Operating": 2346000.0,
        "Operating Income": 11756000.0,
        "Operating Expense": 26151000.0,
        "Other Operating Expenses": 991000.0,
        "Selling General And Administration": 25160000.0,
        "Gross Profit": 37907000.0,
        "Cost Of Revenue": 74010000.0,
        "Total Revenue": 111917000.0,
        "Operating Revenue": 105749000.0
    },
    "2024-12-31": {
        "Tax Effect Of Unusual Items": 4845.778088,
        "Tax Rate For Calcs": 0.302861,
        "Normalized EBITDA": -18328000.0,
        "Total Unusual Items": 16000.0,
        "Total Unusual Items Excluding Goodwill": 16000.0,
        "Net Income From Continuing Operation Net Minority Interest": -12873000.0,
        "Reconciled Depreciation": 238000.0,
        "Reconciled Cost Of Revenue": 69448000.0,
        "EBITDA": -18312000.0,
        "EBIT": -18550000.0,
        "Net Interest Income": 1944000.0,
        "Interest Expense": 79000.0,
        "Interest Income": 2023000.0,
        "Normalized Income": -12884154.221912,
        "Net Income From Continuing And Discontinued Operation": -15345000.0,
        "Total Expenses": 123713000.0,
        "Total Operating Income As Reported": -20797000.0,
        "Diluted Average Shares": NaN,
        "Basic Average Shares": NaN,
        "Diluted EPS": NaN,
        "Basic EPS": NaN,
        "Diluted NI Availto Com Stockholders": -15345000.0,
        "Net Income Common Stockholders": -15345000.0,
        "Preferred Stock Dividends": NaN,
        "Net Income": -15345000.0,
        "Minority Interests": 114000.0,
        "Net Income Including Noncontrolling Interests": -15459000.0,
        "Net Income Discontinuous Operations": -2472000.0,
        "Net Income Continuous Operations": -12987000.0,
        "Tax Provision": -5642000.0,
        "Pretax Income": -18629000.0,
        "Other Income Expense": 238000.0,
        "Other Non Operating Income Expenses": 222000.0,
        "Special Income Charges": 14000.0,
        "Impairment Of Capital Assets": NaN,
        "Gain On Sale Of Security": 2000.0,
        "Net Non Operating Interest Income Expense": 1944000.0,
        "Interest Expense Non Operating": 79000.0,
        "Interest Income Non Operating": 2023000.0,
        "Operating Income": -20811000.0,
        "Operating Expense": 54265000.0,
        "Other Operating Expenses": 30945000.0,
        "Selling General And Administration": 23320000.0,
        "Gross Profit": 33454000.0,
        "Cost Of Revenue": 69448000.0,
        "Total Revenue": 102902000.0,
        "Operating Revenue": 98358000.0
    },
    "2025-03-31": {
        "Tax Effect Of Unusual Items": 49728.0,
        "Tax Rate For Calcs": 0.296,
        "Normalized EBITDA": 15041000.0,
        "Total Unusual Items": 168000.0,
        "Total Unusual Items Excluding Goodwill": 168000.0,
        "Net Income From Continuing Operation Net Minority Interest": 10734000.0,
        "Reconciled Depreciation": 235000.0,
        "Reconciled Cost Of Revenue": 99444000.0,
        "EBITDA": 15209000.0,
        "EBIT": 14974000.0,
        "Net Interest Income": 1792000.0,
        "Interest Expense": 189000.0,
        "Interest Income": 1981000.0,
        "Normalized Income": 10615728.0,
        "Net Income From Continuing And Discontinued Operation": 10630000.0,
        "Total Expenses": 123976000.0,
        "Total Operating Income As Reported": 12831000.0,
        "Diluted Average Shares": 26612000.0,
        "Basic Average Shares": 26338000.0,
        "Diluted EPS": 0.4,
        "Basic EPS": 0.4,
        "Diluted NI Availto Com Stockholders": 10630000.0,
        "Net Income Common Stockholders": 10630000.0,
        "Preferred Stock Dividends": NaN,
        "Net Income": 10630000.0,
        "Minority Interests": 329000.0,
        "Net Income Including Noncontrolling Interests": 10301000.0,
        "Net Income Discontinuous Operations": -104000.0,
        "Net Income Continuous Operations": 10405000.0,
        "Tax Provision": 4380000.0,
        "Pretax Income": 14785000.0,
        "Other Income Expense": 162000.0,
        "Other Non Operating Income Expenses": -6000.0,
        "Special Income Charges": NaN,
        "Impairment Of Capital Assets": NaN,
        "Gain On Sale Of Security": 168000.0,
        "Net Non Operating Interest Income Expense": 1792000.0,
        "Interest Expense Non Operating": 189000.0,
        "Interest Income Non Operating": 1981000.0,
        "Operating Income": 12831000.0,
        "Operating Expense": 24532000.0,
        "Other Operating Expenses": 645000.0,
        "Selling General And Administration": 23887000.0,
        "Gross Profit": 37363000.0,
        "Cost Of Revenue": 99444000.0,
        "Total Revenue": 136807000.0,
        "Operating Revenue": 132472000.0
    },
    "2025-06-30": {
        "Tax Effect Of Unusual Items": 130066.683765,
        "Tax Rate For Calcs": 0.276738,
        "Normalized EBITDA": 3820000.0,
        "Total Unusual Items": 470000.0,
        "Total Unusual Items Excluding Goodwill": 470000.0,
        "Net Income From Continuing Operation Net Minority Interest": 2775000.0,
        "Reconciled Depreciation": 235000.0,
        "Reconciled Cost Of Revenue": 81771000.0,
        "EBITDA": 4290000.0,
        "EBIT": 4055000.0,
        "Net Interest Income": 1842000.0,
        "Interest Expense": 156000.0,
        "Interest Income": 1998000.0,
        "Normalized Income": 2435066.683765,
        "Net Income From Continuing And Discontinued Operation": 2822000.0,
        "Total Expenses": 103213000.0,
        "Total Operating Income As Reported": 2003000.0,
        "Diluted Average Shares": 26516000.0,
        "Basic Average Shares": 26173000.0,
        "Diluted EPS": 0.11,
        "Basic EPS": 0.11,
        "Diluted NI Availto Com Stockholders": 2822000.0,
        "Net Income Common Stockholders": 2822000.0,
        "Preferred Stock Dividends": NaN,
        "Net Income": 2822000.0,
        "Minority Interests": -45000.0,
        "Net Income Including Noncontrolling Interests": 2867000.0,
        "Net Income Discontinuous Operations": 47000.0,
        "Net Income Continuous Operations": 2820000.0,
        "Tax Provision": 1079000.0,
        "Pretax Income": 3899000.0,
        "Other Income Expense": 19000.0,
        "Other Non Operating Income Expenses": -451000.0,
        "Special Income Charges": -35000.0,
        "Impairment Of Capital Assets": 35000.0,
        "Gain On Sale Of Security": 505000.0,
        "Net Non Operating Interest Income Expense": 1842000.0,
        "Interest Expense Non Operating": 156000.0,
        "Interest Income Non Operating": 1998000.0,
        "Operating Income": 2038000.0,
        "Operating Expense": 21442000.0,
        "Other Operating Expenses": 265000.0,
        "Selling General And Administration": 21177000.0,
        "Gross Profit": 23480000.0,
        "Cost Of Revenue": 81771000.0,
        "Total Revenue": 105251000.0,
        "Operating Revenue": 98992000.0
    }
}