{
    "2023-03-31": {
        "Tax Effect Of Unusual Items": NaN,
        "Tax Rate For Calcs": NaN,
        "Normalized EBITDA": NaN,
        "Total Unusual Items": NaN,
        "Total Unusual Items Excluding Goodwill": NaN,
        "Net Income From Continuing Operation Net Minority Interest": NaN,
        "Reconciled Depreciation": NaN,
        "Reconciled Cost Of Revenue": NaN,
        "EBITDA": NaN,
        "EBIT": NaN,
        "Net Interest Income": NaN,
        "Interest Expense": NaN,
        "Interest Income": NaN,
        "Normalized Income": NaN,
        "Net Income From Continuing And Discontinued Operation": NaN,
        "Total Expenses": NaN,
        "Rent Expense Supplemental": NaN,
        "Total Operating Income As Reported": NaN,
        "Diluted Average Shares": NaN,
        "Basic Average Shares": NaN,
        "Diluted EPS": NaN,
        "Basic EPS": NaN,
        "Diluted NI Availto Com Stockholders": NaN,
        "Net Income Common Stockholders": NaN,
        "Net Income": NaN,
        "Minority Interests": NaN,
        "Net Income Including Noncontrolling Interests": NaN,
        "Net Income Continuous Operations": NaN,
        "Pretax Income": NaN,
        "Other Income Expense": NaN,
        "Other Non Operating Income Expenses": NaN,
        "Special Income Charges": NaN,
        "Gain On Sale Of Ppe": 0.0,
        "Impairment Of Capital Assets": NaN,
        "Net Non Operating Interest Income Expense": NaN,
        "Interest Expense Non Operating": NaN,
        "Interest Income Non Operating": NaN,
        "Operating Income": NaN,
        "Operating Expense": NaN,
        "Other Operating Expenses": NaN,
        "Selling General And Administration": NaN,
        "General And Administrative Expense": NaN,
        "Other Gand A": NaN,
        "Gross Profit": NaN,
        "Cost Of Revenue": NaN,
        "Total Revenue": NaN,
        "Operating Revenue": NaN
    },
    "2022-12-31": {
        "Tax Effect Of Unusual Items": NaN,
        "Tax Rate For Calcs": NaN,
        "Normalized EBITDA": NaN,
        "Total Unusual Items": NaN,
        "Total Unusual Items Excluding Goodwill": NaN,
        "Net Income From Continuing Operation Net Minority Interest": NaN,
        "Reconciled Depreciation": NaN,
        "Reconciled Cost Of Revenue": NaN,
        "EBITDA": NaN,
        "EBIT": NaN,
        "Net Interest Income": NaN,
        "Interest Expense": NaN,
        "Interest Income": NaN,
        "Normalized Income": NaN,
        "Net Income From Continuing And Discontinued Operation": NaN,
        "Total Expenses": NaN,
        "Rent Expense Supplemental": NaN,
        "Total Operating Income As Reported": NaN,
        "Diluted Average Shares": NaN,
        "Basic Average Shares": NaN,
        "Diluted EPS": NaN,
        "Basic EPS": NaN,
        "Diluted NI Availto Com Stockholders": NaN,
        "Net Income Common Stockholders": NaN,
        "Net Income": NaN,
        "Minority Interests": NaN,
        "Net Income Including Noncontrolling Interests": NaN,
        "Net Income Continuous Operations": NaN,
        "Pretax Income": NaN,
        "Other Income Expense": NaN,
        "Other Non Operating Income Expenses": NaN,
        "Special Income Charges": NaN,
        "Gain On Sale Of Ppe": 0.0,
        "Impairment Of Capital Assets": NaN,
        "Net Non Operating Interest Income Expense": NaN,
        "Interest Expense Non Operating": NaN,
        "Interest Income Non Operating": NaN,
        "Operating Income": NaN,
        "Operating Expense": NaN,
        "Other Operating Expenses": NaN,
        "Selling General And Administration": NaN,
        "General And Administrative Expense": NaN,
        "Other Gand A": NaN,
        "Gross Profit": NaN,
        "Cost Of Revenue": NaN,
        "Total Revenue": NaN,
        "Operating Revenue": NaN
    },
    "2022-09-30": {
        "Tax Effect Of Unusual Items": NaN,
        "Tax Rate For Calcs": NaN,
        "Normalized EBITDA": NaN,
        "Total Unusual Items": NaN,
        "Total Unusual Items Excluding Goodwill": NaN,
        "Net Income From Continuing Operation Net Minority Interest": NaN,
        "Reconciled Depreciation": NaN,
        "Reconciled Cost Of Revenue": NaN,
        "EBITDA": NaN,
        "EBIT": NaN,
        "Net Interest Income": NaN,
        "Interest Expense": NaN,
        "Interest Income": NaN,
        "Normalized Income": NaN,
        "Net Income From Continuing And Discontinued Operation": NaN,
        "Total Expenses": NaN,
        "Rent Expense Supplemental": NaN,
        "Total Operating Income As Reported": NaN,
        "Diluted Average Shares": NaN,
        "Basic Average Shares": NaN,
        "Diluted EPS": NaN,
        "Basic EPS": NaN,
        "Diluted NI Availto Com Stockholders": NaN,
        "Net Income Common Stockholders": NaN,
        "Net Income": NaN,
        "Minority Interests": NaN,
        "Net Income Including Noncontrolling Interests": NaN,
        "Net Income Continuous Operations": NaN,
        "Pretax Income": NaN,
        "Other Income Expense": NaN,
        "Other Non Operating Income Expenses": NaN,
        "Special Income Charges": NaN,
        "Gain On Sale Of Ppe": 0.0,
        "Impairment Of Capital Assets": 0.0,
        "Net Non Operating Interest Income Expense": NaN,
        "Interest Expense Non Operating": NaN,
        "Interest Income Non Operating": NaN,
        "Operating Income": NaN,
        "Operating Expense": NaN,
        "Other Operating Expenses": NaN,
        "Selling General And Administration": NaN,
        "General And Administrative Expense": NaN,
        "Other Gand A": NaN,
        "Gross Profit": NaN,
        "Cost Of Revenue": NaN,
        "Total Revenue": NaN,
        "Operating Revenue": NaN
    },
    "2022-06-30": {
        "Tax Effect Of Unusual Items": 0.0,
        "Tax Rate For Calcs": 0.4,
        "Normalized EBITDA": 64904000.0,
        "Total Unusual Items": 0.0,
        "Total Unusual Items Excluding Goodwill": 0.0,
        "Net Income From Continuing Operation Net Minority Interest": 47382000.0,
        "Reconciled Depreciation": 14874000.0,
        "Reconciled Cost Of Revenue": 81488000.0,
        "EBITDA": 64904000.0,
        "EBIT": 50030000.0,
        "Net Interest Income": -2337000.0,
        "Interest Expense": 2405000.0,
        "Interest Income": 68000.0,
        "Normalized Income": 47382000.0,
        "Net Income From Continuing And Discontinued Operation": 47382000.0,
        "Total Expenses": 88569000.0,
        "Rent Expense Supplemental": 5044000.0,
        "Total Operating Income As Reported": 49195000.0,
        "Diluted Average Shares": 42996676.0,
        "Basic Average Shares": 42385423.0,
        "Diluted EPS": 1.1,
        "Basic EPS": 1.12,
        "Diluted NI Availto Com Stockholders": 47382000.0,
        "Net Income Common Stockholders": 47382000.0,
        "Net Income": 47382000.0,
        "Minority Interests": -243000.0,
        "Net Income Including Noncontrolling Interests": 47625000.0,
        "Net Income Continuous Operations": 47625000.0,
        "Pretax Income": 47625000.0,
        "Other Income Expense": 767000.0,
        "Other Non Operating Income Expenses": 767000.0,
        "Special Income Charges": 0.0,
        "Gain On Sale Of Ppe": 0.0,
        "Net Non Operating Interest Income Expense": -2337000.0,
        "Interest Expense Non Operating": 2405000.0,
        "Interest Income Non Operating": 68000.0,
        "Operating Income": 49195000.0,
        "Operating Expense": 7081000.0,
        "Other Operating Expenses": 700000.0,
        "Selling General And Administration": 6381000.0,
        "General And Administrative Expense": 6381000.0,
        "Other Gand A": 6381000.0,
        "Gross Profit": 56276000.0,
        "Cost Of Revenue": 81488000.0,
        "Total Revenue": 137764000.0,
        "Operating Revenue": 137764000.0
    },
    "2022-03-31": {
        "Diluted EPS": 0.97,
        "Total Revenue": 136,
        "Gross Profit": 63,
        "Operating Income": 42,
        "EBIT": 57,
        "Net Income": 42
    },
    "2021-12-31": {
        "Diluted EPS": 2.13,
        "Total Revenue": 183,
        "Gross Profit": 110,
        "Operating Income": 93,
        "EBIT": 107,
        "Net Income": 91
    },
    "2021-09-30": {
        "Diluted EPS": 1.34,
        "Total Revenue": 155,
        "Gross Profit": 87,
        "Operating Income": 65,
        "EBIT": 79,
        "Net Income": 57
    },
    "2021-06-30": {
        "Diluted EPS": 0.75,
        "Total Revenue": 121,
        "Gross Profit": 57,
        "Operating Income": 36,
        "EBIT": 52,
        "Net Income": 32
    },
    "2021-03-31": {
        "Diluted EPS": 0.05,
        "Total Revenue": 88,
        "Gross Profit": 28,
        "Operating Income": 6,
        "EBIT": 21,
        "Net Income": 2
    },
    "2020-12-31": {
        "Diluted EPS": -1.58,
        "Total Revenue": 95,
        "Gross Profit": 36,
        "Operating Income": -61,
        "EBIT": -44,
        "Net Income": -66
    },
    "2020-09-30": {
        "Diluted EPS": -0.5,
        "Total Revenue": 88,
        "Gross Profit": 30,
        "Operating Income": -16,
        "EBIT": 2,
        "Net Income": -21
    },
    "2020-06-30": {
        "Diluted EPS": -0.43,
        "Total Revenue": 74,
        "Gross Profit": 10,
        "Operating Income": -13,
        "EBIT": 4,
        "Net Income": -18
    },
    "2020-03-31": {
        "Diluted EPS": -2.87,
        "Total Revenue": 98,
        "Gross Profit": 25,
        "Operating Income": -113,
        "EBIT": -94,
        "Net Income": -120
    },
    "2019-12-31": {
        "Diluted EPS": 0.03,
        "Total Revenue": 109,
        "Gross Profit": 36,
        "Operating Income": 8,
        "EBIT": 27,
        "Net Income": 1
    },
    "2019-09-30": {
        "Diluted EPS": -0.35,
        "Total Revenue": 104,
        "Gross Profit": 31,
        "Operating Income": -8,
        "EBIT": 12,
        "Net Income": -15
    },
    "2019-06-30": {
        "Diluted EPS": -0.83,
        "Total Revenue": 84,
        "Gross Profit": 13,
        "Operating Income": -27,
        "EBIT": -8,
        "Net Income": -34
    },
    "2019-03-31": {
        "Diluted EPS": -0.19,
        "Total Revenue": 93,
        "Gross Profit": 25,
        "Operating Income": -1,
        "EBIT": 19,
        "Net Income": -8
    },
    "2018-12-31": {
        "Diluted EPS": 0.64,
        "Total Revenue": 112,
        "Gross Profit": 51,
        "Operating Income": 26,
        "EBIT": 46,
        "Net Income": 18
    },
    "2018-09-30": {
        "Diluted EPS": 0.14,
        "Total Revenue": 92,
        "Gross Profit": 35,
        "Operating Income": 12,
        "EBIT": 31,
        "Net Income": 6
    },
    "2018-06-30": {
        "Diluted EPS": -0.03,
        "Total Revenue": 86,
        "Gross Profit": 36,
        "Operating Income": 11,
        "EBIT": 29,
        "Net Income": -1
    },
    "2018-03-31": {
        "Diluted EPS": -1.61,
        "Total Revenue": 77,
        "Gross Profit": 32,
        "Operating Income": -48,
        "EBIT": -30,
        "Net Income": -56
    },
    "2017-12-31": {
        "Diluted EPS": 0.08,
        "Total Revenue": 75,
        "Gross Profit": 35,
        "Operating Income": 10,
        "EBIT": 29,
        "Net Income": 3
    },
    "2017-09-30": {
        "Diluted EPS": -0.9,
        "Total Revenue": 51,
        "Gross Profit": 20,
        "Operating Income": -24,
        "EBIT": -4,
        "Net Income": -31
    },
    "2017-06-30": {
        "Diluted EPS": -0.42,
        "Total Revenue": 45,
        "Gross Profit": 21,
        "Operating Income": -7,
        "EBIT": 13,
        "Net Income": -15
    },
    "2017-03-31": {
        "Diluted EPS": -0.47,
        "Total Revenue": 38,
        "Gross Profit": 10,
        "Operating Income": -9,
        "EBIT": 11,
        "Net Income": -16
    },
    "2016-12-31": {
        "Diluted EPS": -3.36,
        "Total Revenue": 44,
        "Gross Profit": 12,
        "Operating Income": -19,
        "EBIT": 6,
        "Net Income": -25
    },
    "2016-09-30": {
        "Diluted EPS": -3.8,
        "Total Revenue": 39,
        "Gross Profit": 8,
        "Operating Income": -20,
        "EBIT": 2,
        "Net Income": -28
    },
    "2016-06-30": {
        "Diluted EPS": -15.32,
        "Total Revenue": 32,
        "Gross Profit": 0,
        "Operating Income": -101,
        "EBIT": -75,
        "Net Income": -111
    },
    "2016-03-31": {
        "Diluted EPS": -7.55,
        "Total Revenue": 21,
        "Gross Profit": -12,
        "Operating Income": -47,
        "EBIT": -20,
        "Net Income": -54
    },
    "2015-12-31": {
        "Diluted EPS": -7.0,
        "Total Revenue": 35,
        "Gross Profit": -2,
        "Operating Income": -38,
        "EBIT": -11,
        "Net Income": -49
    },
    "2015-09-30": {
        "Diluted EPS": -9.54,
        "Total Revenue": 50,
        "Gross Profit": 12,
        "Operating Income": -35,
        "EBIT": -3,
        "Net Income": -67
    },
    "2015-06-30": {
        "Diluted EPS": -6.67,
        "Total Revenue": 35,
        "Gross Profit": 1,
        "Operating Income": -46,
        "EBIT": -14,
        "Net Income": -40
    },
    "2015-03-31": {
        "Diluted EPS": -6.4,
        "Total Revenue": 34,
        "Gross Profit": 1,
        "Operating Income": -74,
        "EBIT": -42,
        "Net Income": -38
    },
    "2014-12-31": {
        "Diluted EPS": -20.68,
        "Total Revenue": 56,
        "Gross Profit": 21,
        "Operating Income": -186,
        "EBIT": 13,
        "Net Income": -164
    },
    "2014-09-30": {
        "Diluted EPS": -144.2,
        "Total Revenue": 49,
        "Gross Profit": 16,
        "Operating Income": -26,
        "EBIT": 5,
        "Net Income": -870
    },
    "2014-06-30": {
        "Diluted EPS": -13.9,
        "Total Revenue": 52,
        "Gross Profit": 20,
        "Operating Income": -27,
        "EBIT": 14,
        "Net Income": -61
    },
    "2014-03-31": {
        "Diluted EPS": -9.0,
        "Total Revenue": 64,
        "Gross Profit": 31,
        "Operating Income": -21,
        "EBIT": 20,
        "Net Income": -39
    },
    "2013-12-31": {
        "Diluted EPS": -4.4,
        "Total Revenue": 82,
        "Gross Profit": 50,
        "Operating Income": 4,
        "EBIT": 45,
        "Net Income": -19
    },
    "2013-09-30": {
        "Diluted EPS": -8.1,
        "Total Revenue": 59,
        "Gross Profit": 30,
        "Operating Income": -13,
        "EBIT": 27,
        "Net Income": -35
    },
    "2013-06-30": {
        "Diluted EPS": -10.5,
        "Total Revenue": 46,
        "Gross Profit": 16,
        "Operating Income": -27,
        "EBIT": 12,
        "Net Income": -45
    },
    "2013-03-31": {
        "Diluted EPS": -11.2,
        "Total Revenue": 40,
        "Gross Profit": 12,
        "Operating Income": -30,
        "EBIT": 8,
        "Net Income": -48
    },
    "2012-12-31": {
        "Diluted EPS": -10.5,
        "Total Revenue": 49,
        "Gross Profit": 19,
        "Operating Income": -26,
        "EBIT": 13,
        "Net Income": -46
    },
    "2012-09-30": {
        "Diluted EPS": -9.0,
        "Total Revenue": 54,
        "Gross Profit": 23,
        "Operating Income": -20,
        "EBIT": 19,
        "Net Income": -38
    },
    "2012-06-30": {
        "Diluted EPS": -6.5,
        "Total Revenue": 63,
        "Gross Profit": 32,
        "Operating Income": -10,
        "EBIT": 27,
        "Net Income": -28
    },
    "2012-03-31": {
        "Diluted EPS": -8.7,
        "Total Revenue": 60,
        "Gross Profit": 31,
        "Operating Income": -13,
        "EBIT": 25,
        "Net Income": -33
    },
    "2011-12-31": {
        "Diluted EPS": 0.1,
        "Total Revenue": 97,
        "Gross Profit": 66,
        "Operating Income": 24,
        "EBIT": 62,
        "Net Income": 0
    },
    "2011-09-30": {
        "Diluted EPS": 0.4,
        "Total Revenue": 94,
        "Gross Profit": 66,
        "Operating Income": 23,
        "EBIT": 61,
        "Net Income": 2
    },
    "2011-06-30": {
        "Diluted EPS": 2.9,
        "Total Revenue": 99,
        "Gross Profit": 74,
        "Operating Income": 32,
        "EBIT": 69,
        "Net Income": 10
    },
    "2011-03-31": {
        "Diluted EPS": 3.8,
        "Total Revenue": 101,
        "Gross Profit": 76,
        "Operating Income": 34,
        "EBIT": 71,
        "Net Income": 13
    },
    "2010-12-31": {
        "Diluted EPS": 8.6,
        "Total Revenue": 131,
        "Gross Profit": 103,
        "Operating Income": 60,
        "EBIT": 98,
        "Net Income": 35
    },
    "2010-09-30": {
        "Diluted EPS": 9.9,
        "Total Revenue": 118,
        "Gross Profit": 95,
        "Operating Income": 58,
        "EBIT": 90,
        "Net Income": 36
    },
    "2010-06-30": {
        "Diluted EPS": 11.6,
        "Total Revenue": 105,
        "Gross Profit": 88,
        "Operating Income": 55,
        "EBIT": 82,
        "Net Income": 37
    },
    "2010-03-31": {
        "Diluted EPS": 10.6,
        "Total Revenue": 95,
        "Gross Profit": 79,
        "Operating Income": 48,
        "EBIT": 73,
        "Net Income": 33
    },
    "2009-12-31": {
        "Diluted EPS": 11.2,
        "Total Revenue": 96,
        "Gross Profit": 80,
        "Operating Income": 52,
        "EBIT": 72,
        "Net Income": 35
    },
    "2009-09-30": {
        "Diluted EPS": 10.9,
        "Total Revenue": 93,
        "Gross Profit": 77,
        "Operating Income": 50,
        "EBIT": 69,
        "Net Income": 34
    },
    "2009-06-30": {
        "Diluted EPS": 12.0,
        "Total Revenue": 94,
        "Gross Profit": 79,
        "Operating Income": 53,
        "EBIT": 71,
        "Net Income": 38
    },
    "2009-03-31": {
        "Diluted EPS": 13.2,
        "Total Revenue": 97,
        "Gross Profit": 81,
        "Operating Income": 55,
        "EBIT": 73,
        "Net Income": 41
    },
    "2023-06-30": {
        "Tax Effect Of Unusual Items": NaN,
        "Tax Rate For Calcs": NaN,
        "Normalized EBITDA": NaN,
        "Total Unusual Items": NaN,
        "Total Unusual Items Excluding Goodwill": NaN,
        "Net Income From Continuing Operation Net Minority Interest": NaN,
        "Reconciled Depreciation": NaN,
        "Reconciled Cost Of Revenue": NaN,
        "EBITDA": NaN,
        "EBIT": NaN,
        "Net Interest Income": NaN,
        "Interest Expense": NaN,
        "Interest Income": NaN,
        "Normalized Income": NaN,
        "Net Income From Continuing And Discontinued Operation": NaN,
        "Total Expenses": NaN,
        "Rent Expense Supplemental": NaN,
        "Total Operating Income As Reported": NaN,
        "Diluted Average Shares": NaN,
        "Basic Average Shares": NaN,
        "Diluted EPS": NaN,
        "Basic EPS": NaN,
        "Diluted NI Availto Com Stockholders": NaN,
        "Net Income Common Stockholders": NaN,
        "Net Income": NaN,
        "Minority Interests": NaN,
        "Net Income Including Noncontrolling Interests": NaN,
        "Net Income Continuous Operations": NaN,
        "Pretax Income": NaN,
        "Other Income Expense": NaN,
        "Other Non Operating Income Expenses": NaN,
        "Special Income Charges": NaN,
        "Gain On Sale Of Ppe": 0.0,
        "Impairment Of Capital Assets": 0.0,
        "Net Non Operating Interest Income Expense": NaN,
        "Interest Expense Non Operating": NaN,
        "Interest Income Non Operating": NaN,
        "Operating Income": NaN,
        "Operating Expense": NaN,
        "Other Operating Expenses": NaN,
        "Selling General And Administration": NaN,
        "General And Administrative Expense": NaN,
        "Other Gand A": NaN,
        "Gross Profit": NaN,
        "Cost Of Revenue": NaN,
        "Total Revenue": NaN,
        "Operating Revenue": NaN
    },
    "2023-09-30": {
        "Tax Effect Of Unusual Items": NaN,
        "Tax Rate For Calcs": NaN,
        "Normalized EBITDA": NaN,
        "Total Unusual Items": NaN,
        "Total Unusual Items Excluding Goodwill": NaN,
        "Net Income From Continuing Operation Net Minority Interest": NaN,
        "Reconciled Depreciation": NaN,
        "Reconciled Cost Of Revenue": NaN,
        "EBITDA": NaN,
        "EBIT": NaN,
        "Net Interest Income": NaN,
        "Interest Expense": NaN,
        "Interest Income": NaN,
        "Normalized Income": NaN,
        "Net Income From Continuing And Discontinued Operation": NaN,
        "Total Expenses": NaN,
        "Rent Expense Supplemental": NaN,
        "Total Operating Income As Reported": NaN,
        "Diluted Average Shares": NaN,
        "Basic Average Shares": NaN,
        "Diluted EPS": NaN,
        "Basic EPS": NaN,
        "Diluted NI Availto Com Stockholders": NaN,
        "Net Income Common Stockholders": NaN,
        "Net Income": NaN,
        "Minority Interests": NaN,
        "Net Income Including Noncontrolling Interests": NaN,
        "Net Income Continuous Operations": NaN,
        "Pretax Income": NaN,
        "Other Income Expense": NaN,
        "Other Non Operating Income Expenses": NaN,
        "Special Income Charges": NaN,
        "Gain On Sale Of Ppe": NaN,
        "Impairment Of Capital Assets": 28102000.0,
        "Net Non Operating Interest Income Expense": NaN,
        "Interest Expense Non Operating": NaN,
        "Interest Income Non Operating": NaN,
        "Operating Income": NaN,
        "Operating Expense": NaN,
        "Other Operating Expenses": NaN,
        "Selling General And Administration": NaN,
        "General And Administrative Expense": NaN,
        "Other Gand A": NaN,
        "Gross Profit": NaN,
        "Cost Of Revenue": NaN,
        "Total Revenue": NaN,
        "Operating Revenue": NaN
    },
    "2023-12-31": {
        "Tax Effect Of Unusual Items": NaN,
        "Tax Rate For Calcs": NaN,
        "Normalized EBITDA": NaN,
        "Total Unusual Items": NaN,
        "Total Unusual Items Excluding Goodwill": NaN,
        "Net Income From Continuing Operation Net Minority Interest": NaN,
        "Reconciled Depreciation": NaN,
        "Reconciled Cost Of Revenue": NaN,
        "EBITDA": NaN,
        "EBIT": NaN,
        "Net Interest Income": NaN,
        "Interest Expense": NaN,
        "Interest Income": NaN,
        "Normalized Income": NaN,
        "Net Income From Continuing And Discontinued Operation": NaN,
        "Total Expenses": NaN,
        "Rent Expense Supplemental": NaN,
        "Total Operating Income As Reported": NaN,
        "Diluted Average Shares": NaN,
        "Basic Average Shares": NaN,
        "Diluted EPS": NaN,
        "Basic EPS": NaN,
        "Diluted NI Availto Com Stockholders": NaN,
        "Net Income Common Stockholders": NaN,
        "Net Income": NaN,
        "Minority Interests": NaN,
        "Net Income Including Noncontrolling Interests": NaN,
        "Net Income Continuous Operations": NaN,
        "Pretax Income": NaN,
        "Other Income Expense": NaN,
        "Other Non Operating Income Expenses": NaN,
        "Special Income Charges": NaN,
        "Gain On Sale Of Ppe": NaN,
        "Impairment Of Capital Assets": 13617000.0,
        "Net Non Operating Interest Income Expense": NaN,
        "Interest Expense Non Operating": NaN,
        "Interest Income Non Operating": NaN,
        "Operating Income": NaN,
        "Operating Expense": NaN,
        "Other Operating Expenses": NaN,
        "Selling General And Administration": NaN,
        "General And Administrative Expense": NaN,
        "Other Gand A": NaN,
        "Gross Profit": NaN,
        "Cost Of Revenue": NaN,
        "Total Revenue": NaN,
        "Operating Revenue": NaN
    },
    "2024-03-31": {
        "Tax Effect Of Unusual Items": -205380.0,
        "Tax Rate For Calcs": 0.21,
        "Normalized EBITDA": 41552000.0,
        "Total Unusual Items": -978000.0,
        "Total Unusual Items Excluding Goodwill": -978000.0,
        "Net Income From Continuing Operation Net Minority Interest": 18798000.0,
        "Reconciled Depreciation": 17591000.0,
        "Reconciled Cost Of Revenue": 83865000.0,
        "EBITDA": 40574000.0,
        "EBIT": 22983000.0,
        "Net Interest Income": -3216000.0,
        "Interest Expense": 4040000.0,
        "Interest Income": 824000.0,
        "Normalized Income": 19570620.0,
        "Net Income From Continuing And Discontinued Operation": 18798000.0,
        "Total Expenses": 94364000.0,
        "Rent Expense Supplemental": 3510000.0,
        "Total Operating Income As Reported": 22093000.0,
        "Diluted Average Shares": 43606580.0,
        "Basic Average Shares": 42918248.0,
        "Diluted EPS": 0.43,
        "Basic EPS": 0.44,
        "Diluted NI Availto Com Stockholders": 18798000.0,
        "Net Income Common Stockholders": 18798000.0,
        "Net Income": 18798000.0,
        "Minority Interests": -145000.0,
        "Net Income Including Noncontrolling Interests": 18943000.0,
        "Net Income Continuous Operations": 18943000.0,
        "Pretax Income": 18943000.0,
        "Other Income Expense": -912000.0,
        "Other Non Operating Income Expenses": 66000.0,
        "Special Income Charges": -978000.0,
        "Gain On Sale Of Ppe": -978000.0,
        "Impairment Of Capital Assets": NaN,
        "Net Non Operating Interest Income Expense": -3216000.0,
        "Interest Expense Non Operating": 4040000.0,
        "Interest Income Non Operating": 824000.0,
        "Operating Income": 23071000.0,
        "Operating Expense": 10499000.0,
        "Other Operating Expenses": 2835000.0,
        "Selling General And Administration": 7664000.0,
        "General And Administrative Expense": 7664000.0,
        "Other Gand A": 7664000.0,
        "Gross Profit": 33570000.0,
        "Cost Of Revenue": 83865000.0,
        "Total Revenue": 117435000.0,
        "Operating Revenue": 117435000.0
    },
    "2024-06-30": {
        "Tax Effect Of Unusual Items": 1590120.0,
        "Tax Rate For Calcs": 0.21,
        "Normalized EBITDA": 36840000.0,
        "Total Unusual Items": 7572000.0,
        "Total Unusual Items Excluding Goodwill": 7572000.0,
        "Net Income From Continuing Operation Net Minority Interest": 23467000.0,
        "Reconciled Depreciation": 17467000.0,
        "Reconciled Cost Of Revenue": 76801000.0,
        "EBITDA": 44412000.0,
        "EBIT": 26945000.0,
        "Net Interest Income": -2731000.0,
        "Interest Expense": 3452000.0,
        "Interest Income": 721000.0,
        "Normalized Income": 17485120.0,
        "Net Income From Continuing And Discontinued Operation": 23467000.0,
        "Total Expenses": 88305000.0,
        "Rent Expense Supplemental": 2455000.0,
        "Total Operating Income As Reported": 26314000.0,
        "Diluted Average Shares": 43664447.0,
        "Basic Average Shares": 43073440.0,
        "Diluted EPS": 0.54,
        "Basic EPS": 0.54,
        "Diluted NI Availto Com Stockholders": 23467000.0,
        "Net Income Common Stockholders": 23467000.0,
        "Net Income": 23467000.0,
        "Minority Interests": -26000.0,
        "Net Income Including Noncontrolling Interests": 23493000.0,
        "Net Income Continuous Operations": 23493000.0,
        "Pretax Income": 23493000.0,
        "Other Income Expense": 7482000.0,
        "Other Non Operating Income Expenses": -90000.0,
        "Special Income Charges": 7572000.0,
        "Gain On Sale Of Ppe": 13206000.0,
        "Impairment Of Capital Assets": 5634000.0,
        "Net Non Operating Interest Income Expense": -2731000.0,
        "Interest Expense Non Operating": 3452000.0,
        "Interest Income Non Operating": 721000.0,
        "Operating Income": 18742000.0,
        "Operating Expense": 11504000.0,
        "Other Operating Expenses": 5184000.0,
        "Selling General And Administration": 6320000.0,
        "General And Administrative Expense": 6320000.0,
        "Other Gand A": 6320000.0,
        "Gross Profit": 30246000.0,
        "Cost Of Revenue": 76801000.0,
        "Total Revenue": 107047000.0,
        "Operating Revenue": 107047000.0
    },
    "2024-09-30": {
        "Tax Effect Of Unusual Items": 735840.0,
        "Tax Rate For Calcs": 0.21,
        "Normalized EBITDA": 38033000.0,
        "Total Unusual Items": 3504000.0,
        "Total Unusual Items Excluding Goodwill": 3504000.0,
        "Net Income From Continuing Operation Net Minority Interest": 21459000.0,
        "Reconciled Depreciation": 16993000.0,
        "Reconciled Cost Of Revenue": 70966000.0,
        "EBITDA": 41537000.0,
        "EBIT": 24544000.0,
        "Net Interest Income": -2221000.0,
        "Interest Expense": 2970000.0,
        "Interest Income": 749000.0,
        "Normalized Income": 18690840.0,
        "Net Income From Continuing And Discontinued Operation": 21459000.0,
        "Total Expenses": 78802000.0,
        "Rent Expense Supplemental": 1267000.0,
        "Total Operating Income As Reported": 24034000.0,
        "Diluted Average Shares": 43656385.0,
        "Basic Average Shares": 43108844.0,
        "Diluted EPS": 0.49,
        "Basic EPS": 0.5,
        "Diluted NI Availto Com Stockholders": 21459000.0,
        "Net Income Common Stockholders": 21459000.0,
        "Net Income": 21459000.0,
        "Minority Interests": -115000.0,
        "Net Income Including Noncontrolling Interests": 21574000.0,
        "Net Income Continuous Operations": 21574000.0,
        "Pretax Income": 21574000.0,
        "Other Income Expense": 3265000.0,
        "Other Non Operating Income Expenses": -239000.0,
        "Special Income Charges": 3504000.0,
        "Gain On Sale Of Ppe": 4465000.0,
        "Impairment Of Capital Assets": 961000.0,
        "Net Non Operating Interest Income Expense": -2221000.0,
        "Interest Expense Non Operating": 2970000.0,
        "Interest Income Non Operating": 749000.0,
        "Operating Income": 20530000.0,
        "Operating Expense": 7836000.0,
        "Other Operating Expenses": 1005000.0,
        "Selling General And Administration": 6831000.0,
        "General And Administrative Expense": 6831000.0,
        "Other Gand A": 6831000.0,
        "Gross Profit": 28366000.0,
        "Cost Of Revenue": 70966000.0,
        "Total Revenue": 99332000.0,
        "Operating Revenue": 99332000.0
    },
    "2024-12-31": {
        "Tax Effect Of Unusual Items": -47250.0,
        "Tax Rate For Calcs": 0.21,
        "Normalized EBITDA": 33599000.0,
        "Total Unusual Items": -225000.0,
        "Total Unusual Items Excluding Goodwill": -225000.0,
        "Net Income From Continuing Operation Net Minority Interest": 12677000.0,
        "Reconciled Depreciation": 18053000.0,
        "Reconciled Cost Of Revenue": 74701000.0,
        "EBITDA": 33374000.0,
        "EBIT": 15321000.0,
        "Net Interest Income": -2151000.0,
        "Interest Expense": 2835000.0,
        "Interest Income": 684000.0,
        "Normalized Income": 12854750.0,
        "Net Income From Continuing And Discontinued Operation": 12677000.0,
        "Total Expenses": 84369000.0,
        "Rent Expense Supplemental": 1837000.0,
        "Total Operating Income As Reported": 14608000.0,
        "Diluted Average Shares": 43674259.0,
        "Basic Average Shares": 43116028.0,
        "Diluted EPS": 0.29,
        "Basic EPS": 0.29,
        "Diluted NI Availto Com Stockholders": 12677000.0,
        "Net Income Common Stockholders": 12677000.0,
        "Net Income": 12677000.0,
        "Minority Interests": 191000.0,
        "Net Income Including Noncontrolling Interests": 12486000.0,
        "Net Income Continuous Operations": 12486000.0,
        "Pretax Income": 12486000.0,
        "Other Income Expense": -196000.0,
        "Other Non Operating Income Expenses": 29000.0,
        "Special Income Charges": -225000.0,
        "Gain On Sale Of Ppe": -225000.0,
        "Impairment Of Capital Assets": 0.0,
        "Net Non Operating Interest Income Expense": -2151000.0,
        "Interest Expense Non Operating": 2835000.0,
        "Interest Income Non Operating": 684000.0,
        "Operating Income": 14833000.0,
        "Operating Expense": 9668000.0,
        "Other Operating Expenses": 1347000.0,
        "Selling General And Administration": 8321000.0,
        "General And Administrative Expense": 8321000.0,
        "Other Gand A": 8321000.0,
        "Gross Profit": 24501000.0,
        "Cost Of Revenue": 74701000.0,
        "Total Revenue": 99202000.0,
        "Operating Revenue": 99202000.0
    },
    "2025-03-31": {
        "Tax Effect Of Unusual Items": 0.0,
        "Tax Rate For Calcs": 0.0,
        "Normalized EBITDA": 8586000.0,
        "Total Unusual Items": 0.0,
        "Total Unusual Items Excluding Goodwill": 0.0,
        "Net Income From Continuing Operation Net Minority Interest": -11923000.0,
        "Reconciled Depreciation": 17999000.0,
        "Reconciled Cost Of Revenue": 72220000.0,
        "EBITDA": 8586000.0,
        "EBIT": -9413000.0,
        "Net Interest Income": -2179000.0,
        "Interest Expense": 2549000.0,
        "Interest Income": 370000.0,
        "Normalized Income": -11923000.0,
        "Net Income From Continuing And Discontinued Operation": -11923000.0,
        "Total Expenses": 81039000.0,
        "Rent Expense Supplemental": 2285000.0,
        "Total Operating Income As Reported": -9770000.0,
        "Diluted Average Shares": 43201941.0,
        "Basic Average Shares": 43201941.0,
        "Diluted EPS": -0.28,
        "Basic EPS": -0.28,
        "Diluted NI Availto Com Stockholders": -11923000.0,
        "Net Income Common Stockholders": -11923000.0,
        "Net Income": -11923000.0,
        "Minority Interests": 39000.0,
        "Net Income Including Noncontrolling Interests": -11962000.0,
        "Net Income Continuous Operations": -11962000.0,
        "Pretax Income": -11962000.0,
        "Other Income Expense": -13000.0,
        "Other Non Operating Income Expenses": -13000.0,
        "Special Income Charges": 0.0,
        "Gain On Sale Of Ppe": 0.0,
        "Impairment Of Capital Assets": NaN,
        "Net Non Operating Interest Income Expense": -2179000.0,
        "Interest Expense Non Operating": 2549000.0,
        "Interest Income Non Operating": 370000.0,
        "Operating Income": -9770000.0,
        "Operating Expense": 8819000.0,
        "Other Operating Expenses": 1325000.0,
        "Selling General And Administration": 7494000.0,
        "General And Administrative Expense": 7494000.0,
        "Other Gand A": 7494000.0,
        "Gross Profit": -951000.0,
        "Cost Of Revenue": 72220000.0,
        "Total Revenue": 71269000.0,
        "Operating Revenue": 71269000.0
    }
}