{
    "2023-03-31": {
        "Tax Effect Of Unusual Items": NaN,
        "Tax Rate For Calcs": NaN,
        "Normalized EBITDA": NaN,
        "Total Unusual Items": NaN,
        "Total Unusual Items Excluding Goodwill": NaN,
        "Net Income From Continuing Operation Net Minority Interest": NaN,
        "Reconciled Depreciation": NaN,
        "Reconciled Cost Of Revenue": NaN,
        "EBITDA": NaN,
        "EBIT": NaN,
        "Net Interest Income": NaN,
        "Interest Expense": NaN,
        "Normalized Income": NaN,
        "Net Income From Continuing And Discontinued Operation": NaN,
        "Total Expenses": NaN,
        "Total Operating Income As Reported": NaN,
        "Diluted Average Shares": 145363.0,
        "Basic Average Shares": 145363.0,
        "Diluted EPS": -59.84,
        "Basic EPS": -59.84,
        "Diluted NI Availto Com Stockholders": NaN,
        "Net Income Common Stockholders": NaN,
        "Otherunder Preferred Stock Dividend": NaN,
        "Net Income": NaN,
        "Minority Interests": NaN,
        "Net Income Including Noncontrolling Interests": NaN,
        "Net Income Continuous Operations": NaN,
        "Tax Provision": NaN,
        "Pretax Income": NaN,
        "Other Income Expense": NaN,
        "Other Non Operating Income Expenses": NaN,
        "Special Income Charges": NaN,
        "Other Special Charges": NaN,
        "Impairment Of Capital Assets": NaN,
        "Restructuring And Mergern Acquisition": NaN,
        "Net Non Operating Interest Income Expense": NaN,
        "Interest Expense Non Operating": NaN,
        "Operating Income": NaN,
        "Operating Expense": NaN,
        "Depreciation Amortization Depletion Income Statement": NaN,
        "Depreciation And Amortization In Income Statement": NaN,
        "Selling General And Administration": NaN,
        "General And Administrative Expense": NaN,
        "Other Gand A": NaN,
        "Salaries And Wages": NaN,
        "Gross Profit": NaN,
        "Cost Of Revenue": NaN,
        "Total Revenue": NaN,
        "Operating Revenue": NaN
    },
    "2022-12-31": {
        "Tax Effect Of Unusual Items": NaN,
        "Tax Rate For Calcs": NaN,
        "Normalized EBITDA": NaN,
        "Total Unusual Items": -4600000.0,
        "Total Unusual Items Excluding Goodwill": -4600000.0,
        "Net Income From Continuing Operation Net Minority Interest": NaN,
        "Reconciled Depreciation": NaN,
        "Reconciled Cost Of Revenue": NaN,
        "EBITDA": NaN,
        "EBIT": NaN,
        "Net Interest Income": NaN,
        "Interest Expense": NaN,
        "Normalized Income": NaN,
        "Net Income From Continuing And Discontinued Operation": NaN,
        "Total Expenses": NaN,
        "Total Operating Income As Reported": NaN,
        "Diluted Average Shares": NaN,
        "Basic Average Shares": NaN,
        "Diluted EPS": NaN,
        "Basic EPS": NaN,
        "Diluted NI Availto Com Stockholders": NaN,
        "Net Income Common Stockholders": NaN,
        "Otherunder Preferred Stock Dividend": NaN,
        "Net Income": NaN,
        "Minority Interests": NaN,
        "Net Income Including Noncontrolling Interests": NaN,
        "Net Income Continuous Operations": NaN,
        "Tax Provision": NaN,
        "Pretax Income": NaN,
        "Other Income Expense": NaN,
        "Other Non Operating Income Expenses": NaN,
        "Special Income Charges": -4600000.0,
        "Other Special Charges": NaN,
        "Impairment Of Capital Assets": 4600000.0,
        "Restructuring And Mergern Acquisition": NaN,
        "Net Non Operating Interest Income Expense": NaN,
        "Interest Expense Non Operating": NaN,
        "Operating Income": NaN,
        "Operating Expense": NaN,
        "Depreciation Amortization Depletion Income Statement": NaN,
        "Depreciation And Amortization In Income Statement": NaN,
        "Selling General And Administration": NaN,
        "General And Administrative Expense": NaN,
        "Other Gand A": NaN,
        "Salaries And Wages": NaN,
        "Gross Profit": NaN,
        "Cost Of Revenue": NaN,
        "Total Revenue": NaN,
        "Operating Revenue": NaN
    },
    "2022-09-30": {
        "Tax Effect Of Unusual Items": 0.0,
        "Tax Rate For Calcs": 0.0,
        "Normalized EBITDA": -9405000.0,
        "Total Unusual Items": -124790000.0,
        "Total Unusual Items Excluding Goodwill": -124790000.0,
        "Net Income From Continuing Operation Net Minority Interest": -130503000.0,
        "Reconciled Depreciation": 2124000.0,
        "Reconciled Cost Of Revenue": 23711000.0,
        "EBITDA": -134195000.0,
        "EBIT": -136319000.0,
        "Net Interest Income": -926000.0,
        "Interest Expense": 926000.0,
        "Normalized Income": -5713000.0,
        "Net Income From Continuing And Discontinued Operation": -130503000.0,
        "Total Expenses": 41382000.0,
        "Total Operating Income As Reported": -137492000.0,
        "Diluted Average Shares": 657000.0,
        "Basic Average Shares": 657000.0,
        "Diluted EPS": -198.51,
        "Basic EPS": -198.51,
        "Diluted NI Availto Com Stockholders": -130503000.0,
        "Net Income Common Stockholders": -130503000.0,
        "Otherunder Preferred Stock Dividend": 0.0,
        "Net Income": -130503000.0,
        "Minority Interests": 6742000.0,
        "Net Income Including Noncontrolling Interests": -137245000.0,
        "Net Income Continuous Operations": -137245000.0,
        "Tax Provision": 0.0,
        "Pretax Income": -137245000.0,
        "Other Income Expense": -123617000.0,
        "Other Non Operating Income Expenses": 1173000.0,
        "Special Income Charges": -124790000.0,
        "Impairment Of Capital Assets": 124790000.0,
        "Net Non Operating Interest Income Expense": -926000.0,
        "Interest Expense Non Operating": 926000.0,
        "Operating Income": -12702000.0,
        "Operating Expense": 17671000.0,
        "Depreciation Amortization Depletion Income Statement": 2124000.0,
        "Depreciation And Amortization In Income Statement": 2124000.0,
        "Selling General And Administration": 15547000.0,
        "General And Administrative Expense": 15547000.0,
        "Other Gand A": 8547000.0,
        "Salaries And Wages": 7000000.0,
        "Gross Profit": 4969000.0,
        "Cost Of Revenue": 23711000.0,
        "Total Revenue": 28680000.0,
        "Operating Revenue": 28680000.0
    },
    "2022-06-30": {
        "Tax Effect Of Unusual Items": 0.0,
        "Tax Rate For Calcs": 0.001104,
        "Normalized EBITDA": -11882000.0,
        "Total Unusual Items": NaN,
        "Total Unusual Items Excluding Goodwill": NaN,
        "Net Income From Continuing Operation Net Minority Interest": -12124000.0,
        "Reconciled Depreciation": 2349000.0,
        "Reconciled Cost Of Revenue": 31817000.0,
        "EBITDA": -11882000.0,
        "EBIT": -14231000.0,
        "Net Interest Income": -266000.0,
        "Interest Expense": 266000.0,
        "Normalized Income": -12124000.0,
        "Net Income From Continuing And Discontinued Operation": -12124000.0,
        "Total Expenses": 53590000.0,
        "Total Operating Income As Reported": -13674000.0,
        "Diluted Average Shares": 534000.0,
        "Basic Average Shares": 534000.0,
        "Diluted EPS": -22.7,
        "Basic EPS": -22.7,
        "Diluted NI Availto Com Stockholders": -12124000.0,
        "Net Income Common Stockholders": -12124000.0,
        "Net Income": -12124000.0,
        "Minority Interests": 2357000.0,
        "Net Income Including Noncontrolling Interests": -14481000.0,
        "Net Income Continuous Operations": -14481000.0,
        "Tax Provision": -16000.0,
        "Pretax Income": -14497000.0,
        "Other Income Expense": -557000.0,
        "Other Non Operating Income Expenses": -557000.0,
        "Special Income Charges": NaN,
        "Impairment Of Capital Assets": NaN,
        "Net Non Operating Interest Income Expense": -266000.0,
        "Interest Expense Non Operating": 266000.0,
        "Operating Income": -13674000.0,
        "Operating Expense": 21773000.0,
        "Depreciation Amortization Depletion Income Statement": 2349000.0,
        "Depreciation And Amortization In Income Statement": 2349000.0,
        "Selling General And Administration": 19424000.0,
        "General And Administrative Expense": 19424000.0,
        "Other Gand A": 10588000.0,
        "Salaries And Wages": 8836000.0,
        "Gross Profit": 8099000.0,
        "Cost Of Revenue": 31817000.0,
        "Total Revenue": 39916000.0,
        "Operating Revenue": 39916000.0
    },
    "2022-03-31": {
        "Diluted EPS": -34.0,
        "Total Revenue": 47,
        "Gross Profit": 6,
        "Operating Income": -18,
        "EBIT": -16,
        "Net Income": -15
    },
    "2021-12-31": {
        "Diluted EPS": 11.7,
        "Total Revenue": 56,
        "Gross Profit": 15,
        "Operating Income": -12,
        "EBIT": -9,
        "Net Income": -7
    },
    "2021-09-30": {
        "Diluted EPS": -81.9,
        "Total Revenue": 41,
        "Gross Profit": 1,
        "Operating Income": -28,
        "EBIT": -27,
        "Net Income": -16
    },
    "2021-06-30": {
        "Diluted EPS": -32.3,
        "Total Revenue": 35,
        "Gross Profit": 9,
        "Operating Income": -6,
        "EBIT": -5,
        "Net Income": -3
    },
    "2021-03-31": {
        "Diluted EPS": -56.0,
        "Total Revenue": 34,
        "Gross Profit": 9,
        "Operating Income": -8,
        "EBIT": -7,
        "Net Income": -4
    },
    "2020-12-31": {
        "Diluted EPS": -52.0,
        "Total Revenue": 36,
        "Gross Profit": 6,
        "Operating Income": -11,
        "EBIT": -11,
        "Net Income": -4
    },
    "2020-09-30": {
        "Diluted EPS": -70.0,
        "Total Revenue": 36,
        "Gross Profit": 2,
        "Operating Income": -14,
        "EBIT": -13,
        "Net Income": -4
    },
    "2020-06-30": {
        "Diluted EPS": -36.0,
        "Total Revenue": 32,
        "Gross Profit": 7,
        "Operating Income": -6,
        "EBIT": -6,
        "Net Income": -2
    },
    "2020-03-31": {
        "Diluted EPS": -86.0,
        "Total Revenue": 34,
        "Gross Profit": 7,
        "Operating Income": -18,
        "EBIT": -8,
        "Net Income": -4
    },
    "2019-12-31": {
        "Diluted EPS": -58.0,
        "Total Revenue": 37,
        "Gross Profit": 7,
        "Operating Income": -10,
        "EBIT": -10,
        "Net Income": -3
    },
    "2019-09-30": {
        "Diluted EPS": -128.0,
        "Total Revenue": 45,
        "Gross Profit": 6,
        "Operating Income": -6,
        "EBIT": -5,
        "Net Income": -6
    },
    "2019-06-30": {
        "Diluted EPS": -6.0,
        "Total Revenue": 53,
        "Gross Profit": 9,
        "Operating Income": -4,
        "EBIT": -3,
        "Net Income": -2
    },
    "2019-03-31": {
        "Diluted EPS": 0.0,
        "Total Revenue": 50,
        "Gross Profit": 9,
        "Operating Income": -5,
        "EBIT": -4,
        "Net Income": -18
    },
    "2018-12-31": {
        "Diluted EPS": 0.0,
        "Total Revenue": 52,
        "Gross Profit": 9,
        "Operating Income": -5,
        "EBIT": -5,
        "Net Income": -8
    },
    "2018-09-30": {
        "Diluted EPS": -2.7,
        "Total Revenue": 44,
        "Gross Profit": 9,
        "Operating Income": 0,
        "EBIT": 1,
        "Net Income": 0
    },
    "2018-06-30": {
        "Diluted EPS": 0.0,
        "Total Revenue": 41,
        "Gross Profit": 8,
        "Operating Income": 0,
        "EBIT": 1,
        "Net Income": 0
    },
    "2018-03-31": {
        "Diluted EPS": 0.0,
        "Total Revenue": 43,
        "Gross Profit": 9,
        "Operating Income": 2,
        "EBIT": 3,
        "Net Income": 2
    },
    "2017-12-31": {
        "Diluted EPS": 0.0,
        "Total Revenue": NaN,
        "Gross Profit": NaN,
        "Operating Income": NaN,
        "EBIT": NaN,
        "Net Income": NaN
    },
    "2023-06-30": {
        "Tax Effect Of Unusual Items": NaN,
        "Tax Rate For Calcs": NaN,
        "Normalized EBITDA": NaN,
        "Total Unusual Items": NaN,
        "Total Unusual Items Excluding Goodwill": NaN,
        "Net Income From Continuing Operation Net Minority Interest": NaN,
        "Reconciled Depreciation": NaN,
        "Reconciled Cost Of Revenue": NaN,
        "EBITDA": NaN,
        "EBIT": NaN,
        "Net Interest Income": NaN,
        "Interest Expense": NaN,
        "Normalized Income": NaN,
        "Net Income From Continuing And Discontinued Operation": NaN,
        "Total Expenses": NaN,
        "Total Operating Income As Reported": NaN,
        "Diluted Average Shares": 145014.0,
        "Basic Average Shares": 145014.0,
        "Diluted EPS": -62.283771,
        "Basic EPS": -62.283771,
        "Diluted NI Availto Com Stockholders": NaN,
        "Net Income Common Stockholders": NaN,
        "Otherunder Preferred Stock Dividend": NaN,
        "Net Income": NaN,
        "Minority Interests": NaN,
        "Net Income Including Noncontrolling Interests": NaN,
        "Net Income Continuous Operations": NaN,
        "Tax Provision": NaN,
        "Pretax Income": NaN,
        "Other Income Expense": NaN,
        "Other Non Operating Income Expenses": NaN,
        "Special Income Charges": NaN,
        "Other Special Charges": NaN,
        "Impairment Of Capital Assets": NaN,
        "Restructuring And Mergern Acquisition": 0.0,
        "Net Non Operating Interest Income Expense": NaN,
        "Interest Expense Non Operating": NaN,
        "Operating Income": NaN,
        "Operating Expense": NaN,
        "Depreciation Amortization Depletion Income Statement": NaN,
        "Depreciation And Amortization In Income Statement": NaN,
        "Selling General And Administration": NaN,
        "General And Administrative Expense": NaN,
        "Other Gand A": NaN,
        "Salaries And Wages": NaN,
        "Gross Profit": NaN,
        "Cost Of Revenue": NaN,
        "Total Revenue": NaN,
        "Operating Revenue": NaN
    },
    "2023-09-30": {
        "Tax Effect Of Unusual Items": NaN,
        "Tax Rate For Calcs": NaN,
        "Normalized EBITDA": NaN,
        "Total Unusual Items": 0.0,
        "Total Unusual Items Excluding Goodwill": 0.0,
        "Net Income From Continuing Operation Net Minority Interest": NaN,
        "Reconciled Depreciation": NaN,
        "Reconciled Cost Of Revenue": NaN,
        "EBITDA": NaN,
        "EBIT": NaN,
        "Net Interest Income": NaN,
        "Interest Expense": NaN,
        "Normalized Income": NaN,
        "Net Income From Continuing And Discontinued Operation": NaN,
        "Total Expenses": NaN,
        "Total Operating Income As Reported": NaN,
        "Diluted Average Shares": 501182.0,
        "Basic Average Shares": 501182.0,
        "Diluted EPS": -21.01,
        "Basic EPS": -21.01,
        "Diluted NI Availto Com Stockholders": NaN,
        "Net Income Common Stockholders": NaN,
        "Otherunder Preferred Stock Dividend": 388000.0,
        "Net Income": NaN,
        "Minority Interests": NaN,
        "Net Income Including Noncontrolling Interests": NaN,
        "Net Income Continuous Operations": NaN,
        "Tax Provision": NaN,
        "Pretax Income": NaN,
        "Other Income Expense": 204000.0,
        "Other Non Operating Income Expenses": 204000.0,
        "Special Income Charges": 0.0,
        "Other Special Charges": NaN,
        "Impairment Of Capital Assets": 0.0,
        "Restructuring And Mergern Acquisition": 0.0,
        "Net Non Operating Interest Income Expense": NaN,
        "Interest Expense Non Operating": NaN,
        "Operating Income": NaN,
        "Operating Expense": NaN,
        "Depreciation Amortization Depletion Income Statement": NaN,
        "Depreciation And Amortization In Income Statement": NaN,
        "Selling General And Administration": NaN,
        "General And Administrative Expense": NaN,
        "Other Gand A": NaN,
        "Salaries And Wages": NaN,
        "Gross Profit": NaN,
        "Cost Of Revenue": NaN,
        "Total Revenue": NaN,
        "Operating Revenue": NaN
    },
    "2023-12-31": {
        "Tax Effect Of Unusual Items": 0.0,
        "Tax Rate For Calcs": 0.21,
        "Normalized EBITDA": -3397000.0,
        "Total Unusual Items": 0.0,
        "Total Unusual Items Excluding Goodwill": 0.0,
        "Net Income From Continuing Operation Net Minority Interest": -4333000.0,
        "Reconciled Depreciation": 751000.0,
        "Reconciled Cost Of Revenue": 5385000.0,
        "EBITDA": -3397000.0,
        "EBIT": -4148000.0,
        "Net Interest Income": -302000.0,
        "Interest Expense": 302000.0,
        "Normalized Income": -4333000.0,
        "Net Income From Continuing And Discontinued Operation": -4333000.0,
        "Total Expenses": 13008000.0,
        "Total Operating Income As Reported": -3019000.0,
        "Diluted Average Shares": NaN,
        "Basic Average Shares": NaN,
        "Diluted EPS": NaN,
        "Basic EPS": NaN,
        "Diluted NI Availto Com Stockholders": -4333000.0,
        "Net Income Common Stockholders": -4333000.0,
        "Otherunder Preferred Stock Dividend": 0.0,
        "Net Income": -4333000.0,
        "Minority Interests": 123000.0,
        "Net Income Including Noncontrolling Interests": -4456000.0,
        "Net Income Continuous Operations": -4456000.0,
        "Tax Provision": 6000.0,
        "Pretax Income": -4450000.0,
        "Other Income Expense": -1129000.0,
        "Other Non Operating Income Expenses": -1129000.0,
        "Special Income Charges": 0.0,
        "Other Special Charges": NaN,
        "Impairment Of Capital Assets": 0.0,
        "Restructuring And Mergern Acquisition": NaN,
        "Net Non Operating Interest Income Expense": -302000.0,
        "Interest Expense Non Operating": 302000.0,
        "Operating Income": -3019000.0,
        "Operating Expense": 7623000.0,
        "Depreciation Amortization Depletion Income Statement": 751000.0,
        "Depreciation And Amortization In Income Statement": 751000.0,
        "Selling General And Administration": 6872000.0,
        "General And Administrative Expense": 6872000.0,
        "Other Gand A": 4004000.0,
        "Salaries And Wages": 2868000.0,
        "Gross Profit": 4604000.0,
        "Cost Of Revenue": 5385000.0,
        "Total Revenue": 9989000.0,
        "Operating Revenue": 9989000.0
    },
    "2024-03-31": {
        "Tax Effect Of Unusual Items": 0.0,
        "Tax Rate For Calcs": 0.0,
        "Normalized EBITDA": -3715000.0,
        "Total Unusual Items": NaN,
        "Total Unusual Items Excluding Goodwill": NaN,
        "Net Income From Continuing Operation Net Minority Interest": -4491000.0,
        "Reconciled Depreciation": 254000.0,
        "Reconciled Cost Of Revenue": 3414000.0,
        "EBITDA": -3715000.0,
        "EBIT": -3969000.0,
        "Net Interest Income": -522000.0,
        "Interest Expense": 522000.0,
        "Normalized Income": -4491000.0,
        "Net Income From Continuing And Discontinued Operation": -4491000.0,
        "Total Expenses": 8906000.0,
        "Total Operating Income As Reported": -3980000.0,
        "Diluted Average Shares": 478363.0,
        "Basic Average Shares": 478363.0,
        "Diluted EPS": -9.35,
        "Basic EPS": -9.35,
        "Diluted NI Availto Com Stockholders": -4491000.0,
        "Net Income Common Stockholders": -4491000.0,
        "Otherunder Preferred Stock Dividend": NaN,
        "Net Income": -4491000.0,
        "Minority Interests": 0.0,
        "Net Income Including Noncontrolling Interests": -4491000.0,
        "Net Income Continuous Operations": -4491000.0,
        "Tax Provision": 0.0,
        "Pretax Income": -4491000.0,
        "Other Income Expense": 11000.0,
        "Other Non Operating Income Expenses": 11000.0,
        "Special Income Charges": NaN,
        "Other Special Charges": NaN,
        "Impairment Of Capital Assets": NaN,
        "Restructuring And Mergern Acquisition": NaN,
        "Net Non Operating Interest Income Expense": -522000.0,
        "Interest Expense Non Operating": 522000.0,
        "Operating Income": -3980000.0,
        "Operating Expense": 5492000.0,
        "Depreciation Amortization Depletion Income Statement": 254000.0,
        "Depreciation And Amortization In Income Statement": 254000.0,
        "Selling General And Administration": 5238000.0,
        "General And Administrative Expense": 5238000.0,
        "Other Gand A": 2292000.0,
        "Salaries And Wages": 2946000.0,
        "Gross Profit": 1512000.0,
        "Cost Of Revenue": 3414000.0,
        "Total Revenue": 4926000.0,
        "Operating Revenue": 4926000.0
    },
    "2024-06-30": {
        "Tax Effect Of Unusual Items": 0.0,
        "Tax Rate For Calcs": 0.0,
        "Normalized EBITDA": -3313000.0,
        "Total Unusual Items": 3166000.0,
        "Total Unusual Items Excluding Goodwill": 3166000.0,
        "Net Income From Continuing Operation Net Minority Interest": -615000.0,
        "Reconciled Depreciation": 196000.0,
        "Reconciled Cost Of Revenue": 1641000.0,
        "EBITDA": -147000.0,
        "EBIT": -343000.0,
        "Net Interest Income": -289000.0,
        "Interest Expense": 289000.0,
        "Normalized Income": -3781000.0,
        "Net Income From Continuing And Discontinued Operation": -615000.0,
        "Total Expenses": 6147000.0,
        "Total Operating Income As Reported": -3495000.0,
        "Diluted Average Shares": 462046.0,
        "Basic Average Shares": 462046.0,
        "Diluted EPS": -1.329867,
        "Basic EPS": -1.329867,
        "Diluted NI Availto Com Stockholders": -615000.0,
        "Net Income Common Stockholders": -615000.0,
        "Otherunder Preferred Stock Dividend": NaN,
        "Net Income": -615000.0,
        "Minority Interests": 17000.0,
        "Net Income Including Noncontrolling Interests": -632000.0,
        "Net Income Continuous Operations": -632000.0,
        "Tax Provision": 0.0,
        "Pretax Income": -632000.0,
        "Other Income Expense": 3152000.0,
        "Other Non Operating Income Expenses": -14000.0,
        "Special Income Charges": 3166000.0,
        "Other Special Charges": -2166000.0,
        "Impairment Of Capital Assets": NaN,
        "Restructuring And Mergern Acquisition": -1000000.0,
        "Net Non Operating Interest Income Expense": -289000.0,
        "Interest Expense Non Operating": 289000.0,
        "Operating Income": -3495000.0,
        "Operating Expense": 4506000.0,
        "Depreciation Amortization Depletion Income Statement": 196000.0,
        "Depreciation And Amortization In Income Statement": 196000.0,
        "Selling General And Administration": 4310000.0,
        "General And Administrative Expense": 4310000.0,
        "Other Gand A": 2801000.0,
        "Salaries And Wages": 1509000.0,
        "Gross Profit": 1011000.0,
        "Cost Of Revenue": 1641000.0,
        "Total Revenue": 2652000.0,
        "Operating Revenue": 2652000.0
    },
    "2024-09-30": {
        "Tax Effect Of Unusual Items": 0.0,
        "Tax Rate For Calcs": 0.0,
        "Normalized EBITDA": -353000.0,
        "Total Unusual Items": 0.0,
        "Total Unusual Items Excluding Goodwill": 0.0,
        "Net Income From Continuing Operation Net Minority Interest": -3757000.0,
        "Reconciled Depreciation": 185000.0,
        "Reconciled Cost Of Revenue": 1011000.0,
        "EBITDA": -353000.0,
        "EBIT": -538000.0,
        "Net Interest Income": -3219000.0,
        "Interest Expense": 3219000.0,
        "Normalized Income": -3757000.0,
        "Net Income From Continuing And Discontinued Operation": -3757000.0,
        "Total Expenses": 4576000.0,
        "Total Operating Income As Reported": -538000.0,
        "Diluted Average Shares": 149727.0,
        "Basic Average Shares": 149727.0,
        "Diluted EPS": -25.08,
        "Basic EPS": -25.08,
        "Diluted NI Availto Com Stockholders": -3757000.0,
        "Net Income Common Stockholders": -3757000.0,
        "Otherunder Preferred Stock Dividend": 0.0,
        "Net Income": -3757000.0,
        "Minority Interests": 0.0,
        "Net Income Including Noncontrolling Interests": -3757000.0,
        "Net Income Continuous Operations": -3757000.0,
        "Tax Provision": 0.0,
        "Pretax Income": -3757000.0,
        "Other Income Expense": NaN,
        "Other Non Operating Income Expenses": NaN,
        "Special Income Charges": 0.0,
        "Other Special Charges": NaN,
        "Impairment Of Capital Assets": NaN,
        "Restructuring And Mergern Acquisition": 0.0,
        "Net Non Operating Interest Income Expense": -3219000.0,
        "Interest Expense Non Operating": 3219000.0,
        "Operating Income": -538000.0,
        "Operating Expense": 3565000.0,
        "Depreciation Amortization Depletion Income Statement": 185000.0,
        "Depreciation And Amortization In Income Statement": 185000.0,
        "Selling General And Administration": 3380000.0,
        "General And Administrative Expense": 3380000.0,
        "Other Gand A": 1771000.0,
        "Salaries And Wages": 1609000.0,
        "Gross Profit": 3027000.0,
        "Cost Of Revenue": 1011000.0,
        "Total Revenue": 4038000.0,
        "Operating Revenue": 4038000.0
    },
    "2024-12-31": {
        "Tax Effect Of Unusual Items": 0.0,
        "Tax Rate For Calcs": 0.0,
        "Normalized EBITDA": -3504000.0,
        "Total Unusual Items": -3195000.0,
        "Total Unusual Items Excluding Goodwill": -3195000.0,
        "Net Income From Continuing Operation Net Minority Interest": -8775000.0,
        "Reconciled Depreciation": 165000.0,
        "Reconciled Cost Of Revenue": 927000.0,
        "EBITDA": -6699000.0,
        "EBIT": -6864000.0,
        "Net Interest Income": -1911000.0,
        "Interest Expense": 1911000.0,
        "Normalized Income": -5580000.0,
        "Net Income From Continuing And Discontinued Operation": -8775000.0,
        "Total Expenses": 5306000.0,
        "Total Operating Income As Reported": -3800000.0,
        "Diluted Average Shares": NaN,
        "Basic Average Shares": NaN,
        "Diluted EPS": NaN,
        "Basic EPS": NaN,
        "Diluted NI Availto Com Stockholders": -8775000.0,
        "Net Income Common Stockholders": -8775000.0,
        "Otherunder Preferred Stock Dividend": 0.0,
        "Net Income": -8775000.0,
        "Minority Interests": 0.0,
        "Net Income Including Noncontrolling Interests": -8775000.0,
        "Net Income Continuous Operations": -8775000.0,
        "Tax Provision": 0.0,
        "Pretax Income": -8775000.0,
        "Other Income Expense": -3217000.0,
        "Other Non Operating Income Expenses": -22000.0,
        "Special Income Charges": -3195000.0,
        "Other Special Charges": 3042000.0,
        "Impairment Of Capital Assets": NaN,
        "Restructuring And Mergern Acquisition": 0.0,
        "Net Non Operating Interest Income Expense": -1911000.0,
        "Interest Expense Non Operating": 1911000.0,
        "Operating Income": -3647000.0,
        "Operating Expense": 4379000.0,
        "Depreciation Amortization Depletion Income Statement": 165000.0,
        "Depreciation And Amortization In Income Statement": 165000.0,
        "Selling General And Administration": 4214000.0,
        "General And Administrative Expense": 4214000.0,
        "Other Gand A": 2900000.0,
        "Salaries And Wages": 1314000.0,
        "Gross Profit": 732000.0,
        "Cost Of Revenue": 927000.0,
        "Total Revenue": 1659000.0,
        "Operating Revenue": 1659000.0
    }
}