{
    "2023-03-31": {
        "Tax Effect Of Unusual Items": 245616.0,
        "Tax Rate For Calcs": 0.357,
        "Normalized EBITDA": 84268000.0,
        "Total Unusual Items": 688000.0,
        "Total Unusual Items Excluding Goodwill": 688000.0,
        "Net Income From Continuing Operation Net Minority Interest": 3414000.0,
        "Reconciled Depreciation": 39951000.0,
        "Reconciled Cost Of Revenue": 601283000.0,
        "EBITDA": 84956000.0,
        "EBIT": 45005000.0,
        "Net Interest Income": -22995000.0,
        "Interest Expense": 22995000.0,
        "Normalized Income": 2971616.0,
        "Net Income From Continuing And Discontinued Operation": 3414000.0,
        "Total Expenses": 843427000.0,
        "Total Operating Income As Reported": 44483000.0,
        "Diluted Average Shares": 62294447.0,
        "Basic Average Shares": 61556044.0,
        "Diluted EPS": 0.05,
        "Basic EPS": 0.06,
        "Diluted NI Availto Com Stockholders": 3414000.0,
        "Net Income Common Stockholders": 3414000.0,
        "Net Income": 3414000.0,
        "Minority Interests": -10747000.0,
        "Net Income Including Noncontrolling Interests": 14161000.0,
        "Net Income Continuous Operations": 14161000.0,
        "Tax Provision": 7849000.0,
        "Pretax Income": 22010000.0,
        "Other Income Expense": 522000.0,
        "Other Non Operating Income Expenses": -166000.0,
        "Special Income Charges": NaN,
        "Other Special Charges": NaN,
        "Gain On Sale Of Security": 688000.0,
        "Net Non Operating Interest Income Expense": -22995000.0,
        "Interest Expense Non Operating": 22995000.0,
        "Operating Income": 44483000.0,
        "Operating Expense": 228016000.0,
        "Depreciation Amortization Depletion Income Statement": 25823000.0,
        "Depreciation And Amortization In Income Statement": 25823000.0,
        "Amortization": 25823000.0,
        "Amortization Of Intangibles Income Statement": 25823000.0,
        "Research And Development": 41820000.0,
        "Selling General And Administration": 160373000.0,
        "Selling And Marketing Expense": 100688000.0,
        "General And Administrative Expense": 59685000.0,
        "Other Gand A": 59685000.0,
        "Gross Profit": 272499000.0,
        "Cost Of Revenue": 615411000.0,
        "Total Revenue": 887910000.0,
        "Operating Revenue": 887910000.0
    },
    "2022-12-31": {
        "Tax Effect Of Unusual Items": NaN,
        "Tax Rate For Calcs": NaN,
        "Normalized EBITDA": NaN,
        "Total Unusual Items": NaN,
        "Total Unusual Items Excluding Goodwill": NaN,
        "Net Income From Continuing Operation Net Minority Interest": NaN,
        "Reconciled Depreciation": NaN,
        "Reconciled Cost Of Revenue": NaN,
        "EBITDA": NaN,
        "EBIT": NaN,
        "Net Interest Income": NaN,
        "Interest Expense": NaN,
        "Normalized Income": NaN,
        "Net Income From Continuing And Discontinued Operation": NaN,
        "Total Expenses": NaN,
        "Total Operating Income As Reported": NaN,
        "Diluted Average Shares": NaN,
        "Basic Average Shares": NaN,
        "Diluted EPS": NaN,
        "Basic EPS": NaN,
        "Diluted NI Availto Com Stockholders": NaN,
        "Net Income Common Stockholders": NaN,
        "Net Income": NaN,
        "Minority Interests": NaN,
        "Net Income Including Noncontrolling Interests": NaN,
        "Net Income Continuous Operations": NaN,
        "Tax Provision": NaN,
        "Pretax Income": NaN,
        "Other Income Expense": NaN,
        "Other Non Operating Income Expenses": NaN,
        "Special Income Charges": -1459000.0,
        "Other Special Charges": 0.0,
        "Gain On Sale Of Security": NaN,
        "Net Non Operating Interest Income Expense": NaN,
        "Interest Expense Non Operating": NaN,
        "Operating Income": NaN,
        "Operating Expense": NaN,
        "Depreciation Amortization Depletion Income Statement": NaN,
        "Depreciation And Amortization In Income Statement": NaN,
        "Amortization": NaN,
        "Amortization Of Intangibles Income Statement": NaN,
        "Research And Development": NaN,
        "Selling General And Administration": NaN,
        "Selling And Marketing Expense": NaN,
        "General And Administrative Expense": NaN,
        "Other Gand A": NaN,
        "Gross Profit": NaN,
        "Cost Of Revenue": NaN,
        "Total Revenue": NaN,
        "Operating Revenue": NaN
    },
    "2022-09-30": {
        "Tax Effect Of Unusual Items": NaN,
        "Tax Rate For Calcs": NaN,
        "Normalized EBITDA": NaN,
        "Total Unusual Items": NaN,
        "Total Unusual Items Excluding Goodwill": NaN,
        "Net Income From Continuing Operation Net Minority Interest": NaN,
        "Reconciled Depreciation": NaN,
        "Reconciled Cost Of Revenue": NaN,
        "EBITDA": NaN,
        "EBIT": NaN,
        "Net Interest Income": NaN,
        "Interest Expense": NaN,
        "Normalized Income": NaN,
        "Net Income From Continuing And Discontinued Operation": NaN,
        "Total Expenses": NaN,
        "Total Operating Income As Reported": NaN,
        "Diluted Average Shares": NaN,
        "Basic Average Shares": NaN,
        "Diluted EPS": NaN,
        "Basic EPS": NaN,
        "Diluted NI Availto Com Stockholders": NaN,
        "Net Income Common Stockholders": NaN,
        "Net Income": NaN,
        "Minority Interests": NaN,
        "Net Income Including Noncontrolling Interests": NaN,
        "Net Income Continuous Operations": NaN,
        "Tax Provision": NaN,
        "Pretax Income": NaN,
        "Other Income Expense": NaN,
        "Other Non Operating Income Expenses": NaN,
        "Special Income Charges": 0.0,
        "Other Special Charges": NaN,
        "Gain On Sale Of Security": NaN,
        "Net Non Operating Interest Income Expense": NaN,
        "Interest Expense Non Operating": NaN,
        "Operating Income": NaN,
        "Operating Expense": NaN,
        "Depreciation Amortization Depletion Income Statement": NaN,
        "Depreciation And Amortization In Income Statement": NaN,
        "Amortization": NaN,
        "Amortization Of Intangibles Income Statement": NaN,
        "Research And Development": NaN,
        "Selling General And Administration": NaN,
        "Selling And Marketing Expense": NaN,
        "General And Administrative Expense": NaN,
        "Other Gand A": NaN,
        "Gross Profit": NaN,
        "Cost Of Revenue": NaN,
        "Total Revenue": NaN,
        "Operating Revenue": NaN
    },
    "2022-06-30": {
        "Tax Effect Of Unusual Items": -821475.0,
        "Tax Rate For Calcs": 0.225,
        "Normalized EBITDA": 256447000.0,
        "Total Unusual Items": -3651000.0,
        "Total Unusual Items Excluding Goodwill": -3651000.0,
        "Net Income From Continuing Operation Net Minority Interest": 156359000.0,
        "Reconciled Depreciation": 39098000.0,
        "Reconciled Cost Of Revenue": 821184000.0,
        "EBITDA": 252796000.0,
        "EBIT": 213698000.0,
        "Net Interest Income": -10235000.0,
        "Interest Expense": 10235000.0,
        "Normalized Income": 159188525.0,
        "Net Income From Continuing And Discontinued Operation": 156359000.0,
        "Total Expenses": 1074547000.0,
        "Total Operating Income As Reported": 216844000.0,
        "Diluted Average Shares": 64713748.0,
        "Basic Average Shares": 63662510.0,
        "Diluted EPS": 2.21,
        "Basic EPS": 2.24,
        "Diluted NI Availto Com Stockholders": 156359000.0,
        "Net Income Common Stockholders": 156359000.0,
        "Net Income": 156359000.0,
        "Minority Interests": -1278000.0,
        "Net Income Including Noncontrolling Interests": 157637000.0,
        "Net Income Continuous Operations": 157637000.0,
        "Tax Provision": 45826000.0,
        "Pretax Income": 203463000.0,
        "Other Income Expense": -3146000.0,
        "Other Non Operating Income Expenses": 505000.0,
        "Special Income Charges": -3743000.0,
        "Other Special Charges": 3743000.0,
        "Restructuring And Mergern Acquisition": NaN,
        "Gain On Sale Of Security": 92000.0,
        "Net Non Operating Interest Income Expense": -10235000.0,
        "Interest Expense Non Operating": 10235000.0,
        "Operating Income": 216844000.0,
        "Operating Expense": 240141000.0,
        "Depreciation Amortization Depletion Income Statement": 25876000.0,
        "Depreciation And Amortization In Income Statement": 25876000.0,
        "Amortization": 25876000.0,
        "Amortization Of Intangibles Income Statement": 25876000.0,
        "Research And Development": 41599000.0,
        "Selling General And Administration": 172666000.0,
        "Selling And Marketing Expense": 120066000.0,
        "General And Administrative Expense": 52600000.0,
        "Other Gand A": 52600000.0,
        "Gross Profit": 456985000.0,
        "Cost Of Revenue": 834406000.0,
        "Total Revenue": 1291391000.0,
        "Operating Revenue": 1291391000.0
    },
    "2023-06-30": {
        "Tax Effect Of Unusual Items": NaN,
        "Tax Rate For Calcs": NaN,
        "Normalized EBITDA": NaN,
        "Total Unusual Items": NaN,
        "Total Unusual Items Excluding Goodwill": NaN,
        "Net Income From Continuing Operation Net Minority Interest": NaN,
        "Reconciled Depreciation": NaN,
        "Reconciled Cost Of Revenue": NaN,
        "EBITDA": NaN,
        "EBIT": NaN,
        "Net Interest Income": NaN,
        "Interest Expense": NaN,
        "Normalized Income": NaN,
        "Net Income From Continuing And Discontinued Operation": NaN,
        "Total Expenses": NaN,
        "Total Operating Income As Reported": NaN,
        "Diluted Average Shares": NaN,
        "Basic Average Shares": NaN,
        "Diluted EPS": NaN,
        "Basic EPS": NaN,
        "Diluted NI Availto Com Stockholders": NaN,
        "Net Income Common Stockholders": NaN,
        "Net Income": NaN,
        "Minority Interests": NaN,
        "Net Income Including Noncontrolling Interests": NaN,
        "Net Income Continuous Operations": NaN,
        "Tax Provision": NaN,
        "Pretax Income": NaN,
        "Other Income Expense": NaN,
        "Other Non Operating Income Expenses": NaN,
        "Special Income Charges": 0.0,
        "Other Special Charges": NaN,
        "Gain On Sale Of Security": NaN,
        "Net Non Operating Interest Income Expense": NaN,
        "Interest Expense Non Operating": NaN,
        "Operating Income": NaN,
        "Operating Expense": NaN,
        "Depreciation Amortization Depletion Income Statement": NaN,
        "Depreciation And Amortization In Income Statement": NaN,
        "Amortization": NaN,
        "Amortization Of Intangibles Income Statement": NaN,
        "Research And Development": NaN,
        "Selling General And Administration": NaN,
        "Selling And Marketing Expense": NaN,
        "General And Administrative Expense": NaN,
        "Other Gand A": NaN,
        "Gross Profit": NaN,
        "Cost Of Revenue": NaN,
        "Total Revenue": NaN,
        "Operating Revenue": NaN
    },
    "2022-03-31": {
        "Diluted EPS": 1.57,
        "Total Revenue": NaN,
        "Gross Profit": 361,
        "Operating Income": 155,
        "EBIT": 194,
        "Net Income": 102
    },
    "2021-12-31": {
        "Diluted EPS": 2.03,
        "Total Revenue": NaN,
        "Gross Profit": 363,
        "Operating Income": 175,
        "EBIT": 205,
        "Net Income": 149
    },
    "2021-09-30": {
        "Diluted EPS": 1.93,
        "Total Revenue": 943,
        "Gross Profit": 336,
        "Operating Income": 174,
        "EBIT": 197,
        "Net Income": 124
    },
    "2021-06-30": {
        "Diluted EPS": 2.01,
        "Total Revenue": 920,
        "Gross Profit": 340,
        "Operating Income": 183,
        "EBIT": 205,
        "Net Income": 129
    },
    "2021-03-31": {
        "Diluted EPS": 2.33,
        "Total Revenue": 807,
        "Gross Profit": 322,
        "Operating Income": 189,
        "EBIT": 208,
        "Net Income": 149
    },
    "2020-12-31": {
        "Diluted EPS": 1.96,
        "Total Revenue": 761,
        "Gross Profit": 300,
        "Operating Income": 171,
        "EBIT": 190,
        "Net Income": 127
    },
    "2020-09-30": {
        "Diluted EPS": 1.82,
        "Total Revenue": 701,
        "Gross Profit": 276,
        "Operating Income": 156,
        "EBIT": 173,
        "Net Income": 116
    },
    "2020-06-30": {
        "Diluted EPS": 1.02,
        "Total Revenue": 547,
        "Gross Profit": 209,
        "Operating Income": 90,
        "EBIT": 107,
        "Net Income": 65
    },
    "2020-03-31": {
        "Diluted EPS": 0.68,
        "Total Revenue": 476,
        "Gross Profit": 172,
        "Operating Income": 63,
        "EBIT": 80,
        "Net Income": 43
    },
    "2019-12-31": {
        "Diluted EPS": 1.11,
        "Total Revenue": 591,
        "Gross Profit": 222,
        "Operating Income": 105,
        "EBIT": 72,
        "Net Income": 71
    },
    "2019-09-30": {
        "Diluted EPS": 1.18,
        "Total Revenue": 601,
        "Gross Profit": 218,
        "Operating Income": 106,
        "EBIT": 122,
        "Net Income": 74
    },
    "2019-06-30": {
        "Diluted EPS": 0.98,
        "Total Revenue": 542,
        "Gross Profit": 196,
        "Operating Income": 91,
        "EBIT": 107,
        "Net Income": 61
    },
    "2019-03-31": {
        "Diluted EPS": 0.76,
        "Total Revenue": 470,
        "Gross Profit": 162,
        "Operating Income": 71,
        "EBIT": 85,
        "Net Income": 47
    },
    "2018-12-31": {
        "Diluted EPS": 1.19,
        "Total Revenue": 563,
        "Gross Profit": 204,
        "Operating Income": 109,
        "EBIT": 122,
        "Net Income": 74
    },
    "2018-09-30": {
        "Diluted EPS": 1.11,
        "Total Revenue": 562,
        "Gross Profit": 200,
        "Operating Income": 107,
        "EBIT": 120,
        "Net Income": 69
    },
    "2018-06-30": {
        "Diluted EPS": 0.82,
        "Total Revenue": 498,
        "Gross Profit": 178,
        "Operating Income": 85,
        "EBIT": 98,
        "Net Income": 51
    },
    "2018-03-31": {
        "Diluted EPS": 0.42,
        "Total Revenue": 400,
        "Gross Profit": 142,
        "Operating Income": 56,
        "EBIT": 69,
        "Net Income": 26
    },
    "2017-12-31": {
        "Diluted EPS": 1.29,
        "Total Revenue": 498,
        "Gross Profit": 187,
        "Operating Income": 95,
        "EBIT": 110,
        "Net Income": 81
    },
    "2017-09-30": {
        "Diluted EPS": 0.63,
        "Total Revenue": 456,
        "Gross Profit": 156,
        "Operating Income": 73,
        "EBIT": 87,
        "Net Income": 39
    },
    "2017-06-30": {
        "Diluted EPS": 0.41,
        "Total Revenue": 395,
        "Gross Profit": 133,
        "Operating Income": 52,
        "EBIT": 66,
        "Net Income": 26
    },
    "2017-03-31": {
        "Diluted EPS": 0.2,
        "Total Revenue": 330,
        "Gross Profit": 109,
        "Operating Income": 31,
        "EBIT": 44,
        "Net Income": 13
    },
    "2016-12-31": {
        "Diluted EPS": 0.61,
        "Total Revenue": 421,
        "Gross Profit": 152,
        "Operating Income": 75,
        "EBIT": 89,
        "Net Income": 39
    },
    "2016-09-30": {
        "Diluted EPS": 0.4,
        "Total Revenue": 373,
        "Gross Profit": 138,
        "Operating Income": 56,
        "EBIT": 72,
        "Net Income": 26
    },
    "2016-06-30": {
        "Diluted EPS": 0.31,
        "Total Revenue": 367,
        "Gross Profit": 124,
        "Operating Income": 44,
        "EBIT": 59,
        "Net Income": 21
    },
    "2016-03-31": {
        "Diluted EPS": 0.15,
        "Total Revenue": 287,
        "Gross Profit": 98,
        "Operating Income": 27,
        "EBIT": 41,
        "Net Income": 10
    },
    "2015-12-31": {
        "Diluted EPS": 0.14,
        "Total Revenue": 358,
        "Gross Profit": 131,
        "Operating Income": 27,
        "EBIT": 39,
        "Net Income": 9
    },
    "2015-09-30": {
        "Diluted EPS": 0.49,
        "Total Revenue": 359,
        "Gross Profit": 130,
        "Operating Income": 68,
        "EBIT": 79,
        "Net Income": 34
    },
    "2015-06-30": {
        "Diluted EPS": 0.21,
        "Total Revenue": 288,
        "Gross Profit": 96,
        "Operating Income": 39,
        "EBIT": 51,
        "Net Income": 15
    },
    "2015-03-31": {
        "Diluted EPS": 0.28,
        "Total Revenue": 312,
        "Gross Profit": 103,
        "Operating Income": 45,
        "EBIT": 56,
        "Net Income": 20
    },
    "2014-12-31": {
        "Diluted EPS": 0.7,
        "Total Revenue": 404,
        "Gross Profit": 138,
        "Operating Income": 79,
        "EBIT": 90,
        "Net Income": 49
    },
    "2014-09-30": {
        "Diluted EPS": 0.52,
        "Total Revenue": 352,
        "Gross Profit": 130,
        "Operating Income": 71,
        "EBIT": 81,
        "Net Income": 36
    },
    "2014-06-30": {
        "Diluted EPS": 0.77,
        "Total Revenue": 363,
        "Gross Profit": 128,
        "Operating Income": 78,
        "EBIT": 88,
        "Net Income": 54
    },
    "2014-03-31": {
        "Diluted EPS": 0.5,
        "Total Revenue": 342,
        "Gross Profit": 120,
        "Operating Income": 65,
        "EBIT": 75,
        "Net Income": 35
    },
    "2013-12-31": {
        "Diluted EPS": 0.71,
        "Total Revenue": 376,
        "Gross Profit": 146,
        "Operating Income": 91,
        "EBIT": 102,
        "Net Income": 49
    },
    "2013-09-30": {
        "Diluted EPS": 0.67,
        "Total Revenue": 363,
        "Gross Profit": 139,
        "Operating Income": 87,
        "EBIT": 99,
        "Net Income": 47
    },
    "2013-06-30": {
        "Diluted EPS": 0.4,
        "Total Revenue": 347,
        "Gross Profit": 131,
        "Operating Income": 76,
        "EBIT": 87,
        "Net Income": 28
    },
    "2013-03-31": {
        "Diluted EPS": 0.73,
        "Total Revenue": 400,
        "Gross Profit": 153,
        "Operating Income": 97,
        "EBIT": 107,
        "Net Income": 51
    },
    "2012-12-31": {
        "Diluted EPS": 0.4,
        "Total Revenue": 342,
        "Gross Profit": 126,
        "Operating Income": 68,
        "EBIT": 81,
        "Net Income": 28
    },
    "2012-09-30": {
        "Diluted EPS": 0.37,
        "Total Revenue": 301,
        "Gross Profit": 116,
        "Operating Income": 59,
        "EBIT": 76,
        "Net Income": 26
    },
    "2012-06-30": {
        "Diluted EPS": 0.14,
        "Total Revenue": 239,
        "Gross Profit": 87,
        "Operating Income": 37,
        "EBIT": 53,
        "Net Income": 9
    },
    "2012-03-31": {
        "Diluted EPS": 0.44,
        "Total Revenue": 295,
        "Gross Profit": 111,
        "Operating Income": 59,
        "EBIT": 74,
        "Net Income": 30
    },
    "2011-12-31": {
        "Diluted EPS": 3.94,
        "Total Revenue": 267,
        "Gross Profit": 98,
        "Operating Income": 36,
        "EBIT": 51,
        "Net Income": 267
    },
    "2011-09-30": {
        "Diluted EPS": 0.55,
        "Total Revenue": 239,
        "Gross Profit": 89,
        "Operating Income": 44,
        "EBIT": 59,
        "Net Income": 37
    },
    "2011-06-30": {
        "Diluted EPS": 0.23,
        "Total Revenue": 161,
        "Gross Profit": 60,
        "Operating Income": 22,
        "EBIT": 36,
        "Net Income": 15
    },
    "2011-03-31": {
        "Diluted EPS": 0.07,
        "Total Revenue": 124,
        "Gross Profit": 47,
        "Operating Income": 11,
        "EBIT": 25,
        "Net Income": 5
    },
    "2010-12-31": {
        "Diluted EPS": 2.08,
        "Total Revenue": 161,
        "Gross Profit": 64,
        "Operating Income": 26,
        "EBIT": 42,
        "Net Income": 19
    },
    "2010-09-30": {
        "Diluted EPS": 0.34,
        "Total Revenue": 161,
        "Gross Profit": 67,
        "Operating Income": 30,
        "EBIT": 45,
        "Net Income": 23
    },
    "2010-06-30": {
        "Diluted EPS": 0.19,
        "Total Revenue": 140,
        "Gross Profit": 55,
        "Operating Income": 19,
        "EBIT": 34,
        "Net Income": 13
    },
    "2010-03-31": {
        "Diluted EPS": -4.26,
        "Total Revenue": 131,
        "Gross Profit": 51,
        "Operating Income": 15,
        "EBIT": 31,
        "Net Income": -152
    },
    "2009-12-31": {
        "Diluted EPS": -686.9,
        "Total Revenue": 154,
        "Gross Profit": 64,
        "Operating Income": 29,
        "EBIT": 51,
        "Net Income": -18
    },
    "2009-09-30": {
        "Diluted EPS": -572.42,
        "Total Revenue": 144,
        "Gross Profit": 64,
        "Operating Income": 31,
        "EBIT": 52,
        "Net Income": -15
    },
    "2009-06-30": {
        "Diluted EPS": -662.19,
        "Total Revenue": 150,
        "Gross Profit": 60,
        "Operating Income": 25,
        "EBIT": 46,
        "Net Income": -17
    },
    "2009-03-31": {
        "Diluted EPS": -820.3,
        "Total Revenue": 140,
        "Gross Profit": 48,
        "Operating Income": 14,
        "EBIT": 37,
        "Net Income": -21
    },
    "2023-09-30": {
        "Tax Effect Of Unusual Items": NaN,
        "Tax Rate For Calcs": NaN,
        "Normalized EBITDA": NaN,
        "Total Unusual Items": NaN,
        "Total Unusual Items Excluding Goodwill": NaN,
        "Net Income From Continuing Operation Net Minority Interest": NaN,
        "Reconciled Depreciation": NaN,
        "Reconciled Cost Of Revenue": NaN,
        "EBITDA": NaN,
        "EBIT": NaN,
        "Net Interest Income": NaN,
        "Interest Expense": NaN,
        "Normalized Income": NaN,
        "Net Income From Continuing And Discontinued Operation": NaN,
        "Total Expenses": NaN,
        "Total Operating Income As Reported": NaN,
        "Diluted Average Shares": NaN,
        "Basic Average Shares": NaN,
        "Diluted EPS": NaN,
        "Basic EPS": NaN,
        "Diluted NI Availto Com Stockholders": NaN,
        "Net Income Common Stockholders": NaN,
        "Net Income": NaN,
        "Minority Interests": NaN,
        "Net Income Including Noncontrolling Interests": NaN,
        "Net Income Continuous Operations": NaN,
        "Tax Provision": NaN,
        "Pretax Income": NaN,
        "Other Income Expense": NaN,
        "Other Non Operating Income Expenses": NaN,
        "Special Income Charges": 0.0,
        "Other Special Charges": NaN,
        "Gain On Sale Of Security": NaN,
        "Net Non Operating Interest Income Expense": NaN,
        "Interest Expense Non Operating": NaN,
        "Operating Income": NaN,
        "Operating Expense": NaN,
        "Depreciation Amortization Depletion Income Statement": NaN,
        "Depreciation And Amortization In Income Statement": NaN,
        "Amortization": NaN,
        "Amortization Of Intangibles Income Statement": NaN,
        "Research And Development": NaN,
        "Selling General And Administration": NaN,
        "Selling And Marketing Expense": NaN,
        "General And Administrative Expense": NaN,
        "Other Gand A": NaN,
        "Gross Profit": NaN,
        "Cost Of Revenue": NaN,
        "Total Revenue": NaN,
        "Operating Revenue": NaN
    },
    "2023-12-31": {
        "Tax Effect Of Unusual Items": NaN,
        "Tax Rate For Calcs": NaN,
        "Normalized EBITDA": NaN,
        "Total Unusual Items": NaN,
        "Total Unusual Items Excluding Goodwill": NaN,
        "Net Income From Continuing Operation Net Minority Interest": NaN,
        "Reconciled Depreciation": NaN,
        "Reconciled Cost Of Revenue": NaN,
        "EBITDA": NaN,
        "EBIT": NaN,
        "Net Interest Income": NaN,
        "Interest Expense": NaN,
        "Normalized Income": NaN,
        "Net Income From Continuing And Discontinued Operation": NaN,
        "Total Expenses": NaN,
        "Total Operating Income As Reported": NaN,
        "Diluted Average Shares": NaN,
        "Basic Average Shares": NaN,
        "Diluted EPS": NaN,
        "Basic EPS": NaN,
        "Diluted NI Availto Com Stockholders": NaN,
        "Net Income Common Stockholders": NaN,
        "Otherunder Preferred Stock Dividend": NaN,
        "Net Income": NaN,
        "Minority Interests": NaN,
        "Net Income Including Noncontrolling Interests": NaN,
        "Net Income Continuous Operations": NaN,
        "Tax Provision": NaN,
        "Pretax Income": NaN,
        "Other Income Expense": NaN,
        "Other Non Operating Income Expenses": NaN,
        "Special Income Charges": -460000.0,
        "Other Special Charges": NaN,
        "Gain On Sale Of Security": NaN,
        "Net Non Operating Interest Income Expense": NaN,
        "Interest Expense Non Operating": NaN,
        "Operating Income": NaN,
        "Operating Expense": NaN,
        "Depreciation Amortization Depletion Income Statement": NaN,
        "Depreciation And Amortization In Income Statement": NaN,
        "Amortization": NaN,
        "Amortization Of Intangibles Income Statement": NaN,
        "Research And Development": NaN,
        "Selling General And Administration": NaN,
        "Selling And Marketing Expense": NaN,
        "General And Administrative Expense": NaN,
        "Other Gand A": NaN,
        "Gross Profit": NaN,
        "Cost Of Revenue": NaN,
        "Total Revenue": NaN,
        "Operating Revenue": NaN
    },
    "2024-03-31": {
        "Tax Effect Of Unusual Items": -1353247.72143,
        "Tax Rate For Calcs": 0.312456,
        "Normalized EBITDA": 108349000.0,
        "Total Unusual Items": -4331000.0,
        "Total Unusual Items Excluding Goodwill": -4331000.0,
        "Net Income From Continuing Operation Net Minority Interest": 23546000.0,
        "Reconciled Depreciation": 41902000.0,
        "Reconciled Cost Of Revenue": 555742000.0,
        "EBITDA": 104018000.0,
        "EBIT": 62116000.0,
        "Net Interest Income": -23605000.0,
        "Interest Expense": 23605000.0,
        "Normalized Income": 26523752.27857,
        "Net Income From Continuing And Discontinued Operation": 23546000.0,
        "Total Expenses": 822404000.0,
        "Total Operating Income As Reported": 66869000.0,
        "Diluted Average Shares": 60486125.0,
        "Basic Average Shares": 59849362.0,
        "Diluted EPS": 0.39,
        "Basic EPS": 0.39,
        "Diluted NI Availto Com Stockholders": 23546000.0,
        "Net Income Common Stockholders": 23546000.0,
        "Net Income": 23546000.0,
        "Minority Interests": -2932000.0,
        "Net Income Including Noncontrolling Interests": 26478000.0,
        "Net Income Continuous Operations": 26478000.0,
        "Tax Provision": 12033000.0,
        "Pretax Income": 38511000.0,
        "Other Income Expense": -4753000.0,
        "Other Non Operating Income Expenses": -422000.0,
        "Special Income Charges": NaN,
        "Other Special Charges": NaN,
        "Gain On Sale Of Security": -4331000.0,
        "Net Non Operating Interest Income Expense": -23605000.0,
        "Interest Expense Non Operating": 23605000.0,
        "Operating Income": 66869000.0,
        "Operating Expense": 249510000.0,
        "Depreciation Amortization Depletion Income Statement": 24750000.0,
        "Depreciation And Amortization In Income Statement": 24750000.0,
        "Amortization": 24750000.0,
        "Amortization Of Intangibles Income Statement": 24750000.0,
        "Research And Development": 49410000.0,
        "Selling General And Administration": 175350000.0,
        "Selling And Marketing Expense": 108586000.0,
        "General And Administrative Expense": 66764000.0,
        "Other Gand A": 66764000.0,
        "Gross Profit": 316379000.0,
        "Cost Of Revenue": 572894000.0,
        "Total Revenue": 889273000.0,
        "Operating Revenue": 889273000.0
    },
    "2024-06-30": {
        "Tax Effect Of Unusual Items": -68878.118209,
        "Tax Rate For Calcs": 0.249558,
        "Normalized EBITDA": 145165000.0,
        "Total Unusual Items": -276000.0,
        "Total Unusual Items Excluding Goodwill": -276000.0,
        "Net Income From Continuing Operation Net Minority Interest": 59115000.0,
        "Reconciled Depreciation": 42880000.0,
        "Reconciled Cost Of Revenue": 604547000.0,
        "EBITDA": 144889000.0,
        "EBIT": 102009000.0,
        "Net Interest Income": -23318000.0,
        "Interest Expense": 23318000.0,
        "Normalized Income": 59322121.881791,
        "Net Income From Continuing And Discontinued Operation": 59115000.0,
        "Total Expenses": 894962000.0,
        "Total Operating Income As Reported": 103235000.0,
        "Diluted Average Shares": 60641740.0,
        "Basic Average Shares": 59880336.0,
        "Diluted EPS": 0.97,
        "Basic EPS": 0.99,
        "Diluted NI Availto Com Stockholders": 59115000.0,
        "Net Income Common Stockholders": 59115000.0,
        "Otherunder Preferred Stock Dividend": 0.0,
        "Net Income": 59115000.0,
        "Minority Interests": 62000.0,
        "Net Income Including Noncontrolling Interests": 59053000.0,
        "Net Income Continuous Operations": 59053000.0,
        "Tax Provision": 19638000.0,
        "Pretax Income": 78691000.0,
        "Other Income Expense": -1226000.0,
        "Other Non Operating Income Expenses": -950000.0,
        "Special Income Charges": NaN,
        "Other Special Charges": NaN,
        "Gain On Sale Of Security": -276000.0,
        "Net Non Operating Interest Income Expense": -23318000.0,
        "Interest Expense Non Operating": 23318000.0,
        "Operating Income": 103235000.0,
        "Operating Expense": 272326000.0,
        "Depreciation Amortization Depletion Income Statement": 24791000.0,
        "Depreciation And Amortization In Income Statement": 24791000.0,
        "Amortization": 24791000.0,
        "Amortization Of Intangibles Income Statement": 24791000.0,
        "Research And Development": 53996000.0,
        "Selling General And Administration": 193539000.0,
        "Selling And Marketing Expense": 128153000.0,
        "General And Administrative Expense": 65386000.0,
        "Other Gand A": 65386000.0,
        "Gross Profit": 375561000.0,
        "Cost Of Revenue": 622636000.0,
        "Total Revenue": 998197000.0,
        "Operating Revenue": 882568000.0
    },
    "2024-09-30": {
        "Tax Effect Of Unusual Items": 475338.0,
        "Tax Rate For Calcs": 0.227,
        "Normalized EBITDA": 211199000.0,
        "Total Unusual Items": 2094000.0,
        "Total Unusual Items Excluding Goodwill": 2094000.0,
        "Net Income From Continuing Operation Net Minority Interest": 113742000.0,
        "Reconciled Depreciation": 43152000.0,
        "Reconciled Cost Of Revenue": 682299000.0,
        "EBITDA": 213293000.0,
        "EBIT": 170141000.0,
        "Net Interest Income": -22910000.0,
        "Interest Expense": 22910000.0,
        "Normalized Income": 112123338.0,
        "Net Income From Continuing And Discontinued Operation": 113742000.0,
        "Total Expenses": 1004939000.0,
        "Total Operating Income As Reported": 168624000.0,
        "Diluted Average Shares": 60312393.0,
        "Basic Average Shares": 59493640.0,
        "Diluted EPS": 1.89,
        "Basic EPS": 1.91,
        "Diluted NI Availto Com Stockholders": 113742000.0,
        "Net Income Common Stockholders": 113742000.0,
        "Otherunder Preferred Stock Dividend": NaN,
        "Net Income": 113742000.0,
        "Minority Interests": -36000.0,
        "Net Income Including Noncontrolling Interests": 113778000.0,
        "Net Income Continuous Operations": 113778000.0,
        "Tax Provision": 33453000.0,
        "Pretax Income": 147231000.0,
        "Other Income Expense": 1517000.0,
        "Other Non Operating Income Expenses": -577000.0,
        "Special Income Charges": -4861000.0,
        "Other Special Charges": 4861000.0,
        "Gain On Sale Of Security": 6955000.0,
        "Net Non Operating Interest Income Expense": -22910000.0,
        "Interest Expense Non Operating": 22910000.0,
        "Operating Income": 168624000.0,
        "Operating Expense": 303645000.0,
        "Depreciation Amortization Depletion Income Statement": 24157000.0,
        "Depreciation And Amortization In Income Statement": 24157000.0,
        "Amortization": 24157000.0,
        "Amortization Of Intangibles Income Statement": 24157000.0,
        "Research And Development": 56936000.0,
        "Selling General And Administration": 222552000.0,
        "Selling And Marketing Expense": 145310000.0,
        "General And Administrative Expense": 77242000.0,
        "Other Gand A": 77242000.0,
        "Gross Profit": 472269000.0,
        "Cost Of Revenue": 701294000.0,
        "Total Revenue": 1173563000.0,
        "Operating Revenue": 1173563000.0
    },
    "2024-12-31": {
        "Tax Effect Of Unusual Items": -6173764.104686,
        "Tax Rate For Calcs": 0.188518,
        "Normalized EBITDA": 241468000.0,
        "Total Unusual Items": -32749000.0,
        "Total Unusual Items Excluding Goodwill": -32749000.0,
        "Net Income From Continuing Operation Net Minority Interest": 128853000.0,
        "Reconciled Depreciation": 43834000.0,
        "Reconciled Cost Of Revenue": 713595000.0,
        "EBITDA": 208719000.0,
        "EBIT": 164885000.0,
        "Net Interest Income": -19880000.0,
        "Interest Expense": 19880000.0,
        "Normalized Income": 155428235.895314,
        "Net Income From Continuing And Discontinued Operation": 128853000.0,
        "Total Expenses": 1036787000.0,
        "Total Operating Income As Reported": 198014000.0,
        "Diluted Average Shares": 60012948.0,
        "Basic Average Shares": 59122093.0,
        "Diluted EPS": 2.15,
        "Basic EPS": 2.18,
        "Diluted NI Availto Com Stockholders": 128853000.0,
        "Net Income Common Stockholders": 128853000.0,
        "Otherunder Preferred Stock Dividend": NaN,
        "Net Income": 128853000.0,
        "Minority Interests": 11184000.0,
        "Net Income Including Noncontrolling Interests": 117669000.0,
        "Net Income Continuous Operations": 117669000.0,
        "Tax Provision": 27336000.0,
        "Pretax Income": 145005000.0,
        "Other Income Expense": -33129000.0,
        "Other Non Operating Income Expenses": -380000.0,
        "Special Income Charges": 0.0,
        "Other Special Charges": 0.0,
        "Gain On Sale Of Security": -32749000.0,
        "Net Non Operating Interest Income Expense": -19880000.0,
        "Interest Expense Non Operating": 19880000.0,
        "Operating Income": 198014000.0,
        "Operating Expense": 303403000.0,
        "Depreciation Amortization Depletion Income Statement": 24045000.0,
        "Depreciation And Amortization In Income Statement": 24045000.0,
        "Amortization": 24045000.0,
        "Amortization Of Intangibles Income Statement": 24045000.0,
        "Research And Development": 59258000.0,
        "Selling General And Administration": 220100000.0,
        "Selling And Marketing Expense": 144397000.0,
        "General And Administrative Expense": 75703000.0,
        "Other Gand A": 75703000.0,
        "Gross Profit": 501417000.0,
        "Cost Of Revenue": 733384000.0,
        "Total Revenue": 1234801000.0,
        "Operating Revenue": 1234801000.0
    },
    "2025-03-31": {
        "Tax Effect Of Unusual Items": -1876446.0,
        "Tax Rate For Calcs": 0.243,
        "Normalized EBITDA": 129487000.0,
        "Total Unusual Items": -7722000.0,
        "Total Unusual Items Excluding Goodwill": -7722000.0,
        "Net Income From Continuing Operation Net Minority Interest": 43840000.0,
        "Reconciled Depreciation": 46141000.0,
        "Reconciled Cost Of Revenue": 549483000.0,
        "EBITDA": 121765000.0,
        "EBIT": 75624000.0,
        "Net Interest Income": -17110000.0,
        "Interest Expense": 17110000.0,
        "Normalized Income": 49685554.0,
        "Net Income From Continuing And Discontinued Operation": 43840000.0,
        "Total Expenses": 858483000.0,
        "Total Operating Income As Reported": 83638000.0,
        "Diluted Average Shares": 59747589.0,
        "Basic Average Shares": 59062534.0,
        "Diluted EPS": 0.73,
        "Basic EPS": 0.74,
        "Diluted NI Availto Com Stockholders": 43840000.0,
        "Net Income Common Stockholders": 43840000.0,
        "Otherunder Preferred Stock Dividend": NaN,
        "Net Income": 43840000.0,
        "Minority Interests": -438000.0,
        "Net Income Including Noncontrolling Interests": 44278000.0,
        "Net Income Continuous Operations": 44278000.0,
        "Tax Provision": 14236000.0,
        "Pretax Income": 58514000.0,
        "Other Income Expense": -8014000.0,
        "Other Non Operating Income Expenses": -292000.0,
        "Special Income Charges": NaN,
        "Other Special Charges": NaN,
        "Gain On Sale Of Security": -7722000.0,
        "Net Non Operating Interest Income Expense": -17110000.0,
        "Interest Expense Non Operating": 17110000.0,
        "Operating Income": 83638000.0,
        "Operating Expense": 288348000.0,
        "Depreciation Amortization Depletion Income Statement": 25489000.0,
        "Depreciation And Amortization In Income Statement": 25489000.0,
        "Amortization": 25489000.0,
        "Amortization Of Intangibles Income Statement": 25489000.0,
        "Research And Development": 62048000.0,
        "Selling General And Administration": 200811000.0,
        "Selling And Marketing Expense": 126065000.0,
        "General And Administrative Expense": 74746000.0,
        "Other Gand A": 74746000.0,
        "Gross Profit": 371986000.0,
        "Cost Of Revenue": 570135000.0,
        "Total Revenue": 942121000.0,
        "Operating Revenue": 942121000.0
    },
    "2025-06-30": {
        "Tax Effect Of Unusual Items": 38275.230379,
        "Tax Rate For Calcs": 0.171638,
        "Normalized EBITDA": 156192000.0,
        "Total Unusual Items": 223000.0,
        "Total Unusual Items Excluding Goodwill": 223000.0,
        "Net Income From Continuing Operation Net Minority Interest": 74016000.0,
        "Reconciled Depreciation": 48321000.0,
        "Reconciled Cost Of Revenue": 621780000.0,
        "EBITDA": 156415000.0,
        "EBIT": 108094000.0,
        "Net Interest Income": -18242000.0,
        "Interest Expense": 18242000.0,
        "Normalized Income": 73831275.230379,
        "Net Income From Continuing And Discontinued Operation": 74016000.0,
        "Total Expenses": 949380000.0,
        "Total Operating Income As Reported": 111789000.0,
        "Diluted Average Shares": 59017823.0,
        "Basic Average Shares": 58496998.0,
        "Diluted EPS": 1.25,
        "Basic EPS": 1.27,
        "Diluted NI Availto Com Stockholders": 74016000.0,
        "Net Income Common Stockholders": 74016000.0,
        "Otherunder Preferred Stock Dividend": 0.0,
        "Net Income": 74016000.0,
        "Minority Interests": -414000.0,
        "Net Income Including Noncontrolling Interests": 74430000.0,
        "Net Income Continuous Operations": 74430000.0,
        "Tax Provision": 15422000.0,
        "Pretax Income": 89852000.0,
        "Other Income Expense": -3695000.0,
        "Other Non Operating Income Expenses": -3918000.0,
        "Special Income Charges": NaN,
        "Other Special Charges": NaN,
        "Gain On Sale Of Security": 223000.0,
        "Net Non Operating Interest Income Expense": -18242000.0,
        "Interest Expense Non Operating": 18242000.0,
        "Operating Income": 111789000.0,
        "Operating Expense": 304960000.0,
        "Depreciation Amortization Depletion Income Statement": 25681000.0,
        "Depreciation And Amortization In Income Statement": 25681000.0,
        "Amortization": 25681000.0,
        "Amortization Of Intangibles Income Statement": 25681000.0,
        "Research And Development": 60354000.0,
        "Selling General And Administration": 218925000.0,
        "Selling And Marketing Expense": 139495000.0,
        "General And Administrative Expense": 79430000.0,
        "Other Gand A": 79430000.0,
        "Gross Profit": 416749000.0,
        "Cost Of Revenue": 644420000.0,
        "Total Revenue": 1061169000.0,
        "Operating Revenue": 936392000.0
    }
}