{
    "2023-06-30": {
        "Tax Effect Of Unusual Items": 436531.034,
        "Tax Rate For Calcs": 0.151,
        "Normalized EBITDA": 149198742.0,
        "Total Unusual Items": 2890934.0,
        "Total Unusual Items Excluding Goodwill": 2890934.0,
        "Net Income From Continuing Operation Net Minority Interest": 109155403.0,
        "Reconciled Depreciation": 24800288.0,
        "Reconciled Cost Of Revenue": 390389807.0,
        "EBITDA": 152089676.0,
        "EBIT": 127289388.0,
        "Normalized Income": 106701000.034,
        "Net Income From Continuing And Discontinued Operation": 109155403.0,
        "Total Expenses": 456183458.0,
        "Total Operating Income As Reported": 127289388.0,
        "Diluted Average Shares": 232245538.0,
        "Basic Average Shares": 232245538.0,
        "Diluted EPS": 0.47,
        "Basic EPS": 0.47,
        "Diluted NI Availto Com Stockholders": 107539569.0,
        "Average Dilution Earnings": 1147.0,
        "Net Income Common Stockholders": 107538422.0,
        "Otherunder Preferred Stock Dividend": 1616981.0,
        "Net Income": 109155403.0,
        "Net Income Including Noncontrolling Interests": 109155403.0,
        "Net Income Continuous Operations": 109155403.0,
        "Tax Provision": 19448381.0,
        "Pretax Income": 128603784.0,
        "Other Income Expense": 1314396.0,
        "Other Non Operating Income Expenses": -1576538.0,
        "Gain On Sale Of Security": 2890934.0,
        "Operating Income": 127289388.0,
        "Operating Expense": 65793651.0,
        "Research And Development": 37973790.0,
        "Selling General And Administration": 27819861.0,
        "Gross Profit": 193083039.0,
        "Cost Of Revenue": 390389807.0,
        "Total Revenue": 583472846.0,
        "Operating Revenue": 583472846.0
    },
    "2023-03-31": {
        "Tax Effect Of Unusual Items": 467332.005,
        "Tax Rate For Calcs": 0.159,
        "Normalized EBITDA": 134353100.0,
        "Total Unusual Items": 2939195.0,
        "Total Unusual Items Excluding Goodwill": 2939195.0,
        "Net Income From Continuing Operation Net Minority Interest": 97578261.0,
        "Reconciled Depreciation": 24041648.0,
        "Reconciled Cost Of Revenue": 376024080.0,
        "EBITDA": 137292295.0,
        "EBIT": 113250647.0,
        "Normalized Income": 95106398.005,
        "Net Income From Continuing And Discontinued Operation": 97578261.0,
        "Total Expenses": 437510664.0,
        "Total Operating Income As Reported": 113250647.0,
        "Diluted Average Shares": 232789811.0,
        "Basic Average Shares": 232151296.0,
        "Diluted EPS": 0.42,
        "Basic EPS": 0.42,
        "Diluted NI Availto Com Stockholders": 96122624.0,
        "Average Dilution Earnings": 1276.0,
        "Net Income Common Stockholders": 96121348.0,
        "Otherunder Preferred Stock Dividend": 1456913.0,
        "Net Income": 97578261.0,
        "Net Income Including Noncontrolling Interests": 97578261.0,
        "Net Income Continuous Operations": 97578261.0,
        "Tax Provision": 18416841.0,
        "Pretax Income": 115995102.0,
        "Other Income Expense": 2744455.0,
        "Other Non Operating Income Expenses": -194740.0,
        "Gain On Sale Of Security": 2939195.0,
        "Operating Income": 113250647.0,
        "Operating Expense": 61486584.0,
        "Research And Development": 34653747.0,
        "Selling General And Administration": 26832837.0,
        "Gross Profit": 174737231.0,
        "Cost Of Revenue": 376024080.0,
        "Total Revenue": 550761311.0,
        "Operating Revenue": 550761311.0
    },
    "2022-12-31": {
        "Tax Effect Of Unusual Items": 154759.805343,
        "Tax Rate For Calcs": 0.097311,
        "Normalized EBITDA": 115806720.0,
        "Total Unusual Items": 1590371.0,
        "Total Unusual Items Excluding Goodwill": 1590371.0,
        "Net Income From Continuing Operation Net Minority Interest": 86168329.0,
        "Reconciled Depreciation": 23279378.0,
        "Reconciled Cost Of Revenue": 339813384.0,
        "EBITDA": 117397091.0,
        "EBIT": 94117713.0,
        "Normalized Income": 84732717.805343,
        "Net Income From Continuing And Discontinued Operation": 86168329.0,
        "Total Expenses": 399529858.0,
        "Total Operating Income As Reported": 94117713.0,
        "Diluted Average Shares": 232887376.0,
        "Basic Average Shares": 232887376.0,
        "Diluted EPS": 0.37,
        "Basic EPS": 0.37,
        "Diluted NI Availto Com Stockholders": 84857764.0,
        "Average Dilution Earnings": 887.0,
        "Net Income Common Stockholders": 84856877.0,
        "Otherunder Preferred Stock Dividend": 1311452.0,
        "Net Income": 86168329.0,
        "Net Income Including Noncontrolling Interests": 86168329.0,
        "Net Income Continuous Operations": 86168329.0,
        "Tax Provision": 9289001.0,
        "Pretax Income": 95457330.0,
        "Other Income Expense": 1339617.0,
        "Other Non Operating Income Expenses": -250754.0,
        "Gain On Sale Of Security": 1590371.0,
        "Operating Income": 94117713.0,
        "Operating Expense": 59716474.0,
        "Research And Development": 34935067.0,
        "Selling General And Administration": 24781407.0,
        "Gross Profit": 153834187.0,
        "Cost Of Revenue": 339813384.0,
        "Total Revenue": 493647571.0,
        "Operating Revenue": 493647571.0
    },
    "2022-09-30": {
        "Tax Effect Of Unusual Items": 0.0,
        "Tax Rate For Calcs": 0.157,
        "Normalized EBITDA": 86791540.0,
        "Total Unusual Items": 1496852.0,
        "Total Unusual Items Excluding Goodwill": 1496852.0,
        "Net Income From Continuing Operation Net Minority Interest": 72655995.0,
        "Reconciled Depreciation": 23236547.0,
        "Reconciled Cost Of Revenue": 346435670.0,
        "EBITDA": 86791540.0,
        "EBIT": 86791540.0,
        "Normalized Income": 72655995.0,
        "Net Income From Continuing And Discontinued Operation": 72655995.0,
        "Total Expenses": 406845155.0,
        "Total Operating Income As Reported": 86791540.0,
        "Diluted Average Shares": 231617017.0,
        "Basic Average Shares": 231316879.0,
        "Diluted EPS": 0.31,
        "Basic EPS": 0.31,
        "Diluted NI Availto Com Stockholders": 72655995.0,
        "Average Dilution Earnings": 848.0,
        "Net Income Common Stockholders": 72655995.0,
        "Otherunder Preferred Stock Dividend": 1096274.0,
        "Net Income": 72655995.0,
        "Net Income Including Noncontrolling Interests": 72655995.0,
        "Net Income Continuous Operations": 72655995.0,
        "Tax Provision": 13506358.0,
        "Pretax Income": 86162353.0,
        "Other Income Expense": -629187.0,
        "Other Non Operating Income Expenses": -629187.0,
        "Gain On Sale Of Security": 1496852.0,
        "Operating Income": 86791540.0,
        "Operating Expense": 60409485.0,
        "Research And Development": 33541331.0,
        "Selling General And Administration": 26868154.0,
        "Gross Profit": 147201025.0,
        "Cost Of Revenue": 346435670.0,
        "Total Revenue": 493636695.0,
        "Operating Revenue": 493636695.0
    },
    "2022-06-30": {
        "Tax Effect Of Unusual Items": 0.0,
        "Tax Rate For Calcs": 0.146,
        "Normalized EBITDA": 85790969.0,
        "Total Unusual Items": 920284.0,
        "Total Unusual Items Excluding Goodwill": 920284.0,
        "Net Income From Continuing Operation Net Minority Interest": 72404403.0,
        "Reconciled Depreciation": 25341018.0,
        "Reconciled Cost Of Revenue": 315055988.0,
        "EBITDA": 85790969.0,
        "EBIT": 85790969.0,
        "Normalized Income": 72404403.0,
        "Net Income From Continuing And Discontinued Operation": 72404403.0,
        "Total Expenses": 377632033.0,
        "Total Operating Income As Reported": 85790969.0,
        "Diluted Average Shares": 231438784.0,
        "Basic Average Shares": 230982301.0,
        "Diluted EPS": 0.31,
        "Basic EPS": 0.31,
        "Diluted NI Availto Com Stockholders": 72404403.0,
        "Average Dilution Earnings": 1295.0,
        "Net Income Common Stockholders": 72404403.0,
        "Otherunder Preferred Stock Dividend": 1094827.0,
        "Net Income": 72404403.0,
        "Net Income Including Noncontrolling Interests": 72404403.0,
        "Net Income Continuous Operations": 72404403.0,
        "Tax Provision": 12403581.0,
        "Pretax Income": 84807984.0,
        "Other Income Expense": -982985.0,
        "Other Non Operating Income Expenses": -982985.0,
        "Gain On Sale Of Security": 920284.0,
        "Operating Income": 85790969.0,
        "Operating Expense": 62576045.0,
        "Research And Development": 32857419.0,
        "Selling General And Administration": 29718626.0,
        "Gross Profit": 148367014.0,
        "Cost Of Revenue": 315055988.0,
        "Total Revenue": 463423002.0,
        "Operating Revenue": 463423002.0
    },
    "2022-03-31": {
        "Diluted EPS": 0.37,
        "Total Revenue": 468,
        "Gross Profit": 160,
        "Operating Income": 103,
        "EBIT": 128,
        "Net Income": 86
    },
    "2021-12-31": {
        "Diluted EPS": 0.36,
        "Total Revenue": 420,
        "Gross Profit": 144,
        "Operating Income": 88,
        "EBIT": 112,
        "Net Income": 83
    },
    "2021-09-30": {
        "Diluted EPS": 0.32,
        "Total Revenue": 400,
        "Gross Profit": 141,
        "Operating Income": 88,
        "EBIT": 112,
        "Net Income": 75
    },
    "2021-06-30": {
        "Diluted EPS": 0.36,
        "Total Revenue": 428,
        "Gross Profit": 152,
        "Operating Income": 100,
        "EBIT": 126,
        "Net Income": 85
    },
    "2021-03-31": {
        "Diluted EPS": 0.46,
        "Total Revenue": 484,
        "Gross Profit": 183,
        "Operating Income": 134,
        "EBIT": 159,
        "Net Income": 112
    },
    "2020-12-31": {
        "Diluted EPS": 0.58,
        "Total Revenue": 530,
        "Gross Profit": 217,
        "Operating Income": 162,
        "EBIT": 189,
        "Net Income": 141
    },
    "2020-09-30": {
        "Diluted EPS": 0.48,
        "Total Revenue": 475,
        "Gross Profit": 188,
        "Operating Income": 139,
        "EBIT": 164,
        "Net Income": 115
    },
    "2020-06-30": {
        "Diluted EPS": -0.01,
        "Total Revenue": 230,
        "Gross Profit": 44,
        "Operating Income": -7,
        "EBIT": 20,
        "Net Income": -3
    },
    "2020-03-31": {
        "Diluted EPS": 0.36,
        "Total Revenue": 454,
        "Gross Profit": 157,
        "Operating Income": 105,
        "EBIT": 131,
        "Net Income": 90
    },
    "2019-12-31": {
        "Diluted EPS": 0.4,
        "Total Revenue": 444,
        "Gross Profit": 162,
        "Operating Income": 111,
        "EBIT": 136,
        "Net Income": 102
    },
    "2019-09-30": {
        "Diluted EPS": 0.44,
        "Total Revenue": 478,
        "Gross Profit": 180,
        "Operating Income": 128,
        "EBIT": 154,
        "Net Income": 112
    },
    "2019-06-30": {
        "Diluted EPS": 0.42,
        "Total Revenue": 469,
        "Gross Profit": 177,
        "Operating Income": 128,
        "EBIT": 153,
        "Net Income": 108
    },
    "2019-03-31": {
        "Diluted EPS": 0.4,
        "Total Revenue": 469,
        "Gross Profit": 170,
        "Operating Income": 122,
        "EBIT": 150,
        "Net Income": 103
    },
    "2018-12-31": {
        "Diluted EPS": 0.4,
        "Total Revenue": 453,
        "Gross Profit": 172,
        "Operating Income": 125,
        "EBIT": 147,
        "Net Income": 106
    },
    "2018-09-30": {
        "Diluted EPS": 0.42,
        "Total Revenue": 460,
        "Gross Profit": 173,
        "Operating Income": 127,
        "EBIT": 152,
        "Net Income": 111
    },
    "2018-06-30": {
        "Diluted EPS": 0.4,
        "Total Revenue": 455,
        "Gross Profit": 173,
        "Operating Income": 127,
        "EBIT": 155,
        "Net Income": 109
    },
    "2018-03-31": {
        "Diluted EPS": 0.4,
        "Total Revenue": 465,
        "Gross Profit": 173,
        "Operating Income": 129,
        "EBIT": 157,
        "Net Income": 111
    },
    "2017-12-31": {
        "Diluted EPS": 0.46,
        "Total Revenue": 460,
        "Gross Profit": 180,
        "Operating Income": 134,
        "EBIT": 159,
        "Net Income": 130
    },
    "2017-09-30": {
        "Diluted EPS": 0.31,
        "Total Revenue": 439,
        "Gross Profit": 171,
        "Operating Income": 129,
        "EBIT": 154,
        "Net Income": 90
    },
    "2017-06-30": {
        "Diluted EPS": 0.31,
        "Total Revenue": 443,
        "Gross Profit": 167,
        "Operating Income": 126,
        "EBIT": 151,
        "Net Income": 89
    },
    "2017-03-31": {
        "Diluted EPS": 0.33,
        "Total Revenue": 454,
        "Gross Profit": 176,
        "Operating Income": 134,
        "EBIT": 160,
        "Net Income": 98
    },
    "2016-12-31": {
        "Diluted EPS": 0.29,
        "Total Revenue": 420,
        "Gross Profit": 169,
        "Operating Income": 128,
        "EBIT": 148,
        "Net Income": 89
    },
    "2016-09-30": {
        "Diluted EPS": 0.32,
        "Total Revenue": 430,
        "Gross Profit": 174,
        "Operating Income": 134,
        "EBIT": 157,
        "Net Income": 92
    },
    "2016-06-30": {
        "Diluted EPS": 0.3,
        "Total Revenue": 424,
        "Gross Profit": 167,
        "Operating Income": 129,
        "EBIT": 152,
        "Net Income": 86
    },
    "2016-03-31": {
        "Diluted EPS": 0.28,
        "Total Revenue": 406,
        "Gross Profit": 159,
        "Operating Income": 121,
        "EBIT": 144,
        "Net Income": 80
    },
    "2015-12-31": {
        "Diluted EPS": 0.3,
        "Total Revenue": 406,
        "Gross Profit": 163,
        "Operating Income": 127,
        "EBIT": 144,
        "Net Income": 88
    },
    "2015-09-30": {
        "Diluted EPS": 0.27,
        "Total Revenue": 390,
        "Gross Profit": 152,
        "Operating Income": 116,
        "EBIT": 138,
        "Net Income": 78
    },
    "2015-06-30": {
        "Diluted EPS": 0.25,
        "Total Revenue": 379,
        "Gross Profit": 146,
        "Operating Income": 108,
        "EBIT": 129,
        "Net Income": 75
    },
    "2015-03-31": {
        "Diluted EPS": 0.26,
        "Total Revenue": 369,
        "Gross Profit": 143,
        "Operating Income": 108,
        "EBIT": 129,
        "Net Income": 77
    },
    "2014-12-31": {
        "Diluted EPS": 0.24,
        "Total Revenue": 350,
        "Gross Profit": 135,
        "Operating Income": 99,
        "EBIT": 116,
        "Net Income": 71
    },
    "2014-09-30": {
        "Diluted EPS": 0.25,
        "Total Revenue": 351,
        "Gross Profit": 139,
        "Operating Income": 103,
        "EBIT": 123,
        "Net Income": 72
    },
    "2014-06-30": {
        "Diluted EPS": 0.26,
        "Total Revenue": 338,
        "Gross Profit": 134,
        "Operating Income": 100,
        "EBIT": 120,
        "Net Income": 77
    },
    "2014-03-31": {
        "Diluted EPS": 0.23,
        "Total Revenue": 336,
        "Gross Profit": 131,
        "Operating Income": 97,
        "EBIT": 117,
        "Net Income": 69
    },
    "2013-12-31": {
        "Diluted EPS": 0.24,
        "Total Revenue": 327,
        "Gross Profit": 129,
        "Operating Income": 96,
        "EBIT": 116,
        "Net Income": 70
    },
    "2013-09-30": {
        "Diluted EPS": 0.19,
        "Total Revenue": 289,
        "Gross Profit": 106,
        "Operating Income": 74,
        "EBIT": 88,
        "Net Income": 56
    },
    "2013-06-30": {
        "Diluted EPS": 0.18,
        "Total Revenue": 287,
        "Gross Profit": 103,
        "Operating Income": 72,
        "EBIT": 85,
        "Net Income": 52
    },
    "2013-03-31": {
        "Diluted EPS": 0.16,
        "Total Revenue": 269,
        "Gross Profit": 93,
        "Operating Income": 64,
        "EBIT": 78,
        "Net Income": 45
    },
    "2012-12-31": {
        "Diluted EPS": 0.15,
        "Total Revenue": 260,
        "Gross Profit": 89,
        "Operating Income": 54,
        "EBIT": 66,
        "Net Income": 40
    },
    "2012-09-30": {
        "Diluted EPS": 0.15,
        "Total Revenue": 268,
        "Gross Profit": 90,
        "Operating Income": 58,
        "EBIT": 70,
        "Net Income": 42
    },
    "2012-06-30": {
        "Diluted EPS": 0.14,
        "Total Revenue": 280,
        "Gross Profit": 93,
        "Operating Income": 58,
        "EBIT": 70,
        "Net Income": 41
    },
    "2012-03-31": {
        "Diluted EPS": 0.16,
        "Total Revenue": 291,
        "Gross Profit": 101,
        "Operating Income": 66,
        "EBIT": 78,
        "Net Income": 46
    },
    "2011-12-31": {
        "Diluted EPS": 0.14,
        "Total Revenue": 260,
        "Gross Profit": 90,
        "Operating Income": 56,
        "EBIT": 65,
        "Net Income": 40
    },
    "2011-09-30": {
        "Diluted EPS": 0.15,
        "Total Revenue": 269,
        "Gross Profit": 95,
        "Operating Income": 62,
        "EBIT": 74,
        "Net Income": 43
    },
    "2011-06-30": {
        "Diluted EPS": 0.14,
        "Total Revenue": 243,
        "Gross Profit": 86,
        "Operating Income": 53,
        "EBIT": 64,
        "Net Income": 38
    },
    "2011-03-31": {
        "Diluted EPS": 0.15,
        "Total Revenue": 251,
        "Gross Profit": 90,
        "Operating Income": 60,
        "EBIT": 71,
        "Net Income": 42
    },
    "2010-12-31": {
        "Diluted EPS": 0.14,
        "Total Revenue": 222,
        "Gross Profit": 79,
        "Operating Income": 51,
        "EBIT": 60,
        "Net Income": 37
    },
    "2010-09-30": {
        "Diluted EPS": 0.12,
        "Total Revenue": 207,
        "Gross Profit": 74,
        "Operating Income": 47,
        "EBIT": 57,
        "Net Income": 34
    },
    "2010-06-30": {
        "Diluted EPS": 0.12,
        "Total Revenue": 202,
        "Gross Profit": 74,
        "Operating Income": 49,
        "EBIT": 59,
        "Net Income": 34
    },
    "2010-03-31": {
        "Diluted EPS": 0.12,
        "Total Revenue": 186,
        "Gross Profit": 69,
        "Operating Income": 45,
        "EBIT": 54,
        "Net Income": 32
    },
    "2009-12-31": {
        "Diluted EPS": 0.11,
        "Total Revenue": 178,
        "Gross Profit": 65,
        "Operating Income": 43,
        "EBIT": 53,
        "Net Income": 30
    },
    "2009-09-30": {
        "Diluted EPS": 0.09,
        "Total Revenue": 156,
        "Gross Profit": 54,
        "Operating Income": 33,
        "EBIT": 43,
        "Net Income": 24
    },
    "2009-06-30": {
        "Diluted EPS": 0.05,
        "Total Revenue": 117,
        "Gross Profit": 36,
        "Operating Income": 16,
        "EBIT": 26,
        "Net Income": 12
    },
    "2009-03-31": {
        "Diluted EPS": -0.01,
        "Total Revenue": 94,
        "Gross Profit": 22,
        "Operating Income": 2,
        "EBIT": 12,
        "Net Income": -2
    },
    "2023-09-30": {
        "Tax Effect Of Unusual Items": NaN,
        "Tax Rate For Calcs": NaN,
        "Normalized EBITDA": NaN,
        "Total Unusual Items": NaN,
        "Total Unusual Items Excluding Goodwill": NaN,
        "Net Income From Continuing Operation Net Minority Interest": NaN,
        "Reconciled Depreciation": NaN,
        "Reconciled Cost Of Revenue": NaN,
        "EBITDA": NaN,
        "EBIT": NaN,
        "Normalized Income": NaN,
        "Net Income From Continuing And Discontinued Operation": NaN,
        "Total Expenses": NaN,
        "Total Operating Income As Reported": NaN,
        "Diluted Average Shares": 230457411.0,
        "Basic Average Shares": 230047014.0,
        "Diluted EPS": 0.45,
        "Basic EPS": 0.45,
        "Diluted NI Availto Com Stockholders": NaN,
        "Average Dilution Earnings": NaN,
        "Net Income Common Stockholders": NaN,
        "Otherunder Preferred Stock Dividend": NaN,
        "Net Income": NaN,
        "Net Income Including Noncontrolling Interests": NaN,
        "Net Income Continuous Operations": NaN,
        "Tax Provision": NaN,
        "Pretax Income": NaN,
        "Other Income Expense": NaN,
        "Other Non Operating Income Expenses": NaN,
        "Gain On Sale Of Security": NaN,
        "Operating Income": NaN,
        "Operating Expense": NaN,
        "Research And Development": NaN,
        "Selling General And Administration": NaN,
        "Gross Profit": NaN,
        "Cost Of Revenue": NaN,
        "Total Revenue": NaN,
        "Operating Revenue": NaN
    },
    "2023-12-31": {
        "Tax Effect Of Unusual Items": 532355.898804,
        "Tax Rate For Calcs": 0.139497,
        "Normalized EBITDA": 151278249.0,
        "Total Unusual Items": 3816255.0,
        "Total Unusual Items Excluding Goodwill": 3816255.0,
        "Net Income From Continuing Operation Net Minority Interest": 116944196.0,
        "Reconciled Depreciation": 22320015.0,
        "Reconciled Cost Of Revenue": 385763292.0,
        "EBITDA": 155094504.0,
        "EBIT": 132774489.0,
        "Normalized Income": 113660296.898804,
        "Net Income From Continuing And Discontinued Operation": 116944196.0,
        "Total Expenses": 456357908.0,
        "Total Operating Income As Reported": 132774489.0,
        "Diluted Average Shares": 233888390.0,
        "Basic Average Shares": 233888390.0,
        "Diluted EPS": 0.5,
        "Basic EPS": 0.5,
        "Diluted NI Availto Com Stockholders": 115230059.0,
        "Average Dilution Earnings": 1764.0,
        "Net Income Common Stockholders": 115228295.0,
        "Otherunder Preferred Stock Dividend": 1715901.0,
        "Net Income": 116944196.0,
        "Net Income Including Noncontrolling Interests": 116944196.0,
        "Net Income Continuous Operations": 116944196.0,
        "Tax Provision": 18957931.0,
        "Pretax Income": 135902127.0,
        "Other Income Expense": 3127638.0,
        "Other Non Operating Income Expenses": -688617.0,
        "Gain On Sale Of Security": 3816255.0,
        "Operating Income": 132774489.0,
        "Operating Expense": 70594616.0,
        "Research And Development": 41534646.0,
        "Selling General And Administration": 29059970.0,
        "Gross Profit": 203369105.0,
        "Cost Of Revenue": 385763292.0,
        "Total Revenue": 589132397.0,
        "Operating Revenue": 589132397.0
    },
    "2024-03-31": {
        "Tax Effect Of Unusual Items": -512015.648,
        "Tax Rate For Calcs": 0.152,
        "Normalized EBITDA": 156668604.0,
        "Total Unusual Items": -3368524.0,
        "Total Unusual Items Excluding Goodwill": -3368524.0,
        "Net Income From Continuing Operation Net Minority Interest": 108230714.0,
        "Reconciled Depreciation": 23953768.0,
        "Reconciled Cost Of Revenue": 387987605.0,
        "EBITDA": 153300080.0,
        "EBIT": 129346312.0,
        "Normalized Income": 111087222.352,
        "Net Income From Continuing And Discontinued Operation": 108230714.0,
        "Total Expenses": 460878899.0,
        "Total Operating Income As Reported": 129346312.0,
        "Diluted Average Shares": 230895846.0,
        "Basic Average Shares": 230605626.0,
        "Diluted EPS": 0.47,
        "Basic EPS": 0.47,
        "Diluted NI Availto Com Stockholders": 106654231.0,
        "Average Dilution Earnings": 2425.0,
        "Net Income Common Stockholders": 106651806.0,
        "Otherunder Preferred Stock Dividend": 1578908.0,
        "Net Income": 108230714.0,
        "Net Income Including Noncontrolling Interests": 108230714.0,
        "Net Income Continuous Operations": 108230714.0,
        "Tax Provision": 19417213.0,
        "Pretax Income": 127647927.0,
        "Other Income Expense": -1698385.0,
        "Other Non Operating Income Expenses": 1670139.0,
        "Gain On Sale Of Security": -3368524.0,
        "Operating Income": 129346312.0,
        "Operating Expense": 72891294.0,
        "Research And Development": 42181986.0,
        "Selling General And Administration": 30709308.0,
        "Gross Profit": 202237606.0,
        "Cost Of Revenue": 387987605.0,
        "Total Revenue": 590225211.0,
        "Operating Revenue": 590225211.0
    },
    "2024-06-30": {
        "Tax Effect Of Unusual Items": -1871459.421,
        "Tax Rate For Calcs": 0.151,
        "Normalized EBITDA": 151266157.0,
        "Total Unusual Items": -12393771.0,
        "Total Unusual Items Excluding Goodwill": -12393771.0,
        "Net Income From Continuing Operation Net Minority Interest": 86040438.0,
        "Reconciled Depreciation": 23988364.0,
        "Reconciled Cost Of Revenue": 384362469.0,
        "EBITDA": 138872386.0,
        "EBIT": 114884022.0,
        "Normalized Income": 96562749.579,
        "Net Income From Continuing And Discontinued Operation": 86040438.0,
        "Total Expenses": 458041756.0,
        "Total Operating Income As Reported": 114884022.0,
        "Diluted Average Shares": 227808929.0,
        "Basic Average Shares": 227377169.0,
        "Diluted EPS": 0.37,
        "Basic EPS": 0.37,
        "Diluted NI Availto Com Stockholders": 84839279.0,
        "Average Dilution Earnings": 1578.0,
        "Net Income Common Stockholders": 84837701.0,
        "Otherunder Preferred Stock Dividend": 1202737.0,
        "Net Income": 86040438.0,
        "Net Income Including Noncontrolling Interests": 86040438.0,
        "Net Income Continuous Operations": 86040438.0,
        "Tax Provision": 15290541.0,
        "Pretax Income": 101330979.0,
        "Other Income Expense": -13553043.0,
        "Other Non Operating Income Expenses": -1159272.0,
        "Gain On Sale Of Security": -12393771.0,
        "Operating Income": 114884022.0,
        "Operating Expense": 73679287.0,
        "Research And Development": 44003994.0,
        "Selling General And Administration": 29675293.0,
        "Gross Profit": 188563309.0,
        "Cost Of Revenue": 384362469.0,
        "Total Revenue": 572925778.0,
        "Operating Revenue": 572925778.0
    },
    "2024-09-30": {
        "Tax Effect Of Unusual Items": 2980272.753,
        "Tax Rate For Calcs": 0.157,
        "Normalized EBITDA": 129690685.0,
        "Total Unusual Items": 18982629.0,
        "Total Unusual Items Excluding Goodwill": 18982629.0,
        "Net Income From Continuing Operation Net Minority Interest": 122549041.0,
        "Reconciled Depreciation": 22945162.0,
        "Reconciled Cost Of Revenue": 404462142.0,
        "EBITDA": 148673314.0,
        "EBIT": 125728152.0,
        "Normalized Income": 106546684.753,
        "Net Income From Continuing And Discontinued Operation": 122549041.0,
        "Total Expenses": 482797625.0,
        "Total Operating Income As Reported": 125728152.0,
        "Diluted Average Shares": 226241684.0,
        "Basic Average Shares": 226002347.0,
        "Diluted EPS": 0.53,
        "Basic EPS": 0.54,
        "Diluted NI Availto Com Stockholders": 120946234.0,
        "Average Dilution Earnings": 1288.0,
        "Net Income Common Stockholders": 120944946.0,
        "Otherunder Preferred Stock Dividend": 1604095.0,
        "Net Income": 122549041.0,
        "Net Income Including Noncontrolling Interests": 122549041.0,
        "Net Income Continuous Operations": 122549041.0,
        "Tax Provision": 22906309.0,
        "Pretax Income": 145455350.0,
        "Other Income Expense": 19727198.0,
        "Other Non Operating Income Expenses": 744569.0,
        "Gain On Sale Of Security": 18982629.0,
        "Operating Income": 125728152.0,
        "Operating Expense": 78335483.0,
        "Research And Development": 48225968.0,
        "Selling General And Administration": 30109515.0,
        "Gross Profit": 204063635.0,
        "Cost Of Revenue": 404462142.0,
        "Total Revenue": 608525777.0,
        "Operating Revenue": 608525777.0
    },
    "2024-12-31": {
        "Tax Effect Of Unusual Items": 136280.938672,
        "Tax Rate For Calcs": 0.103415,
        "Normalized EBITDA": 121142355.0,
        "Total Unusual Items": 1317804.0,
        "Total Unusual Items Excluding Goodwill": 1317804.0,
        "Net Income From Continuing Operation Net Minority Interest": 87667549.0,
        "Reconciled Depreciation": 23827368.0,
        "Reconciled Cost Of Revenue": 365411928.0,
        "EBITDA": 122460159.0,
        "EBIT": 98632791.0,
        "Normalized Income": 86486025.938672,
        "Net Income From Continuing And Discontinued Operation": 87667549.0,
        "Total Expenses": 443004776.0,
        "Total Operating Income As Reported": 89768087.0,
        "Diluted Average Shares": NaN,
        "Basic Average Shares": NaN,
        "Diluted EPS": NaN,
        "Basic EPS": NaN,
        "Diluted NI Availto Com Stockholders": 86472136.0,
        "Average Dilution Earnings": 411.0,
        "Net Income Common Stockholders": 86471725.0,
        "Otherunder Preferred Stock Dividend": 1195824.0,
        "Net Income": 87667549.0,
        "Net Income Including Noncontrolling Interests": 87667549.0,
        "Net Income Continuous Operations": 87667549.0,
        "Tax Provision": 10111877.0,
        "Pretax Income": 97779426.0,
        "Other Income Expense": -853365.0,
        "Other Non Operating Income Expenses": -2171169.0,
        "Gain On Sale Of Security": 10182508.0,
        "Operating Income": 98632791.0,
        "Operating Expense": 77592848.0,
        "Research And Development": 47063273.0,
        "Selling General And Administration": 30529575.0,
        "Gross Profit": 176225639.0,
        "Cost Of Revenue": 365411928.0,
        "Total Revenue": 541637567.0,
        "Operating Revenue": 541637567.0
    }
}