{
    "2023-03-31": {
        "Tax Effect Of Unusual Items": NaN,
        "Tax Rate For Calcs": NaN,
        "Normalized EBITDA": NaN,
        "Total Unusual Items": NaN,
        "Total Unusual Items Excluding Goodwill": NaN,
        "Net Income From Continuing Operation Net Minority Interest": NaN,
        "Reconciled Depreciation": NaN,
        "Reconciled Cost Of Revenue": NaN,
        "EBITDA": NaN,
        "EBIT": NaN,
        "Net Interest Income": NaN,
        "Interest Expense": NaN,
        "Normalized Income": NaN,
        "Net Income From Continuing And Discontinued Operation": NaN,
        "Total Expenses": NaN,
        "Total Operating Income As Reported": NaN,
        "Diluted Average Shares": 8965000.0,
        "Basic Average Shares": 8965000.0,
        "Diluted EPS": -1.12,
        "Basic EPS": -1.12,
        "Diluted NI Availto Com Stockholders": NaN,
        "Net Income Common Stockholders": NaN,
        "Preferred Stock Dividends": NaN,
        "Net Income": NaN,
        "Minority Interests": NaN,
        "Net Income Including Noncontrolling Interests": NaN,
        "Net Income Continuous Operations": NaN,
        "Tax Provision": NaN,
        "Pretax Income": NaN,
        "Other Income Expense": NaN,
        "Other Non Operating Income Expenses": NaN,
        "Special Income Charges": NaN,
        "Impairment Of Capital Assets": NaN,
        "Restructuring And Mergern Acquisition": NaN,
        "Net Non Operating Interest Income Expense": NaN,
        "Interest Expense Non Operating": NaN,
        "Operating Income": NaN,
        "Operating Expense": NaN,
        "Other Operating Expenses": NaN,
        "Depreciation Amortization Depletion Income Statement": NaN,
        "Depreciation And Amortization In Income Statement": NaN,
        "Amortization": NaN,
        "Amortization Of Intangibles Income Statement": NaN,
        "Selling General And Administration": NaN,
        "Selling And Marketing Expense": NaN,
        "General And Administrative Expense": NaN,
        "Other Gand A": NaN,
        "Gross Profit": NaN,
        "Cost Of Revenue": NaN,
        "Total Revenue": NaN,
        "Operating Revenue": NaN
    },
    "2022-12-31": {
        "Tax Effect Of Unusual Items": NaN,
        "Tax Rate For Calcs": NaN,
        "Normalized EBITDA": NaN,
        "Total Unusual Items": -312000.0,
        "Total Unusual Items Excluding Goodwill": -312000.0,
        "Net Income From Continuing Operation Net Minority Interest": NaN,
        "Reconciled Depreciation": NaN,
        "Reconciled Cost Of Revenue": NaN,
        "EBITDA": NaN,
        "EBIT": NaN,
        "Net Interest Income": NaN,
        "Interest Expense": NaN,
        "Normalized Income": NaN,
        "Net Income From Continuing And Discontinued Operation": NaN,
        "Total Expenses": NaN,
        "Total Operating Income As Reported": NaN,
        "Diluted Average Shares": NaN,
        "Basic Average Shares": NaN,
        "Diluted EPS": NaN,
        "Basic EPS": NaN,
        "Diluted NI Availto Com Stockholders": NaN,
        "Net Income Common Stockholders": NaN,
        "Preferred Stock Dividends": 876000.0,
        "Net Income": NaN,
        "Minority Interests": NaN,
        "Net Income Including Noncontrolling Interests": NaN,
        "Net Income Continuous Operations": NaN,
        "Tax Provision": NaN,
        "Pretax Income": NaN,
        "Other Income Expense": NaN,
        "Other Non Operating Income Expenses": NaN,
        "Special Income Charges": -312000.0,
        "Impairment Of Capital Assets": 0.0,
        "Restructuring And Mergern Acquisition": 312000.0,
        "Net Non Operating Interest Income Expense": NaN,
        "Interest Expense Non Operating": NaN,
        "Operating Income": NaN,
        "Operating Expense": NaN,
        "Other Operating Expenses": NaN,
        "Depreciation Amortization Depletion Income Statement": NaN,
        "Depreciation And Amortization In Income Statement": NaN,
        "Amortization": NaN,
        "Amortization Of Intangibles Income Statement": NaN,
        "Selling General And Administration": NaN,
        "Selling And Marketing Expense": NaN,
        "General And Administrative Expense": NaN,
        "Other Gand A": NaN,
        "Gross Profit": NaN,
        "Cost Of Revenue": NaN,
        "Total Revenue": NaN,
        "Operating Revenue": NaN
    },
    "2022-09-30": {
        "Tax Effect Of Unusual Items": NaN,
        "Tax Rate For Calcs": NaN,
        "Normalized EBITDA": NaN,
        "Total Unusual Items": -10147000.0,
        "Total Unusual Items Excluding Goodwill": -10147000.0,
        "Net Income From Continuing Operation Net Minority Interest": NaN,
        "Reconciled Depreciation": NaN,
        "Reconciled Cost Of Revenue": NaN,
        "EBITDA": NaN,
        "EBIT": NaN,
        "Net Interest Income": NaN,
        "Interest Expense": NaN,
        "Normalized Income": NaN,
        "Net Income From Continuing And Discontinued Operation": NaN,
        "Total Expenses": NaN,
        "Total Operating Income As Reported": NaN,
        "Diluted Average Shares": NaN,
        "Basic Average Shares": NaN,
        "Diluted EPS": NaN,
        "Basic EPS": NaN,
        "Diluted NI Availto Com Stockholders": NaN,
        "Net Income Common Stockholders": NaN,
        "Preferred Stock Dividends": 67000.0,
        "Net Income": NaN,
        "Minority Interests": NaN,
        "Net Income Including Noncontrolling Interests": NaN,
        "Net Income Continuous Operations": NaN,
        "Tax Provision": NaN,
        "Pretax Income": NaN,
        "Other Income Expense": NaN,
        "Other Non Operating Income Expenses": NaN,
        "Special Income Charges": -10147000.0,
        "Impairment Of Capital Assets": 350000.0,
        "Restructuring And Mergern Acquisition": 9797000.0,
        "Net Non Operating Interest Income Expense": NaN,
        "Interest Expense Non Operating": NaN,
        "Operating Income": NaN,
        "Operating Expense": NaN,
        "Other Operating Expenses": NaN,
        "Depreciation Amortization Depletion Income Statement": NaN,
        "Depreciation And Amortization In Income Statement": NaN,
        "Amortization": NaN,
        "Amortization Of Intangibles Income Statement": NaN,
        "Selling General And Administration": NaN,
        "Selling And Marketing Expense": NaN,
        "General And Administrative Expense": NaN,
        "Other Gand A": NaN,
        "Gross Profit": NaN,
        "Cost Of Revenue": NaN,
        "Total Revenue": NaN,
        "Operating Revenue": NaN
    },
    "2022-06-30": {
        "Tax Effect Of Unusual Items": 0.0,
        "Tax Rate For Calcs": 0.0,
        "Normalized EBITDA": -49622000.0,
        "Total Unusual Items": -24995000.0,
        "Total Unusual Items Excluding Goodwill": -24995000.0,
        "Net Income From Continuing Operation Net Minority Interest": -43819000.0,
        "Reconciled Depreciation": 26411000.0,
        "Reconciled Cost Of Revenue": 48178000.0,
        "EBITDA": -74617000.0,
        "EBIT": -101028000.0,
        "Net Interest Income": -12724000.0,
        "Interest Expense": 12724000.0,
        "Normalized Income": -18824000.0,
        "Net Income From Continuing And Discontinued Operation": -43819000.0,
        "Total Expenses": 234700000.0,
        "Total Operating Income As Reported": -101041000.0,
        "Diluted Average Shares": 8296000.0,
        "Basic Average Shares": 8296000.0,
        "Diluted EPS": -5.28,
        "Basic EPS": -5.28,
        "Diluted NI Availto Com Stockholders": -43819000.0,
        "Net Income Common Stockholders": -43819000.0,
        "Preferred Stock Dividends": NaN,
        "Net Income": -43819000.0,
        "Minority Interests": 69933000.0,
        "Net Income Including Noncontrolling Interests": -113752000.0,
        "Net Income Continuous Operations": -113752000.0,
        "Tax Provision": 0.0,
        "Pretax Income": -113752000.0,
        "Other Income Expense": -24982000.0,
        "Other Non Operating Income Expenses": 13000.0,
        "Special Income Charges": -24995000.0,
        "Impairment Of Capital Assets": 24995000.0,
        "Restructuring And Mergern Acquisition": NaN,
        "Net Non Operating Interest Income Expense": -12724000.0,
        "Interest Expense Non Operating": 12724000.0,
        "Operating Income": -76046000.0,
        "Operating Expense": 183626000.0,
        "Other Operating Expenses": 77291000.0,
        "Depreciation Amortization Depletion Income Statement": 23515000.0,
        "Depreciation And Amortization In Income Statement": 23515000.0,
        "Amortization": 23515000.0,
        "Amortization Of Intangibles Income Statement": 23515000.0,
        "Selling General And Administration": 82820000.0,
        "Selling And Marketing Expense": 44714000.0,
        "General And Administrative Expense": 38106000.0,
        "Other Gand A": 38106000.0,
        "Gross Profit": 107580000.0,
        "Cost Of Revenue": 51074000.0,
        "Total Revenue": 158654000.0,
        "Operating Revenue": 158654000.0
    },
    "2022-03-31": {
        "Diluted EPS": -1.74,
        "Total Revenue": 271,
        "Gross Profit": 203,
        "Operating Income": -25,
        "EBIT": 1,
        "Net Income": -13
    },
    "2021-12-31": {
        "Diluted EPS": -22.0,
        "Total Revenue": 450,
        "Gross Profit": 350,
        "Operating Income": -423,
        "EBIT": -7,
        "Net Income": -155
    },
    "2021-09-30": {
        "Diluted EPS": -2.7,
        "Total Revenue": 212,
        "Gross Profit": 158,
        "Operating Income": -49,
        "EBIT": -21,
        "Net Income": -20
    },
    "2021-06-30": {
        "Diluted EPS": -1.8,
        "Total Revenue": 197,
        "Gross Profit": 159,
        "Operating Income": -19,
        "EBIT": 7,
        "Net Income": -12
    },
    "2021-03-31": {
        "Diluted EPS": -0.3,
        "Total Revenue": 204,
        "Gross Profit": 156,
        "Operating Income": 1,
        "EBIT": 27,
        "Net Income": -2
    },
    "2020-12-31": {
        "Diluted EPS": 6.15,
        "Total Revenue": 446,
        "Gross Profit": 351,
        "Operating Income": 142,
        "EBIT": 168,
        "Net Income": 36
    },
    "2020-09-30": {
        "Diluted EPS": -9.75,
        "Total Revenue": 163,
        "Gross Profit": 138,
        "Operating Income": -198,
        "EBIT": -172,
        "Net Income": -56
    },
    "2020-06-30": {
        "Diluted EPS": -3.52,
        "Total Revenue": 127,
        "Gross Profit": 90,
        "Operating Income": -14,
        "EBIT": 11,
        "Net Income": -23
    },
    "2020-03-31": {
        "Diluted EPS": 0.0,
        "Total Revenue": 141,
        "Gross Profit": 99,
        "Operating Income": 6,
        "EBIT": 30,
        "Net Income": -1
    },
    "2019-12-31": {
        "Diluted EPS": 0.0,
        "Total Revenue": NaN,
        "Gross Profit": NaN,
        "Operating Income": NaN,
        "EBIT": NaN,
        "Net Income": NaN
    },
    "2018-12-31": {
        "Diluted EPS": 0.0,
        "Total Revenue": NaN,
        "Gross Profit": NaN,
        "Operating Income": NaN,
        "EBIT": NaN,
        "Net Income": NaN
    },
    "2023-06-30": {
        "Tax Effect Of Unusual Items": NaN,
        "Tax Rate For Calcs": NaN,
        "Normalized EBITDA": NaN,
        "Total Unusual Items": -2687000.0,
        "Total Unusual Items Excluding Goodwill": -2687000.0,
        "Net Income From Continuing Operation Net Minority Interest": NaN,
        "Reconciled Depreciation": NaN,
        "Reconciled Cost Of Revenue": NaN,
        "EBITDA": NaN,
        "EBIT": NaN,
        "Net Interest Income": NaN,
        "Interest Expense": NaN,
        "Normalized Income": NaN,
        "Net Income From Continuing And Discontinued Operation": NaN,
        "Total Expenses": NaN,
        "Total Operating Income As Reported": NaN,
        "Diluted Average Shares": 9122000.0,
        "Basic Average Shares": 9122000.0,
        "Diluted EPS": -3.27,
        "Basic EPS": -3.27,
        "Diluted NI Availto Com Stockholders": NaN,
        "Average Dilution Earnings": NaN,
        "Net Income Common Stockholders": NaN,
        "Preferred Stock Dividends": 891000.0,
        "Net Income": NaN,
        "Minority Interests": NaN,
        "Net Income Including Noncontrolling Interests": NaN,
        "Net Income Continuous Operations": NaN,
        "Tax Provision": NaN,
        "Pretax Income": NaN,
        "Other Income Expense": NaN,
        "Other Non Operating Income Expenses": NaN,
        "Special Income Charges": -2687000.0,
        "Impairment Of Capital Assets": 2687000.0,
        "Restructuring And Mergern Acquisition": NaN,
        "Net Non Operating Interest Income Expense": NaN,
        "Interest Expense Non Operating": NaN,
        "Operating Income": NaN,
        "Operating Expense": NaN,
        "Other Operating Expenses": NaN,
        "Depreciation Amortization Depletion Income Statement": NaN,
        "Depreciation And Amortization In Income Statement": NaN,
        "Amortization": NaN,
        "Amortization Of Intangibles Income Statement": NaN,
        "Selling General And Administration": NaN,
        "Selling And Marketing Expense": NaN,
        "General And Administrative Expense": NaN,
        "Other Gand A": NaN,
        "Gross Profit": NaN,
        "Cost Of Revenue": NaN,
        "Total Revenue": NaN,
        "Operating Revenue": NaN
    },
    "2023-09-30": {
        "Tax Effect Of Unusual Items": NaN,
        "Tax Rate For Calcs": NaN,
        "Normalized EBITDA": NaN,
        "Total Unusual Items": NaN,
        "Total Unusual Items Excluding Goodwill": NaN,
        "Net Income From Continuing Operation Net Minority Interest": NaN,
        "Reconciled Depreciation": NaN,
        "Reconciled Cost Of Revenue": NaN,
        "EBITDA": NaN,
        "EBIT": NaN,
        "Net Interest Income": NaN,
        "Interest Expense": NaN,
        "Normalized Income": NaN,
        "Net Income From Continuing And Discontinued Operation": NaN,
        "Total Expenses": NaN,
        "Total Operating Income As Reported": NaN,
        "Diluted Average Shares": NaN,
        "Basic Average Shares": NaN,
        "Diluted EPS": NaN,
        "Basic EPS": NaN,
        "Diluted NI Availto Com Stockholders": NaN,
        "Average Dilution Earnings": 0.0,
        "Net Income Common Stockholders": NaN,
        "Preferred Stock Dividends": 892000.0,
        "Net Income": NaN,
        "Minority Interests": NaN,
        "Net Income Including Noncontrolling Interests": NaN,
        "Net Income Continuous Operations": NaN,
        "Tax Provision": NaN,
        "Pretax Income": NaN,
        "Other Income Expense": NaN,
        "Other Non Operating Income Expenses": NaN,
        "Special Income Charges": NaN,
        "Impairment Of Capital Assets": NaN,
        "Restructuring And Mergern Acquisition": 0.0,
        "Net Non Operating Interest Income Expense": NaN,
        "Interest Expense Non Operating": NaN,
        "Operating Income": NaN,
        "Operating Expense": NaN,
        "Other Operating Expenses": NaN,
        "Depreciation Amortization Depletion Income Statement": NaN,
        "Depreciation And Amortization In Income Statement": NaN,
        "Amortization": NaN,
        "Amortization Of Intangibles Income Statement": NaN,
        "Selling General And Administration": NaN,
        "Selling And Marketing Expense": NaN,
        "General And Administrative Expense": NaN,
        "Other Gand A": NaN,
        "Gross Profit": NaN,
        "Cost Of Revenue": NaN,
        "Total Revenue": NaN,
        "Operating Revenue": NaN
    },
    "2023-12-31": {
        "Tax Effect Of Unusual Items": NaN,
        "Tax Rate For Calcs": NaN,
        "Normalized EBITDA": NaN,
        "Total Unusual Items": NaN,
        "Total Unusual Items Excluding Goodwill": NaN,
        "Net Income From Continuing Operation Net Minority Interest": NaN,
        "Reconciled Depreciation": NaN,
        "Reconciled Cost Of Revenue": NaN,
        "EBITDA": NaN,
        "EBIT": NaN,
        "Net Interest Income": NaN,
        "Interest Expense": NaN,
        "Normalized Income": NaN,
        "Net Income From Continuing And Discontinued Operation": NaN,
        "Total Expenses": NaN,
        "Total Operating Income As Reported": NaN,
        "Diluted Average Shares": NaN,
        "Basic Average Shares": NaN,
        "Diluted EPS": NaN,
        "Basic EPS": NaN,
        "Diluted NI Availto Com Stockholders": NaN,
        "Average Dilution Earnings": NaN,
        "Net Income Common Stockholders": NaN,
        "Preferred Stock Dividends": 891000.0,
        "Net Income": NaN,
        "Minority Interests": NaN,
        "Net Income Including Noncontrolling Interests": NaN,
        "Net Income Continuous Operations": NaN,
        "Tax Provision": NaN,
        "Pretax Income": NaN,
        "Other Income Expense": NaN,
        "Other Non Operating Income Expenses": NaN,
        "Special Income Charges": NaN,
        "Write Off": NaN,
        "Impairment Of Capital Assets": NaN,
        "Restructuring And Mergern Acquisition": 0.0,
        "Net Non Operating Interest Income Expense": NaN,
        "Interest Expense Non Operating": NaN,
        "Operating Income": NaN,
        "Operating Expense": NaN,
        "Other Operating Expenses": NaN,
        "Depreciation Amortization Depletion Income Statement": NaN,
        "Depreciation And Amortization In Income Statement": NaN,
        "Amortization": NaN,
        "Amortization Of Intangibles Income Statement": NaN,
        "Selling General And Administration": NaN,
        "Selling And Marketing Expense": NaN,
        "General And Administrative Expense": NaN,
        "Other Gand A": NaN,
        "Gross Profit": NaN,
        "Cost Of Revenue": NaN,
        "Total Revenue": NaN,
        "Operating Revenue": NaN
    },
    "2024-03-31": {
        "Tax Effect Of Unusual Items": 0.0,
        "Tax Rate For Calcs": 0.003315,
        "Normalized EBITDA": 22780000.0,
        "Total Unusual Items": 0.0,
        "Total Unusual Items Excluding Goodwill": 0.0,
        "Net Income From Continuing Operation Net Minority Interest": -9216000.0,
        "Reconciled Depreciation": 26246000.0,
        "Reconciled Cost Of Revenue": 35281000.0,
        "EBITDA": 22780000.0,
        "EBIT": -3466000.0,
        "Net Interest Income": -17951000.0,
        "Interest Expense": 17951000.0,
        "Normalized Income": -9216000.0,
        "Net Income From Continuing And Discontinued Operation": -9216000.0,
        "Total Expenses": 189632000.0,
        "Total Operating Income As Reported": -4032000.0,
        "Diluted Average Shares": 9715000.0,
        "Basic Average Shares": 9715000.0,
        "Diluted EPS": -1.04,
        "Basic EPS": -1.04,
        "Diluted NI Availto Com Stockholders": -9216000.0,
        "Average Dilution Earnings": NaN,
        "Net Income Common Stockholders": -9216000.0,
        "Preferred Stock Dividends": NaN,
        "Net Income": -9216000.0,
        "Minority Interests": 12130000.0,
        "Net Income Including Noncontrolling Interests": -21346000.0,
        "Net Income Continuous Operations": -21346000.0,
        "Tax Provision": -71000.0,
        "Pretax Income": -21417000.0,
        "Other Income Expense": 566000.0,
        "Other Non Operating Income Expenses": 566000.0,
        "Special Income Charges": 0.0,
        "Impairment Of Capital Assets": 0.0,
        "Restructuring And Mergern Acquisition": NaN,
        "Net Non Operating Interest Income Expense": -17951000.0,
        "Interest Expense Non Operating": 17951000.0,
        "Operating Income": -4032000.0,
        "Operating Expense": 151619000.0,
        "Other Operating Expenses": 58411000.0,
        "Depreciation Amortization Depletion Income Statement": 23514000.0,
        "Depreciation And Amortization In Income Statement": 23514000.0,
        "Amortization": 23514000.0,
        "Amortization Of Intangibles Income Statement": 23514000.0,
        "Selling General And Administration": 69694000.0,
        "Selling And Marketing Expense": 52775000.0,
        "General And Administrative Expense": 16919000.0,
        "Other Gand A": 16919000.0,
        "Gross Profit": 147587000.0,
        "Cost Of Revenue": 38013000.0,
        "Total Revenue": 185600000.0,
        "Operating Revenue": 185026000.0
    },
    "2024-06-30": {
        "Tax Effect Of Unusual Items": NaN,
        "Tax Rate For Calcs": NaN,
        "Normalized EBITDA": NaN,
        "Total Unusual Items": NaN,
        "Total Unusual Items Excluding Goodwill": NaN,
        "Net Income From Continuing Operation Net Minority Interest": NaN,
        "Reconciled Depreciation": NaN,
        "Reconciled Cost Of Revenue": NaN,
        "EBITDA": NaN,
        "EBIT": NaN,
        "Net Interest Income": NaN,
        "Interest Expense": NaN,
        "Normalized Income": NaN,
        "Net Income From Continuing And Discontinued Operation": NaN,
        "Total Expenses": NaN,
        "Total Operating Income As Reported": NaN,
        "Diluted Average Shares": NaN,
        "Basic Average Shares": NaN,
        "Diluted EPS": NaN,
        "Basic EPS": NaN,
        "Diluted NI Availto Com Stockholders": NaN,
        "Average Dilution Earnings": NaN,
        "Net Income Common Stockholders": NaN,
        "Preferred Stock Dividends": 907000.0,
        "Net Income": NaN,
        "Minority Interests": NaN,
        "Net Income Including Noncontrolling Interests": NaN,
        "Net Income Continuous Operations": NaN,
        "Tax Provision": NaN,
        "Pretax Income": NaN,
        "Other Income Expense": NaN,
        "Other Non Operating Income Expenses": NaN,
        "Special Income Charges": NaN,
        "Other Special Charges": NaN,
        "Write Off": 0.0,
        "Impairment Of Capital Assets": NaN,
        "Restructuring And Mergern Acquisition": NaN,
        "Net Non Operating Interest Income Expense": NaN,
        "Interest Expense Non Operating": NaN,
        "Operating Income": NaN,
        "Operating Expense": NaN,
        "Other Operating Expenses": NaN,
        "Depreciation Amortization Depletion Income Statement": NaN,
        "Depreciation And Amortization In Income Statement": NaN,
        "Amortization": NaN,
        "Amortization Of Intangibles Income Statement": NaN,
        "Selling General And Administration": NaN,
        "Selling And Marketing Expense": NaN,
        "General And Administrative Expense": NaN,
        "Other Gand A": NaN,
        "Gross Profit": NaN,
        "Cost Of Revenue": NaN,
        "Total Revenue": NaN,
        "Operating Revenue": NaN
    },
    "2024-09-30": {
        "Tax Effect Of Unusual Items": 16246230.0,
        "Tax Rate For Calcs": 0.21,
        "Normalized EBITDA": -16503000.0,
        "Total Unusual Items": 77363000.0,
        "Total Unusual Items Excluding Goodwill": 77363000.0,
        "Net Income From Continuing Operation Net Minority Interest": 6775000.0,
        "Reconciled Depreciation": 26419000.0,
        "Reconciled Cost Of Revenue": 16778000.0,
        "EBITDA": 60860000.0,
        "EBIT": 34441000.0,
        "Net Interest Income": -19086000.0,
        "Interest Expense": 19086000.0,
        "Normalized Income": -54341770.0,
        "Net Income From Continuing And Discontinued Operation": 6775000.0,
        "Total Expenses": 160964000.0,
        "Total Operating Income As Reported": -42672000.0,
        "Diluted Average Shares": 14580000.0,
        "Basic Average Shares": 10077000.0,
        "Diluted EPS": 0.46,
        "Basic EPS": 0.58,
        "Diluted NI Availto Com Stockholders": 6775000.0,
        "Average Dilution Earnings": 923000.0,
        "Net Income Common Stockholders": 5852000.0,
        "Preferred Stock Dividends": 923000.0,
        "Net Income": 6775000.0,
        "Minority Interests": -8591000.0,
        "Net Income Including Noncontrolling Interests": 15366000.0,
        "Net Income Continuous Operations": 15366000.0,
        "Tax Provision": -11000.0,
        "Pretax Income": 15355000.0,
        "Other Income Expense": 77113000.0,
        "Other Non Operating Income Expenses": -250000.0,
        "Special Income Charges": 77363000.0,
        "Other Special Charges": NaN,
        "Write Off": NaN,
        "Impairment Of Capital Assets": 0.0,
        "Restructuring And Mergern Acquisition": -77363000.0,
        "Net Non Operating Interest Income Expense": -19086000.0,
        "Interest Expense Non Operating": 19086000.0,
        "Operating Income": -42672000.0,
        "Operating Expense": 141281000.0,
        "Other Operating Expenses": 55357000.0,
        "Depreciation Amortization Depletion Income Statement": 23514000.0,
        "Depreciation And Amortization In Income Statement": 23514000.0,
        "Amortization": 23514000.0,
        "Amortization Of Intangibles Income Statement": 23514000.0,
        "Selling General And Administration": 62410000.0,
        "Selling And Marketing Expense": 45270000.0,
        "General And Administrative Expense": 17140000.0,
        "Other Gand A": 17140000.0,
        "Gross Profit": 98609000.0,
        "Cost Of Revenue": 19683000.0,
        "Total Revenue": 118292000.0,
        "Operating Revenue": 116808000.0
    },
    "2024-12-31": {
        "Tax Effect Of Unusual Items": -131948.280432,
        "Tax Rate For Calcs": 0.039577,
        "Normalized EBITDA": 108361000.0,
        "Total Unusual Items": -3334000.0,
        "Total Unusual Items Excluding Goodwill": -3334000.0,
        "Net Income From Continuing Operation Net Minority Interest": 25509000.0,
        "Reconciled Depreciation": 26928000.0,
        "Reconciled Cost Of Revenue": 48823000.0,
        "EBITDA": 105027000.0,
        "EBIT": 78099000.0,
        "Net Interest Income": -17735000.0,
        "Interest Expense": 17735000.0,
        "Normalized Income": 28711051.719568,
        "Net Income From Continuing And Discontinued Operation": 25509000.0,
        "Total Expenses": 308865000.0,
        "Total Operating Income As Reported": 80267000.0,
        "Diluted Average Shares": 16370000.0,
        "Basic Average Shares": 10152000.0,
        "Diluted EPS": 1.56,
        "Basic EPS": 2.42,
        "Diluted NI Availto Com Stockholders": 24570000.0,
        "Average Dilution Earnings": NaN,
        "Net Income Common Stockholders": 24570000.0,
        "Preferred Stock Dividends": 939000.0,
        "Net Income": 25509000.0,
        "Minority Interests": -32466000.0,
        "Net Income Including Noncontrolling Interests": 57975000.0,
        "Net Income Continuous Operations": 57975000.0,
        "Tax Provision": 2389000.0,
        "Pretax Income": 60364000.0,
        "Other Income Expense": -2168000.0,
        "Other Non Operating Income Expenses": 1166000.0,
        "Special Income Charges": -3334000.0,
        "Other Special Charges": NaN,
        "Write Off": NaN,
        "Impairment Of Capital Assets": 0.0,
        "Restructuring And Mergern Acquisition": -7129000.0,
        "Net Non Operating Interest Income Expense": -17735000.0,
        "Interest Expense Non Operating": 17735000.0,
        "Operating Income": 80267000.0,
        "Operating Expense": 256629000.0,
        "Other Operating Expenses": 101808000.0,
        "Depreciation Amortization Depletion Income Statement": 23515000.0,
        "Depreciation And Amortization In Income Statement": 23515000.0,
        "Amortization": 23515000.0,
        "Amortization Of Intangibles Income Statement": 23515000.0,
        "Selling General And Administration": 131306000.0,
        "Selling And Marketing Expense": 99647000.0,
        "General And Administrative Expense": 31659000.0,
        "Other Gand A": 31659000.0,
        "Gross Profit": 336896000.0,
        "Cost Of Revenue": 52236000.0,
        "Total Revenue": 389132000.0,
        "Operating Revenue": 387162000.0
    },
    "2025-03-31": {
        "Tax Effect Of Unusual Items": -149100.0,
        "Tax Rate For Calcs": 0.21,
        "Normalized EBITDA": 34457000.0,
        "Total Unusual Items": -710000.0,
        "Total Unusual Items Excluding Goodwill": -710000.0,
        "Net Income From Continuing Operation Net Minority Interest": -4408000.0,
        "Reconciled Depreciation": 26477000.0,
        "Reconciled Cost Of Revenue": 36309000.0,
        "EBITDA": 33747000.0,
        "EBIT": 7270000.0,
        "Net Interest Income": -15954000.0,
        "Interest Expense": 15954000.0,
        "Normalized Income": -3847100.0,
        "Net Income From Continuing And Discontinued Operation": -4408000.0,
        "Total Expenses": 213593000.0,
        "Total Operating Income As Reported": 6669000.0,
        "Diluted Average Shares": 10373000.0,
        "Basic Average Shares": 10373000.0,
        "Diluted EPS": -0.52,
        "Basic EPS": -0.52,
        "Diluted NI Availto Com Stockholders": -4408000.0,
        "Average Dilution Earnings": NaN,
        "Net Income Common Stockholders": -4408000.0,
        "Preferred Stock Dividends": NaN,
        "Net Income": -4408000.0,
        "Minority Interests": 5378000.0,
        "Net Income Including Noncontrolling Interests": -9786000.0,
        "Net Income Continuous Operations": -9786000.0,
        "Tax Provision": 1102000.0,
        "Pretax Income": -8684000.0,
        "Other Income Expense": -109000.0,
        "Other Non Operating Income Expenses": 601000.0,
        "Special Income Charges": -710000.0,
        "Other Special Charges": NaN,
        "Write Off": NaN,
        "Impairment Of Capital Assets": 710000.0,
        "Restructuring And Mergern Acquisition": NaN,
        "Net Non Operating Interest Income Expense": -15954000.0,
        "Interest Expense Non Operating": 15954000.0,
        "Operating Income": 7379000.0,
        "Operating Expense": 174321000.0,
        "Other Operating Expenses": 60736000.0,
        "Depreciation Amortization Depletion Income Statement": 23514000.0,
        "Depreciation And Amortization In Income Statement": 23514000.0,
        "Amortization": 23514000.0,
        "Amortization Of Intangibles Income Statement": 23514000.0,
        "Selling General And Administration": 90071000.0,
        "Selling And Marketing Expense": 67415000.0,
        "General And Administrative Expense": 22656000.0,
        "Other Gand A": 22656000.0,
        "Gross Profit": 181700000.0,
        "Cost Of Revenue": 39272000.0,
        "Total Revenue": 220972000.0,
        "Operating Revenue": 219404000.0
    },
    "2025-06-30": {
        "Tax Effect Of Unusual Items": -159264.0,
        "Tax Rate For Calcs": 0.003,
        "Normalized EBITDA": -20112000.0,
        "Total Unusual Items": -53088000.0,
        "Total Unusual Items Excluding Goodwill": -53088000.0,
        "Net Income From Continuing Operation Net Minority Interest": -54277000.0,
        "Reconciled Depreciation": 26197000.0,
        "Reconciled Cost Of Revenue": 29727000.0,
        "EBITDA": -73200000.0,
        "EBIT": -99397000.0,
        "Net Interest Income": -16945000.0,
        "Interest Expense": 16945000.0,
        "Normalized Income": -1348264.0,
        "Net Income From Continuing And Discontinued Operation": -54277000.0,
        "Total Expenses": 140346000.0,
        "Total Operating Income As Reported": -99386000.0,
        "Diluted Average Shares": 10830000.0,
        "Basic Average Shares": 10830000.0,
        "Diluted EPS": -5.1,
        "Basic EPS": -5.1,
        "Diluted NI Availto Com Stockholders": -55249000.0,
        "Average Dilution Earnings": NaN,
        "Net Income Common Stockholders": -55249000.0,
        "Preferred Stock Dividends": 972000.0,
        "Net Income": -54277000.0,
        "Minority Interests": 61712000.0,
        "Net Income Including Noncontrolling Interests": -115989000.0,
        "Net Income Continuous Operations": -115989000.0,
        "Tax Provision": -353000.0,
        "Pretax Income": -116342000.0,
        "Other Income Expense": -53099000.0,
        "Other Non Operating Income Expenses": -11000.0,
        "Special Income Charges": -53088000.0,
        "Other Special Charges": NaN,
        "Write Off": 53000000.0,
        "Impairment Of Capital Assets": 88000.0,
        "Restructuring And Mergern Acquisition": NaN,
        "Net Non Operating Interest Income Expense": -16945000.0,
        "Interest Expense Non Operating": 16945000.0,
        "Operating Income": -46298000.0,
        "Operating Expense": 107936000.0,
        "Other Operating Expenses": 34432000.0,
        "Depreciation Amortization Depletion Income Statement": 23514000.0,
        "Depreciation And Amortization In Income Statement": 23514000.0,
        "Amortization": 23514000.0,
        "Amortization Of Intangibles Income Statement": 23514000.0,
        "Selling General And Administration": 49990000.0,
        "Selling And Marketing Expense": 28051000.0,
        "General And Administrative Expense": 21939000.0,
        "Other Gand A": 21939000.0,
        "Gross Profit": 61638000.0,
        "Cost Of Revenue": 32410000.0,
        "Total Revenue": 94048000.0,
        "Operating Revenue": 85385000.0
    },
    "2025-09-30": {
        "Tax Effect Of Unusual Items": -321241.29464,
        "Tax Rate For Calcs": 0.001546,
        "Normalized EBITDA": -54802000.0,
        "Total Unusual Items": -207818000.0,
        "Total Unusual Items Excluding Goodwill": -207818000.0,
        "Net Income From Continuing Operation Net Minority Interest": -165846000.0,
        "Reconciled Depreciation": 27022000.0,
        "Reconciled Cost Of Revenue": 16587000.0,
        "EBITDA": -262620000.0,
        "EBIT": -289642000.0,
        "Net Interest Income": -24762000.0,
        "Interest Expense": 24762000.0,
        "Normalized Income": 41650758.70536,
        "Net Income From Continuing And Discontinued Operation": -165846000.0,
        "Total Expenses": 115940000.0,
        "Total Operating Income As Reported": -287917000.0,
        "Diluted Average Shares": 14136000.0,
        "Basic Average Shares": 14136000.0,
        "Diluted EPS": -11.8,
        "Basic EPS": -11.8,
        "Diluted NI Availto Com Stockholders": -166835000.0,
        "Average Dilution Earnings": 0.0,
        "Net Income Common Stockholders": -166835000.0,
        "Preferred Stock Dividends": 989000.0,
        "Net Income": -165846000.0,
        "Minority Interests": 148072000.0,
        "Net Income Including Noncontrolling Interests": -313918000.0,
        "Net Income Continuous Operations": -313918000.0,
        "Tax Provision": -486000.0,
        "Pretax Income": -314404000.0,
        "Other Income Expense": -207888000.0,
        "Other Non Operating Income Expenses": -70000.0,
        "Special Income Charges": -207818000.0,
        "Other Special Charges": 1655000.0,
        "Write Off": NaN,
        "Impairment Of Capital Assets": 206163000.0,
        "Restructuring And Mergern Acquisition": 0.0,
        "Net Non Operating Interest Income Expense": -24762000.0,
        "Interest Expense Non Operating": 24762000.0,
        "Operating Income": -81754000.0,
        "Operating Expense": 95845000.0,
        "Other Operating Expenses": 27171000.0,
        "Depreciation Amortization Depletion Income Statement": 23514000.0,
        "Depreciation And Amortization In Income Statement": 23514000.0,
        "Amortization": 23514000.0,
        "Amortization Of Intangibles Income Statement": 23514000.0,
        "Selling General And Administration": 45160000.0,
        "Selling And Marketing Expense": 17471000.0,
        "General And Administrative Expense": 27689000.0,
        "Other Gand A": 27689000.0,
        "Gross Profit": 14091000.0,
        "Cost Of Revenue": 20095000.0,
        "Total Revenue": 34186000.0,
        "Operating Revenue": 26898000.0
    }
}