{
    "2023-03-31": {
        "Tax Effect Of Unusual Items": -2481600.0,
        "Tax Rate For Calcs": 0.22,
        "Normalized EBITDA": 55998000.0,
        "Total Unusual Items": -11280000.0,
        "Total Unusual Items Excluding Goodwill": -11280000.0,
        "Net Income From Continuing Operation Net Minority Interest": -8822000.0,
        "Reconciled Depreciation": 31497000.0,
        "Reconciled Cost Of Revenue": 174140000.0,
        "EBITDA": 44718000.0,
        "EBIT": 13221000.0,
        "Net Interest Income": -20668000.0,
        "Interest Expense": 22013000.0,
        "Interest Income": 1515000.0,
        "Normalized Income": -23600.0,
        "Net Income From Continuing And Discontinued Operation": -8822000.0,
        "Total Expenses": 178302000.0,
        "Rent Expense Supplemental": 16782000.0,
        "Total Operating Income As Reported": 9018000.0,
        "Diluted Average Shares": 220550000.0,
        "Basic Average Shares": 220550000.0,
        "Diluted EPS": -0.04,
        "Basic EPS": -0.04,
        "Diluted NI Availto Com Stockholders": -8822000.0,
        "Net Income Common Stockholders": -8822000.0,
        "Net Income": -8822000.0,
        "Net Income Including Noncontrolling Interests": -8822000.0,
        "Net Income Continuous Operations": -8822000.0,
        "Tax Provision": 30000.0,
        "Pretax Income": -8792000.0,
        "Other Income Expense": -6339000.0,
        "Special Income Charges": -9197000.0,
        "Gain On Sale Of Ppe": 2583000.0,
        "Impairment Of Capital Assets": 11780000.0,
        "Earnings From Equity Interest": 4941000.0,
        "Gain On Sale Of Security": -2083000.0,
        "Net Non Operating Interest Income Expense": -20668000.0,
        "Total Other Finance Cost": 170000.0,
        "Interest Expense Non Operating": 22013000.0,
        "Interest Income Non Operating": 1515000.0,
        "Operating Income": 18215000.0,
        "Operating Expense": 4162000.0,
        "Other Operating Expenses": NaN,
        "Selling General And Administration": 4162000.0,
        "General And Administrative Expense": 4162000.0,
        "Other Gand A": 4162000.0,
        "Gross Profit": 22377000.0,
        "Cost Of Revenue": 174140000.0,
        "Total Revenue": 196517000.0,
        "Operating Revenue": 195426000.0
    },
    "2022-12-31": {
        "Tax Effect Of Unusual Items": NaN,
        "Tax Rate For Calcs": NaN,
        "Normalized EBITDA": NaN,
        "Total Unusual Items": NaN,
        "Total Unusual Items Excluding Goodwill": NaN,
        "Net Income From Continuing Operation Net Minority Interest": NaN,
        "Reconciled Depreciation": NaN,
        "Reconciled Cost Of Revenue": NaN,
        "EBITDA": NaN,
        "EBIT": NaN,
        "Net Interest Income": NaN,
        "Interest Expense": NaN,
        "Interest Income": NaN,
        "Normalized Income": NaN,
        "Net Income From Continuing And Discontinued Operation": NaN,
        "Total Expenses": NaN,
        "Rent Expense Supplemental": NaN,
        "Total Operating Income As Reported": NaN,
        "Diluted Average Shares": NaN,
        "Basic Average Shares": NaN,
        "Diluted EPS": NaN,
        "Basic EPS": NaN,
        "Diluted NI Availto Com Stockholders": NaN,
        "Net Income Common Stockholders": NaN,
        "Net Income": NaN,
        "Net Income Including Noncontrolling Interests": NaN,
        "Net Income Continuous Operations": NaN,
        "Tax Provision": NaN,
        "Pretax Income": NaN,
        "Other Income Expense": NaN,
        "Special Income Charges": NaN,
        "Gain On Sale Of Ppe": NaN,
        "Impairment Of Capital Assets": NaN,
        "Earnings From Equity Interest": NaN,
        "Gain On Sale Of Security": NaN,
        "Net Non Operating Interest Income Expense": NaN,
        "Total Other Finance Cost": NaN,
        "Interest Expense Non Operating": NaN,
        "Interest Income Non Operating": NaN,
        "Operating Income": NaN,
        "Operating Expense": NaN,
        "Other Operating Expenses": 0.0,
        "Selling General And Administration": NaN,
        "General And Administrative Expense": NaN,
        "Other Gand A": NaN,
        "Gross Profit": NaN,
        "Cost Of Revenue": NaN,
        "Total Revenue": NaN,
        "Operating Revenue": NaN
    },
    "2022-09-30": {
        "Tax Effect Of Unusual Items": NaN,
        "Tax Rate For Calcs": NaN,
        "Normalized EBITDA": NaN,
        "Total Unusual Items": NaN,
        "Total Unusual Items Excluding Goodwill": NaN,
        "Net Income From Continuing Operation Net Minority Interest": NaN,
        "Reconciled Depreciation": NaN,
        "Reconciled Cost Of Revenue": NaN,
        "EBITDA": NaN,
        "EBIT": NaN,
        "Net Interest Income": NaN,
        "Interest Expense": NaN,
        "Interest Income": NaN,
        "Normalized Income": NaN,
        "Net Income From Continuing And Discontinued Operation": NaN,
        "Total Expenses": NaN,
        "Rent Expense Supplemental": NaN,
        "Total Operating Income As Reported": NaN,
        "Diluted Average Shares": 201086538.0,
        "Basic Average Shares": 201086538.0,
        "Diluted EPS": 0.52,
        "Basic EPS": 0.52,
        "Diluted NI Availto Com Stockholders": NaN,
        "Net Income Common Stockholders": NaN,
        "Net Income": NaN,
        "Net Income Including Noncontrolling Interests": NaN,
        "Net Income Continuous Operations": NaN,
        "Tax Provision": NaN,
        "Pretax Income": NaN,
        "Other Income Expense": NaN,
        "Special Income Charges": NaN,
        "Gain On Sale Of Ppe": NaN,
        "Impairment Of Capital Assets": NaN,
        "Earnings From Equity Interest": NaN,
        "Gain On Sale Of Security": NaN,
        "Net Non Operating Interest Income Expense": NaN,
        "Total Other Finance Cost": NaN,
        "Interest Expense Non Operating": NaN,
        "Interest Income Non Operating": NaN,
        "Operating Income": NaN,
        "Operating Expense": NaN,
        "Other Operating Expenses": NaN,
        "Selling General And Administration": NaN,
        "General And Administrative Expense": NaN,
        "Other Gand A": NaN,
        "Gross Profit": NaN,
        "Cost Of Revenue": NaN,
        "Total Revenue": NaN,
        "Operating Revenue": NaN
    },
    "2022-06-30": {
        "Tax Effect Of Unusual Items": 3048.559339,
        "Tax Rate For Calcs": 0.000183,
        "Normalized EBITDA": 191783000.0,
        "Total Unusual Items": 16643000.0,
        "Total Unusual Items Excluding Goodwill": 16643000.0,
        "Net Income From Continuing Operation Net Minority Interest": 163749000.0,
        "Reconciled Depreciation": 32534000.0,
        "Reconciled Cost Of Revenue": 164911000.0,
        "EBITDA": 208426000.0,
        "EBIT": 175892000.0,
        "Net Interest Income": -11787000.0,
        "Interest Expense": 12113000.0,
        "Interest Income": 240000.0,
        "Normalized Income": 147109048.559339,
        "Net Income From Continuing And Discontinued Operation": 163749000.0,
        "Total Expenses": 170408000.0,
        "Rent Expense Supplemental": 15380000.0,
        "Total Operating Income As Reported": 155773000.0,
        "Diluted Average Shares": 202159259.0,
        "Basic Average Shares": 199693902.0,
        "Diluted EPS": 0.81,
        "Basic EPS": 0.82,
        "Diluted NI Availto Com Stockholders": 163749000.0,
        "Net Income Common Stockholders": 163749000.0,
        "Net Income": 163749000.0,
        "Net Income Including Noncontrolling Interests": 163749000.0,
        "Net Income Continuous Operations": 163749000.0,
        "Tax Provision": 30000.0,
        "Pretax Income": 163779000.0,
        "Other Income Expense": 29309000.0,
        "Other Non Operating Income Expenses": 86000.0,
        "Special Income Charges": 9516000.0,
        "Gain On Sale Of Ppe": 9516000.0,
        "Impairment Of Capital Assets": 0.0,
        "Earnings From Equity Interest": 12666000.0,
        "Gain On Sale Of Security": 7127000.0,
        "Net Non Operating Interest Income Expense": -11787000.0,
        "Total Other Finance Cost": -86000.0,
        "Interest Expense Non Operating": 12113000.0,
        "Interest Income Non Operating": 240000.0,
        "Operating Income": 146257000.0,
        "Operating Expense": 5497000.0,
        "Other Operating Expenses": 0.0,
        "Selling General And Administration": 5497000.0,
        "General And Administrative Expense": 5497000.0,
        "Other Gand A": 5497000.0,
        "Gross Profit": 151754000.0,
        "Cost Of Revenue": 164911000.0,
        "Total Revenue": 316665000.0,
        "Operating Revenue": 316378000.0
    },
    "2022-03-31": {
        "Diluted EPS": 0.62,
        "Total Revenue": 265,
        "Gross Profit": 140,
        "Operating Income": 102,
        "EBIT": 135,
        "Net Income": 125
    },
    "2021-12-31": {
        "Diluted EPS": 1.1,
        "Total Revenue": 382,
        "Gross Profit": 244,
        "Operating Income": 204,
        "EBIT": 241,
        "Net Income": 204
    },
    "2021-09-30": {
        "Diluted EPS": 0.97,
        "Total Revenue": 388,
        "Gross Profit": 222,
        "Operating Income": 190,
        "EBIT": 222,
        "Net Income": 195
    },
    "2021-06-30": {
        "Diluted EPS": 0.52,
        "Total Revenue": 276,
        "Gross Profit": 129,
        "Operating Income": 97,
        "EBIT": 129,
        "Net Income": 104
    },
    "2021-03-31": {
        "Diluted EPS": 0.14,
        "Total Revenue": 158,
        "Gross Profit": 56,
        "Operating Income": 22,
        "EBIT": 50,
        "Net Income": 24
    },
    "2020-12-31": {
        "Diluted EPS": 0.18,
        "Total Revenue": 169,
        "Gross Profit": 61,
        "Operating Income": 28,
        "EBIT": 60,
        "Net Income": 25
    },
    "2020-09-30": {
        "Diluted EPS": 0.27,
        "Total Revenue": 186,
        "Gross Profit": 78,
        "Operating Income": 48,
        "EBIT": 79,
        "Net Income": 39
    },
    "2020-06-30": {
        "Diluted EPS": -0.29,
        "Total Revenue": 116,
        "Gross Profit": 12,
        "Operating Income": -20,
        "EBIT": 10,
        "Net Income": -41
    },
    "2020-03-31": {
        "Diluted EPS": -1.12,
        "Total Revenue": 137,
        "Gross Profit": 5,
        "Operating Income": -118,
        "EBIT": -85,
        "Net Income": -161
    },
    "2019-12-31": {
        "Diluted EPS": 0.28,
        "Total Revenue": 245,
        "Gross Profit": 78,
        "Operating Income": 46,
        "EBIT": 76,
        "Net Income": 41
    },
    "2019-09-30": {
        "Diluted EPS": 0.26,
        "Total Revenue": 219,
        "Gross Profit": 79,
        "Operating Income": 53,
        "EBIT": 81,
        "Net Income": 37
    },
    "2019-06-30": {
        "Diluted EPS": -0.23,
        "Total Revenue": 116,
        "Gross Profit": 18,
        "Operating Income": -7,
        "EBIT": 21,
        "Net Income": -33
    },
    "2019-03-31": {
        "Diluted EPS": -0.05,
        "Total Revenue": 126,
        "Gross Profit": 34,
        "Operating Income": 8,
        "EBIT": 37,
        "Net Income": -7
    },
    "2018-12-31": {
        "Diluted EPS": 0.17,
        "Total Revenue": 176,
        "Gross Profit": 68,
        "Operating Income": 43,
        "EBIT": 72,
        "Net Income": 24
    },
    "2018-09-30": {
        "Diluted EPS": 0.24,
        "Total Revenue": 189,
        "Gross Profit": 77,
        "Operating Income": 51,
        "EBIT": 79,
        "Net Income": 35
    },
    "2018-06-30": {
        "Diluted EPS": 0.06,
        "Total Revenue": 141,
        "Gross Profit": 50,
        "Operating Income": 25,
        "EBIT": 55,
        "Net Income": 9
    },
    "2018-03-31": {
        "Diluted EPS": 0.12,
        "Total Revenue": 150,
        "Gross Profit": 54,
        "Operating Income": 26,
        "EBIT": 51,
        "Net Income": 17
    },
    "2017-12-31": {
        "Diluted EPS": 0.25,
        "Total Revenue": 151,
        "Gross Profit": 66,
        "Operating Income": 40,
        "EBIT": 66,
        "Net Income": 27
    },
    "2017-09-30": {
        "Diluted EPS": 0.0,
        "Total Revenue": 127,
        "Gross Profit": 34,
        "Operating Income": 10,
        "EBIT": 35,
        "Net Income": 0
    },
    "2017-06-30": {
        "Diluted EPS": -0.1,
        "Total Revenue": 100,
        "Gross Profit": 26,
        "Operating Income": 5,
        "EBIT": 33,
        "Net Income": -12
    },
    "2017-03-31": {
        "Diluted EPS": -0.17,
        "Total Revenue": 82,
        "Gross Profit": 12,
        "Operating Income": -5,
        "EBIT": 14,
        "Net Income": -18
    },
    "2016-12-31": {
        "Diluted EPS": 0.37,
        "Total Revenue": 86,
        "Gross Profit": 21,
        "Operating Income": 1,
        "EBIT": 25,
        "Net Income": 6
    },
    "2016-09-30": {
        "Diluted EPS": -0.25,
        "Total Revenue": 71,
        "Gross Profit": 2,
        "Operating Income": -16,
        "EBIT": 8,
        "Net Income": -27
    },
    "2016-06-30": {
        "Diluted EPS": -0.37,
        "Total Revenue": 55,
        "Gross Profit": -3,
        "Operating Income": -23,
        "EBIT": -1,
        "Net Income": -39
    },
    "2016-03-31": {
        "Diluted EPS": -1.09,
        "Total Revenue": 45,
        "Gross Profit": -13,
        "Operating Income": -32,
        "EBIT": -11,
        "Net Income": -68
    },
    "2015-12-31": {
        "Diluted EPS": -0.75,
        "Total Revenue": 57,
        "Gross Profit": -2,
        "Operating Income": -39,
        "EBIT": 16,
        "Net Income": -71
    },
    "2015-09-30": {
        "Diluted EPS": -1.18,
        "Total Revenue": 66,
        "Gross Profit": 4,
        "Operating Income": -21,
        "EBIT": -32,
        "Net Income": -41
    },
    "2015-06-30": {
        "Diluted EPS": -0.97,
        "Total Revenue": 49,
        "Gross Profit": -1,
        "Operating Income": -21,
        "EBIT": 2,
        "Net Income": -33
    },
    "2015-03-31": {
        "Diluted EPS": -4.4,
        "Total Revenue": 18,
        "Gross Profit": -2,
        "Operating Income": -154,
        "EBIT": -144,
        "Net Income": -75
    },
    "2014-12-31": {
        "Diluted EPS": -1.48,
        "Total Revenue": 37,
        "Gross Profit": 16,
        "Operating Income": 6,
        "EBIT": 14,
        "Net Income": 5
    },
    "2014-09-30": {
        "Diluted EPS": 0.55,
        "Total Revenue": 19,
        "Gross Profit": 1,
        "Operating Income": -5,
        "EBIT": 1,
        "Net Income": -6
    },
    "2014-06-30": {
        "Diluted EPS": 0.7,
        "Total Revenue": 21,
        "Gross Profit": 12,
        "Operating Income": 7,
        "EBIT": 11,
        "Net Income": 6
    },
    "2014-03-31": {
        "Diluted EPS": 1.75,
        "Total Revenue": 20,
        "Gross Profit": 15,
        "Operating Income": 11,
        "EBIT": 14,
        "Net Income": 11
    },
    "2013-12-31": {
        "Diluted EPS": 0.65,
        "Total Revenue": 13,
        "Gross Profit": 8,
        "Operating Income": 4,
        "EBIT": 7,
        "Net Income": 3
    },
    "2013-09-30": {
        "Diluted EPS": 0.2,
        "Total Revenue": 10,
        "Gross Profit": 6,
        "Operating Income": 2,
        "EBIT": 5,
        "Net Income": 1
    },
    "2013-06-30": {
        "Diluted EPS": -0.2,
        "Total Revenue": 8,
        "Gross Profit": 4,
        "Operating Income": 0,
        "EBIT": 3,
        "Net Income": -1
    },
    "2013-03-31": {
        "Diluted EPS": -1.4,
        "Total Revenue": 6,
        "Gross Profit": 4,
        "Operating Income": 1,
        "EBIT": 3,
        "Net Income": -7
    },
    "2012-12-31": {
        "Diluted EPS": 0.0,
        "Total Revenue": 9,
        "Gross Profit": 6,
        "Operating Income": 2,
        "EBIT": 6,
        "Net Income": 0
    },
    "2012-09-30": {
        "Diluted EPS": -11.65,
        "Total Revenue": 11,
        "Gross Profit": 6,
        "Operating Income": 3,
        "EBIT": 9,
        "Net Income": -57
    },
    "2012-06-30": {
        "Diluted EPS": -0.65,
        "Total Revenue": 4,
        "Gross Profit": 1,
        "Operating Income": -2,
        "EBIT": 5,
        "Net Income": -3
    },
    "2012-03-31": {
        "Diluted EPS": 1.45,
        "Total Revenue": 14,
        "Gross Profit": 11,
        "Operating Income": 7,
        "EBIT": 13,
        "Net Income": 7
    },
    "2011-12-31": {
        "Diluted EPS": 1.55,
        "Total Revenue": -16,
        "Gross Profit": -3,
        "Operating Income": 2,
        "EBIT": 8,
        "Net Income": 8
    },
    "2011-09-30": {
        "Diluted EPS": 1.85,
        "Total Revenue": 26,
        "Gross Profit": 17,
        "Operating Income": 10,
        "EBIT": 17,
        "Net Income": 9
    },
    "2011-06-30": {
        "Diluted EPS": 1.5,
        "Total Revenue": 23,
        "Gross Profit": 15,
        "Operating Income": 9,
        "EBIT": 15,
        "Net Income": 7
    },
    "2011-03-31": {
        "Diluted EPS": 1.75,
        "Total Revenue": 22,
        "Gross Profit": 16,
        "Operating Income": 10,
        "EBIT": 16,
        "Net Income": 9
    },
    "2010-12-31": {
        "Diluted EPS": 1.25,
        "Total Revenue": 22,
        "Gross Profit": 38,
        "Operating Income": 43,
        "EBIT": 49,
        "Net Income": 6
    },
    "2010-09-30": {
        "Diluted EPS": 2.4,
        "Total Revenue": 24,
        "Gross Profit": 16,
        "Operating Income": 10,
        "EBIT": 16,
        "Net Income": 9
    },
    "2010-06-30": {
        "Diluted EPS": 3.95,
        "Total Revenue": 26,
        "Gross Profit": 20,
        "Operating Income": 14,
        "EBIT": 19,
        "Net Income": 13
    },
    "2010-03-31": {
        "Diluted EPS": 3.0,
        "Total Revenue": 24,
        "Gross Profit": 16,
        "Operating Income": 11,
        "EBIT": 16,
        "Net Income": 10
    },
    "2009-12-31": {
        "Diluted EPS": 2.65,
        "Total Revenue": 23,
        "Gross Profit": 15,
        "Operating Income": 10,
        "EBIT": 14,
        "Net Income": 9
    },
    "2009-09-30": {
        "Diluted EPS": 0.9,
        "Total Revenue": 14,
        "Gross Profit": 7,
        "Operating Income": 3,
        "EBIT": 7,
        "Net Income": 3
    },
    "2009-06-30": {
        "Diluted EPS": 0.9,
        "Total Revenue": 14,
        "Gross Profit": 7,
        "Operating Income": 3,
        "EBIT": 7,
        "Net Income": 3
    },
    "2009-03-31": {
        "Diluted EPS": 1.9,
        "Total Revenue": 16,
        "Gross Profit": 11,
        "Operating Income": 7,
        "EBIT": 10,
        "Net Income": 6
    },
    "2023-06-30": {
        "Tax Effect Of Unusual Items": 7770.618557,
        "Tax Rate For Calcs": 0.000859,
        "Normalized EBITDA": 82649000.0,
        "Total Unusual Items": 9045000.0,
        "Total Unusual Items Excluding Goodwill": 9045000.0,
        "Net Income From Continuing Operation Net Minority Interest": 34890000.0,
        "Reconciled Depreciation": 32590000.0,
        "Reconciled Cost Of Revenue": 164626000.0,
        "EBITDA": 91694000.0,
        "EBIT": 59104000.0,
        "Net Interest Income": -22642000.0,
        "Interest Expense": 24184000.0,
        "Interest Income": 1170000.0,
        "Normalized Income": 25852770.618557,
        "Net Income From Continuing And Discontinued Operation": 34890000.0,
        "Total Expenses": 169793000.0,
        "Rent Expense Supplemental": 10210000.0,
        "Total Operating Income As Reported": 43590000.0,
        "Diluted Average Shares": 200766000.0,
        "Basic Average Shares": 200248000.0,
        "Diluted EPS": 0.17,
        "Basic EPS": 0.17,
        "Diluted NI Availto Com Stockholders": 34890000.0,
        "Net Income Common Stockholders": 34890000.0,
        "Net Income": 34890000.0,
        "Net Income Including Noncontrolling Interests": 34890000.0,
        "Net Income Continuous Operations": 34890000.0,
        "Tax Provision": 30000.0,
        "Pretax Income": 34920000.0,
        "Other Income Expense": 13972000.0,
        "Special Income Charges": 0.0,
        "Gain On Sale Of Ppe": 0.0,
        "Impairment Of Capital Assets": 0.0,
        "Earnings From Equity Interest": 4927000.0,
        "Gain On Sale Of Security": 9045000.0,
        "Net Non Operating Interest Income Expense": -22642000.0,
        "Total Other Finance Cost": -372000.0,
        "Interest Expense Non Operating": 24184000.0,
        "Interest Income Non Operating": 1170000.0,
        "Operating Income": 43590000.0,
        "Operating Expense": 5167000.0,
        "Selling General And Administration": 5167000.0,
        "General And Administrative Expense": 5167000.0,
        "Other Gand A": 5167000.0,
        "Gross Profit": 48757000.0,
        "Cost Of Revenue": 164626000.0,
        "Total Revenue": 213383000.0,
        "Operating Revenue": 213213000.0
    },
    "2023-09-30": {
        "Tax Effect Of Unusual Items": NaN,
        "Tax Rate For Calcs": NaN,
        "Normalized EBITDA": NaN,
        "Total Unusual Items": NaN,
        "Total Unusual Items Excluding Goodwill": NaN,
        "Net Income From Continuing Operation Net Minority Interest": NaN,
        "Reconciled Depreciation": NaN,
        "Reconciled Cost Of Revenue": NaN,
        "EBITDA": NaN,
        "EBIT": NaN,
        "Net Interest Income": NaN,
        "Interest Expense": NaN,
        "Interest Income": NaN,
        "Normalized Income": NaN,
        "Net Income From Continuing And Discontinued Operation": NaN,
        "Total Expenses": NaN,
        "Rent Expense Supplemental": NaN,
        "Total Operating Income As Reported": NaN,
        "Diluted Average Shares": 199406000.0,
        "Basic Average Shares": 199406000.0,
        "Diluted EPS": 0.14,
        "Basic EPS": 0.14,
        "Diluted NI Availto Com Stockholders": NaN,
        "Net Income Common Stockholders": NaN,
        "Net Income": NaN,
        "Net Income Including Noncontrolling Interests": NaN,
        "Net Income Continuous Operations": NaN,
        "Tax Provision": NaN,
        "Pretax Income": NaN,
        "Other Income Expense": NaN,
        "Special Income Charges": NaN,
        "Gain On Sale Of Ppe": NaN,
        "Impairment Of Capital Assets": NaN,
        "Earnings From Equity Interest": NaN,
        "Gain On Sale Of Security": NaN,
        "Net Non Operating Interest Income Expense": NaN,
        "Total Other Finance Cost": NaN,
        "Interest Expense Non Operating": NaN,
        "Interest Income Non Operating": NaN,
        "Operating Income": NaN,
        "Operating Expense": NaN,
        "Selling General And Administration": NaN,
        "General And Administrative Expense": NaN,
        "Other Gand A": NaN,
        "Gross Profit": NaN,
        "Cost Of Revenue": NaN,
        "Total Revenue": NaN,
        "Operating Revenue": NaN
    },
    "2023-12-31": {
        "Tax Effect Of Unusual Items": -16943.353879,
        "Tax Rate For Calcs": 0.007786,
        "Normalized EBITDA": 119108000.0,
        "Total Unusual Items": -2176000.0,
        "Total Unusual Items Excluding Goodwill": -2176000.0,
        "Net Income From Continuing Operation Net Minority Interest": 57470000.0,
        "Reconciled Depreciation": 36189000.0,
        "Reconciled Cost Of Revenue": 163952000.0,
        "EBITDA": 116932000.0,
        "EBIT": 80743000.0,
        "Net Interest Income": -27978000.0,
        "Interest Expense": 22822000.0,
        "Interest Income": 1292000.0,
        "Normalized Income": 59629056.646121,
        "Net Income From Continuing And Discontinued Operation": 57470000.0,
        "Total Expenses": 168861000.0,
        "Rent Expense Supplemental": 6894000.0,
        "Total Operating Income As Reported": 91118000.0,
        "Diluted Average Shares": 199628293.0,
        "Basic Average Shares": 199628293.0,
        "Diluted EPS": 0.29,
        "Basic EPS": 0.29,
        "Diluted NI Availto Com Stockholders": 57470000.0,
        "Net Income Common Stockholders": 57470000.0,
        "Net Income": 57470000.0,
        "Net Income Including Noncontrolling Interests": 57470000.0,
        "Net Income Continuous Operations": 57470000.0,
        "Tax Provision": 451000.0,
        "Pretax Income": 57921000.0,
        "Other Income Expense": 555000.0,
        "Special Income Charges": 5774000.0,
        "Gain On Sale Of Ppe": 5774000.0,
        "Impairment Of Capital Assets": 0.0,
        "Earnings From Equity Interest": 2731000.0,
        "Gain On Sale Of Security": -7950000.0,
        "Net Non Operating Interest Income Expense": -27978000.0,
        "Total Other Finance Cost": 6448000.0,
        "Interest Expense Non Operating": 22822000.0,
        "Interest Income Non Operating": 1292000.0,
        "Operating Income": 85344000.0,
        "Operating Expense": 4909000.0,
        "Selling General And Administration": 4909000.0,
        "General And Administrative Expense": 4909000.0,
        "Other Gand A": 4909000.0,
        "Gross Profit": 90253000.0,
        "Cost Of Revenue": 163952000.0,
        "Total Revenue": 254205000.0,
        "Operating Revenue": 251708000.0
    },
    "2024-03-31": {
        "Tax Effect Of Unusual Items": 10042.48361,
        "Tax Rate For Calcs": 0.000764,
        "Normalized EBITDA": 116547000.0,
        "Total Unusual Items": 13143000.0,
        "Total Unusual Items Excluding Goodwill": 13143000.0,
        "Net Income From Continuing Operation Net Minority Interest": 65387000.0,
        "Reconciled Depreciation": 35076000.0,
        "Reconciled Cost Of Revenue": 155031000.0,
        "EBITDA": 129690000.0,
        "EBIT": 94614000.0,
        "Net Interest Income": -27422000.0,
        "Interest Expense": 29177000.0,
        "Interest Income": 1956000.0,
        "Normalized Income": 52254042.48361,
        "Net Income From Continuing And Discontinued Operation": 65387000.0,
        "Total Expenses": 162461000.0,
        "Rent Expense Supplemental": 7308000.0,
        "Total Operating Income As Reported": 85407000.0,
        "Diluted Average Shares": 199672737.0,
        "Basic Average Shares": 199672737.0,
        "Diluted EPS": 0.33,
        "Basic EPS": 0.33,
        "Diluted NI Availto Com Stockholders": 65387000.0,
        "Net Income Common Stockholders": 65387000.0,
        "Net Income": 65387000.0,
        "Net Income Including Noncontrolling Interests": 65387000.0,
        "Net Income Continuous Operations": 65387000.0,
        "Tax Provision": 50000.0,
        "Pretax Income": 65437000.0,
        "Other Income Expense": 8585000.0,
        "Special Income Charges": 1133000.0,
        "Gain On Sale Of Ppe": 1133000.0,
        "Impairment Of Capital Assets": 0.0,
        "Earnings From Equity Interest": -4558000.0,
        "Gain On Sale Of Security": 12010000.0,
        "Net Non Operating Interest Income Expense": -27422000.0,
        "Total Other Finance Cost": 201000.0,
        "Interest Expense Non Operating": 29177000.0,
        "Interest Income Non Operating": 1956000.0,
        "Operating Income": 84274000.0,
        "Operating Expense": 7430000.0,
        "Selling General And Administration": 7430000.0,
        "General And Administrative Expense": 7430000.0,
        "Other Gand A": 7430000.0,
        "Gross Profit": 91704000.0,
        "Cost Of Revenue": 155031000.0,
        "Total Revenue": 246735000.0,
        "Operating Revenue": 245783000.0
    },
    "2024-06-30": {
        "Tax Effect Of Unusual Items": 1925.044768,
        "Tax Rate For Calcs": 0.000799,
        "Normalized EBITDA": 119002000.0,
        "Total Unusual Items": 2408000.0,
        "Total Unusual Items Excluding Goodwill": 2408000.0,
        "Net Income From Continuing Operation Net Minority Interest": 62494000.0,
        "Reconciled Depreciation": 35178000.0,
        "Reconciled Cost Of Revenue": 159080000.0,
        "EBITDA": 121410000.0,
        "EBIT": 86232000.0,
        "Net Interest Income": -25348000.0,
        "Interest Expense": 23688000.0,
        "Interest Income": 1715000.0,
        "Normalized Income": 60087925.044768,
        "Net Income From Continuing And Discontinued Operation": 62494000.0,
        "Total Expenses": 164189000.0,
        "Rent Expense Supplemental": 4846000.0,
        "Total Operating Income As Reported": 85902000.0,
        "Diluted Average Shares": 200028000.0,
        "Basic Average Shares": 200028000.0,
        "Diluted EPS": 0.31,
        "Basic EPS": 0.31,
        "Diluted NI Availto Com Stockholders": 62494000.0,
        "Net Income Common Stockholders": 62494000.0,
        "Net Income": 62494000.0,
        "Net Income Including Noncontrolling Interests": 62494000.0,
        "Net Income Continuous Operations": 62494000.0,
        "Tax Provision": 50000.0,
        "Pretax Income": 62544000.0,
        "Other Income Expense": 1990000.0,
        "Special Income Charges": 0.0,
        "Gain On Sale Of Ppe": 0.0,
        "Impairment Of Capital Assets": 0.0,
        "Earnings From Equity Interest": -418000.0,
        "Gain On Sale Of Security": 2408000.0,
        "Net Non Operating Interest Income Expense": -25348000.0,
        "Total Other Finance Cost": 3375000.0,
        "Interest Expense Non Operating": 23688000.0,
        "Interest Income Non Operating": 1715000.0,
        "Operating Income": 85902000.0,
        "Operating Expense": 5109000.0,
        "Selling General And Administration": 5109000.0,
        "General And Administrative Expense": 5109000.0,
        "Other Gand A": 5109000.0,
        "Gross Profit": 91011000.0,
        "Cost Of Revenue": 159080000.0,
        "Total Revenue": 250091000.0,
        "Operating Revenue": 249850000.0
    },
    "2024-09-30": {
        "Tax Effect Of Unusual Items": -6063.427872,
        "Tax Rate For Calcs": 0.000887,
        "Normalized EBITDA": 125992000.0,
        "Total Unusual Items": -6837000.0,
        "Total Unusual Items Excluding Goodwill": -6837000.0,
        "Net Income From Continuing Operation Net Minority Interest": 56329000.0,
        "Reconciled Depreciation": 35813000.0,
        "Reconciled Cost Of Revenue": 165683000.0,
        "EBITDA": 119155000.0,
        "EBIT": 83342000.0,
        "Net Interest Income": -25709000.0,
        "Interest Expense": 26963000.0,
        "Interest Income": 1466000.0,
        "Normalized Income": 63159936.572128,
        "Net Income From Continuing And Discontinued Operation": 56329000.0,
        "Total Expenses": 170965000.0,
        "Rent Expense Supplemental": 6363000.0,
        "Total Operating Income As Reported": 93858000.0,
        "Diluted Average Shares": 200028000.0,
        "Basic Average Shares": 200028000.0,
        "Diluted EPS": 0.28,
        "Basic EPS": 0.28,
        "Diluted NI Availto Com Stockholders": 56329000.0,
        "Net Income Common Stockholders": 56329000.0,
        "Net Income": 56329000.0,
        "Net Income Including Noncontrolling Interests": 56329000.0,
        "Net Income Continuous Operations": 56329000.0,
        "Tax Provision": 50000.0,
        "Pretax Income": 56379000.0,
        "Other Income Expense": -7568000.0,
        "Special Income Charges": 4202000.0,
        "Gain On Sale Of Ppe": 4202000.0,
        "Impairment Of Capital Assets": 0.0,
        "Earnings From Equity Interest": -731000.0,
        "Gain On Sale Of Security": -11039000.0,
        "Net Non Operating Interest Income Expense": -25709000.0,
        "Total Other Finance Cost": 212000.0,
        "Interest Expense Non Operating": 26963000.0,
        "Interest Income Non Operating": 1466000.0,
        "Operating Income": 89656000.0,
        "Operating Expense": 5282000.0,
        "Selling General And Administration": 5282000.0,
        "General And Administrative Expense": 5282000.0,
        "Other Gand A": 5282000.0,
        "Gross Profit": 94938000.0,
        "Cost Of Revenue": 165683000.0,
        "Total Revenue": 260621000.0,
        "Operating Revenue": 258134000.0
    },
    "2024-12-31": {
        "Tax Effect Of Unusual Items": 282070.707071,
        "Tax Rate For Calcs": 0.010101,
        "Normalized EBITDA": 65430000.0,
        "Total Unusual Items": 27925000.0,
        "Total Unusual Items Excluding Goodwill": 27925000.0,
        "Net Income From Continuing Operation Net Minority Interest": 39004000.0,
        "Reconciled Depreciation": 35560000.0,
        "Reconciled Cost Of Revenue": 171409000.0,
        "EBITDA": 93355000.0,
        "EBIT": 57795000.0,
        "Net Interest Income": -23242000.0,
        "Interest Expense": 18393000.0,
        "Interest Income": 1735000.0,
        "Normalized Income": 11361070.707071,
        "Net Income From Continuing And Discontinued Operation": 39004000.0,
        "Total Expenses": 177891000.0,
        "Rent Expense Supplemental": 4198000.0,
        "Total Operating Income As Reported": 49174000.0,
        "Diluted Average Shares": NaN,
        "Basic Average Shares": NaN,
        "Diluted EPS": NaN,
        "Basic EPS": NaN,
        "Diluted NI Availto Com Stockholders": 39004000.0,
        "Net Income Common Stockholders": 39004000.0,
        "Net Income": 39004000.0,
        "Net Income Including Noncontrolling Interests": 39004000.0,
        "Net Income Continuous Operations": 39004000.0,
        "Tax Provision": 398000.0,
        "Pretax Income": 39402000.0,
        "Other Income Expense": 29562000.0,
        "Special Income Charges": 16092000.0,
        "Gain On Sale Of Ppe": 16092000.0,
        "Impairment Of Capital Assets": 0.0,
        "Earnings From Equity Interest": 1637000.0,
        "Gain On Sale Of Security": 11833000.0,
        "Net Non Operating Interest Income Expense": -23242000.0,
        "Total Other Finance Cost": 6584000.0,
        "Interest Expense Non Operating": 18393000.0,
        "Interest Income Non Operating": 1735000.0,
        "Operating Income": 33082000.0,
        "Operating Expense": 6482000.0,
        "Selling General And Administration": 6482000.0,
        "General And Administrative Expense": 6482000.0,
        "Other Gand A": 6482000.0,
        "Gross Profit": 39564000.0,
        "Cost Of Revenue": 171409000.0,
        "Total Revenue": 210973000.0,
        "Operating Revenue": 210728000.0
    }
}