{
    "2023-03-31": {
        "Tax Effect Of Unusual Items": 0.0,
        "Tax Rate For Calcs": 0.177,
        "Normalized EBITDA": 42367000.0,
        "Total Unusual Items": NaN,
        "Total Unusual Items Excluding Goodwill": NaN,
        "Net Income From Continuing Operation Net Minority Interest": 20449000.0,
        "Reconciled Depreciation": 2791000.0,
        "Reconciled Cost Of Revenue": 34923000.0,
        "EBITDA": 42367000.0,
        "EBIT": 39576000.0,
        "Net Interest Income": -7060000.0,
        "Interest Expense": 14739000.0,
        "Interest Income": 8309000.0,
        "Normalized Income": 20449000.0,
        "Net Income From Continuing And Discontinued Operation": 20449000.0,
        "Total Expenses": 66669000.0,
        "Total Operating Income As Reported": 31928000.0,
        "Diluted Average Shares": 133602000.0,
        "Basic Average Shares": 129136000.0,
        "Diluted EPS": 0.15,
        "Basic EPS": 0.16,
        "Diluted NI Availto Com Stockholders": 20449000.0,
        "Net Income Common Stockholders": 20449000.0,
        "Net Income": 20449000.0,
        "Net Income Including Noncontrolling Interests": 20449000.0,
        "Net Income Discontinuous Operations": NaN,
        "Net Income Continuous Operations": 20449000.0,
        "Tax Provision": 4388000.0,
        "Pretax Income": 24837000.0,
        "Other Income Expense": -31000.0,
        "Other Non Operating Income Expenses": -31000.0,
        "Special Income Charges": NaN,
        "Other Special Charges": NaN,
        "Net Non Operating Interest Income Expense": -7060000.0,
        "Total Other Finance Cost": 630000.0,
        "Interest Expense Non Operating": 14739000.0,
        "Interest Income Non Operating": 8309000.0,
        "Operating Income": 31928000.0,
        "Operating Expense": 31746000.0,
        "Depreciation Amortization Depletion Income Statement": 2791000.0,
        "Depreciation And Amortization In Income Statement": 2791000.0,
        "Research And Development": 7879000.0,
        "Selling General And Administration": 21076000.0,
        "Selling And Marketing Expense": 6877000.0,
        "General And Administrative Expense": 14199000.0,
        "Other Gand A": 14199000.0,
        "Gross Profit": 63674000.0,
        "Cost Of Revenue": 34923000.0,
        "Total Revenue": 98597000.0,
        "Operating Revenue": 98597000.0
    },
    "2022-12-31": {
        "Tax Effect Of Unusual Items": NaN,
        "Tax Rate For Calcs": NaN,
        "Normalized EBITDA": NaN,
        "Total Unusual Items": 0.0,
        "Total Unusual Items Excluding Goodwill": 0.0,
        "Net Income From Continuing Operation Net Minority Interest": NaN,
        "Reconciled Depreciation": NaN,
        "Reconciled Cost Of Revenue": NaN,
        "EBITDA": NaN,
        "EBIT": NaN,
        "Net Interest Income": NaN,
        "Interest Expense": NaN,
        "Interest Income": NaN,
        "Normalized Income": NaN,
        "Net Income From Continuing And Discontinued Operation": NaN,
        "Total Expenses": NaN,
        "Total Operating Income As Reported": NaN,
        "Diluted Average Shares": NaN,
        "Basic Average Shares": NaN,
        "Diluted EPS": NaN,
        "Basic EPS": NaN,
        "Diluted NI Availto Com Stockholders": NaN,
        "Net Income Common Stockholders": NaN,
        "Net Income": NaN,
        "Net Income Including Noncontrolling Interests": NaN,
        "Net Income Discontinuous Operations": 0.0,
        "Net Income Continuous Operations": NaN,
        "Tax Provision": NaN,
        "Pretax Income": NaN,
        "Other Income Expense": NaN,
        "Other Non Operating Income Expenses": NaN,
        "Special Income Charges": 0.0,
        "Other Special Charges": NaN,
        "Net Non Operating Interest Income Expense": NaN,
        "Total Other Finance Cost": NaN,
        "Interest Expense Non Operating": NaN,
        "Interest Income Non Operating": NaN,
        "Operating Income": NaN,
        "Operating Expense": NaN,
        "Depreciation Amortization Depletion Income Statement": NaN,
        "Depreciation And Amortization In Income Statement": NaN,
        "Research And Development": NaN,
        "Selling General And Administration": NaN,
        "Selling And Marketing Expense": NaN,
        "General And Administrative Expense": NaN,
        "Other Gand A": NaN,
        "Gross Profit": NaN,
        "Cost Of Revenue": NaN,
        "Total Revenue": NaN,
        "Operating Revenue": NaN
    },
    "2022-09-30": {
        "Tax Effect Of Unusual Items": NaN,
        "Tax Rate For Calcs": NaN,
        "Normalized EBITDA": NaN,
        "Total Unusual Items": 0.0,
        "Total Unusual Items Excluding Goodwill": 0.0,
        "Net Income From Continuing Operation Net Minority Interest": NaN,
        "Reconciled Depreciation": NaN,
        "Reconciled Cost Of Revenue": NaN,
        "EBITDA": NaN,
        "EBIT": NaN,
        "Net Interest Income": NaN,
        "Interest Expense": NaN,
        "Interest Income": NaN,
        "Normalized Income": NaN,
        "Net Income From Continuing And Discontinued Operation": NaN,
        "Total Expenses": NaN,
        "Total Operating Income As Reported": NaN,
        "Diluted Average Shares": NaN,
        "Basic Average Shares": NaN,
        "Diluted EPS": NaN,
        "Basic EPS": NaN,
        "Diluted NI Availto Com Stockholders": NaN,
        "Net Income Common Stockholders": NaN,
        "Net Income": NaN,
        "Net Income Including Noncontrolling Interests": NaN,
        "Net Income Discontinuous Operations": 0.0,
        "Net Income Continuous Operations": NaN,
        "Tax Provision": NaN,
        "Pretax Income": NaN,
        "Other Income Expense": NaN,
        "Other Non Operating Income Expenses": NaN,
        "Special Income Charges": 0.0,
        "Other Special Charges": NaN,
        "Net Non Operating Interest Income Expense": NaN,
        "Total Other Finance Cost": NaN,
        "Interest Expense Non Operating": NaN,
        "Interest Income Non Operating": NaN,
        "Operating Income": NaN,
        "Operating Expense": NaN,
        "Depreciation Amortization Depletion Income Statement": NaN,
        "Depreciation And Amortization In Income Statement": NaN,
        "Research And Development": NaN,
        "Selling General And Administration": NaN,
        "Selling And Marketing Expense": NaN,
        "General And Administrative Expense": NaN,
        "Other Gand A": NaN,
        "Gross Profit": NaN,
        "Cost Of Revenue": NaN,
        "Total Revenue": NaN,
        "Operating Revenue": NaN
    },
    "2022-06-30": {
        "Tax Effect Of Unusual Items": 0.0,
        "Tax Rate For Calcs": 0.031,
        "Normalized EBITDA": 35727000.0,
        "Total Unusual Items": 0.0,
        "Total Unusual Items Excluding Goodwill": 0.0,
        "Net Income From Continuing Operation Net Minority Interest": 22017000.0,
        "Reconciled Depreciation": 3499000.0,
        "Reconciled Cost Of Revenue": 32620000.0,
        "EBITDA": 35727000.0,
        "EBIT": 32228000.0,
        "Net Interest Income": -9578000.0,
        "Interest Expense": 9509000.0,
        "Interest Income": 741000.0,
        "Normalized Income": 22017000.0,
        "Net Income From Continuing And Discontinued Operation": 22017000.0,
        "Total Expenses": 65496000.0,
        "Total Operating Income As Reported": 32340000.0,
        "Diluted Average Shares": 134718000.0,
        "Basic Average Shares": 123252000.0,
        "Diluted EPS": 0.17,
        "Basic EPS": 0.18,
        "Diluted NI Availto Com Stockholders": 22017000.0,
        "Net Income Common Stockholders": 22017000.0,
        "Net Income": 22017000.0,
        "Net Income Including Noncontrolling Interests": 22017000.0,
        "Net Income Discontinuous Operations": 0.0,
        "Net Income Continuous Operations": 22017000.0,
        "Tax Provision": 702000.0,
        "Pretax Income": 22719000.0,
        "Other Income Expense": -43000.0,
        "Other Non Operating Income Expenses": -43000.0,
        "Special Income Charges": 0.0,
        "Other Special Charges": NaN,
        "Net Non Operating Interest Income Expense": -9578000.0,
        "Total Other Finance Cost": 810000.0,
        "Interest Expense Non Operating": 9509000.0,
        "Interest Income Non Operating": 741000.0,
        "Operating Income": 32340000.0,
        "Operating Expense": 32876000.0,
        "Depreciation Amortization Depletion Income Statement": 3499000.0,
        "Depreciation And Amortization In Income Statement": 3499000.0,
        "Research And Development": 7952000.0,
        "Selling General And Administration": 21425000.0,
        "Selling And Marketing Expense": 6068000.0,
        "General And Administrative Expense": 15357000.0,
        "Other Gand A": 15357000.0,
        "Gross Profit": 65216000.0,
        "Cost Of Revenue": 32620000.0,
        "Total Revenue": 97836000.0,
        "Operating Revenue": 97836000.0
    },
    "2022-03-31": {
        "Diluted EPS": 0.18,
        "Total Revenue": 93,
        "Gross Profit": 64,
        "Operating Income": 35,
        "EBIT": 40,
        "Net Income": 22
    },
    "2021-12-31": {
        "Diluted EPS": 1.6,
        "Total Revenue": 92,
        "Gross Profit": 64,
        "Operating Income": 32,
        "EBIT": 37,
        "Net Income": 219
    },
    "2021-09-30": {
        "Diluted EPS": 0.16,
        "Total Revenue": 87,
        "Gross Profit": 62,
        "Operating Income": 31,
        "EBIT": 36,
        "Net Income": 11
    },
    "2021-06-30": {
        "Diluted EPS": -0.63,
        "Total Revenue": 82,
        "Gross Profit": 56,
        "Operating Income": 30,
        "EBIT": 34,
        "Net Income": -69
    },
    "2021-03-31": {
        "Diluted EPS": -0.09,
        "Total Revenue": 74,
        "Gross Profit": 51,
        "Operating Income": 28,
        "EBIT": 34,
        "Net Income": -8
    },
    "2020-12-31": {
        "Diluted EPS": 0.01,
        "Total Revenue": 78,
        "Gross Profit": 50,
        "Operating Income": 16,
        "EBIT": 25,
        "Net Income": 1
    },
    "2020-09-30": {
        "Diluted EPS": -0.97,
        "Total Revenue": 67,
        "Gross Profit": 46,
        "Operating Income": 22,
        "EBIT": 31,
        "Net Income": -80
    },
    "2020-06-30": {
        "Diluted EPS": -1.05,
        "Total Revenue": 55,
        "Gross Profit": 37,
        "Operating Income": 17,
        "EBIT": 25,
        "Net Income": -86
    },
    "2020-03-31": {
        "Diluted EPS": -1.05,
        "Total Revenue": 71,
        "Gross Profit": 51,
        "Operating Income": 21,
        "EBIT": 30,
        "Net Income": -85
    },
    "2019-12-31": {
        "Diluted EPS": -0.27,
        "Total Revenue": 86,
        "Gross Profit": 222,
        "Operating Income": 320,
        "EBIT": 329,
        "Net Income": 86
    },
    "2019-09-30": {
        "Diluted EPS": -0.29,
        "Total Revenue": 81,
        "Gross Profit": 56,
        "Operating Income": 27,
        "EBIT": -17,
        "Net Income": -23
    },
    "2019-06-30": {
        "Diluted EPS": -1.04,
        "Total Revenue": 214,
        "Gross Profit": 107,
        "Operating Income": 10,
        "EBIT": 45,
        "Net Income": -84
    },
    "2019-03-31": {
        "Diluted EPS": -0.21,
        "Total Revenue": 200,
        "Gross Profit": 102,
        "Operating Income": 11,
        "EBIT": 48,
        "Net Income": -17
    },
    "2018-12-31": {
        "Diluted EPS": -0.74,
        "Total Revenue": -386,
        "Gross Profit": -90,
        "Operating Income": 100,
        "EBIT": 19,
        "Net Income": -60
    },
    "2018-09-30": {
        "Diluted EPS": -0.47,
        "Total Revenue": 217,
        "Gross Profit": 94,
        "Operating Income": -8,
        "EBIT": 31,
        "Net Income": -38
    },
    "2018-06-30": {
        "Diluted EPS": -0.47,
        "Total Revenue": 227,
        "Gross Profit": 89,
        "Operating Income": -7,
        "EBIT": 30,
        "Net Income": -37
    },
    "2018-03-31": {
        "Diluted EPS": -0.34,
        "Total Revenue": 232,
        "Gross Profit": 105,
        "Operating Income": -2,
        "EBIT": 39,
        "Net Income": -27
    },
    "2017-12-31": {
        "Diluted EPS": -0.52,
        "Total Revenue": 188,
        "Gross Profit": 105,
        "Operating Income": -14,
        "EBIT": 40,
        "Net Income": -41
    },
    "2017-09-30": {
        "Diluted EPS": -0.57,
        "Total Revenue": 173,
        "Gross Profit": 90,
        "Operating Income": -18,
        "EBIT": 24,
        "Net Income": -45
    },
    "2017-06-30": {
        "Diluted EPS": -0.56,
        "Total Revenue": 173,
        "Gross Profit": 89,
        "Operating Income": -17,
        "EBIT": 19,
        "Net Income": -44
    },
    "2017-03-31": {
        "Diluted EPS": -0.52,
        "Total Revenue": 165,
        "Gross Profit": 89,
        "Operating Income": -15,
        "EBIT": 21,
        "Net Income": -41
    },
    "2016-12-31": {
        "Diluted EPS": -0.34,
        "Total Revenue": 160,
        "Gross Profit": 87,
        "Operating Income": -2,
        "EBIT": 33,
        "Net Income": -27
    },
    "2016-09-30": {
        "Diluted EPS": -0.42,
        "Total Revenue": 147,
        "Gross Profit": 80,
        "Operating Income": -9,
        "EBIT": 23,
        "Net Income": -33
    },
    "2016-06-30": {
        "Diluted EPS": -0.51,
        "Total Revenue": 148,
        "Gross Profit": 82,
        "Operating Income": -7,
        "EBIT": 23,
        "Net Income": -40
    },
    "2016-03-31": {
        "Diluted EPS": -0.31,
        "Total Revenue": 142,
        "Gross Profit": 73,
        "Operating Income": -9,
        "EBIT": 21,
        "Net Income": -24
    },
    "2015-12-31": {
        "Diluted EPS": -0.42,
        "Total Revenue": 138,
        "Gross Profit": 77,
        "Operating Income": -15,
        "EBIT": 16,
        "Net Income": -34
    },
    "2015-09-30": {
        "Diluted EPS": -0.37,
        "Total Revenue": 126,
        "Gross Profit": 70,
        "Operating Income": -12,
        "EBIT": 16,
        "Net Income": -29
    },
    "2015-06-30": {
        "Diluted EPS": -0.32,
        "Total Revenue": 121,
        "Gross Profit": 66,
        "Operating Income": -9,
        "EBIT": 17,
        "Net Income": -25
    },
    "2015-03-31": {
        "Diluted EPS": -0.24,
        "Total Revenue": 116,
        "Gross Profit": 60,
        "Operating Income": -10,
        "EBIT": 11,
        "Net Income": -20
    },
    "2014-12-31": {
        "Diluted EPS": -0.28,
        "Total Revenue": 109,
        "Gross Profit": 51,
        "Operating Income": -15,
        "EBIT": 2,
        "Net Income": -24
    },
    "2014-09-30": {
        "Diluted EPS": -0.29,
        "Total Revenue": 104,
        "Gross Profit": 49,
        "Operating Income": -15,
        "EBIT": 2,
        "Net Income": -25
    },
    "2014-06-30": {
        "Diluted EPS": -0.22,
        "Total Revenue": 100,
        "Gross Profit": 49,
        "Operating Income": -11,
        "EBIT": 5,
        "Net Income": -19
    },
    "2014-03-31": {
        "Diluted EPS": -0.2,
        "Total Revenue": 96,
        "Gross Profit": 46,
        "Operating Income": -9,
        "EBIT": 7,
        "Net Income": -17
    },
    "2013-12-31": {
        "Diluted EPS": 6.92,
        "Total Revenue": 93,
        "Gross Profit": 39,
        "Operating Income": -14,
        "EBIT": 1,
        "Net Income": -22
    },
    "2013-09-30": {
        "Diluted EPS": -0.22,
        "Total Revenue": 85,
        "Gross Profit": 41,
        "Operating Income": -11,
        "EBIT": 4,
        "Net Income": -19
    },
    "2013-06-30": {
        "Diluted EPS": -4.98,
        "Total Revenue": 79,
        "Gross Profit": 40,
        "Operating Income": -9,
        "EBIT": 5,
        "Net Income": -73
    },
    "2013-03-31": {
        "Diluted EPS": -4.77,
        "Total Revenue": 71,
        "Gross Profit": 37,
        "Operating Income": -10,
        "EBIT": 4,
        "Net Income": -32
    },
    "2012-12-31": {
        "Diluted EPS": -5.29,
        "Total Revenue": 64,
        "Gross Profit": 32,
        "Operating Income": -10,
        "EBIT": 1,
        "Net Income": -19
    },
    "2012-09-30": {
        "Diluted EPS": -4.27,
        "Total Revenue": 58,
        "Gross Profit": 29,
        "Operating Income": -9,
        "EBIT": 1,
        "Net Income": -29
    },
    "2012-06-30": {
        "Diluted EPS": -1.93,
        "Total Revenue": 58,
        "Gross Profit": 31,
        "Operating Income": -5,
        "EBIT": 4,
        "Net Income": -13
    },
    "2012-03-31": {
        "Diluted EPS": -2.59,
        "Total Revenue": 54,
        "Gross Profit": 29,
        "Operating Income": -4,
        "EBIT": 4,
        "Net Income": -18
    },
    "2011-12-31": {
        "Diluted EPS": 0.0,
        "Total Revenue": NaN,
        "Gross Profit": NaN,
        "Operating Income": NaN,
        "EBIT": NaN,
        "Net Income": NaN
    },
    "2010-12-31": {
        "Diluted EPS": 0.0,
        "Total Revenue": NaN,
        "Gross Profit": NaN,
        "Operating Income": NaN,
        "EBIT": NaN,
        "Net Income": NaN
    },
    "2023-06-30": {
        "Tax Effect Of Unusual Items": NaN,
        "Tax Rate For Calcs": NaN,
        "Normalized EBITDA": NaN,
        "Total Unusual Items": NaN,
        "Total Unusual Items Excluding Goodwill": NaN,
        "Net Income From Continuing Operation Net Minority Interest": NaN,
        "Reconciled Depreciation": NaN,
        "Reconciled Cost Of Revenue": NaN,
        "EBITDA": NaN,
        "EBIT": NaN,
        "Net Interest Income": NaN,
        "Interest Expense": NaN,
        "Interest Income": NaN,
        "Normalized Income": NaN,
        "Net Income From Continuing And Discontinued Operation": NaN,
        "Total Expenses": NaN,
        "Total Operating Income As Reported": NaN,
        "Diluted Average Shares": NaN,
        "Basic Average Shares": NaN,
        "Diluted EPS": NaN,
        "Basic EPS": NaN,
        "Diluted NI Availto Com Stockholders": NaN,
        "Net Income Common Stockholders": NaN,
        "Net Income": NaN,
        "Net Income Including Noncontrolling Interests": NaN,
        "Net Income Continuous Operations": NaN,
        "Tax Provision": NaN,
        "Pretax Income": NaN,
        "Other Income Expense": NaN,
        "Other Non Operating Income Expenses": NaN,
        "Special Income Charges": NaN,
        "Other Special Charges": 2224000.0,
        "Net Non Operating Interest Income Expense": NaN,
        "Total Other Finance Cost": NaN,
        "Interest Expense Non Operating": NaN,
        "Interest Income Non Operating": NaN,
        "Operating Income": NaN,
        "Operating Expense": NaN,
        "Depreciation Amortization Depletion Income Statement": NaN,
        "Depreciation And Amortization In Income Statement": NaN,
        "Research And Development": NaN,
        "Selling General And Administration": NaN,
        "Selling And Marketing Expense": NaN,
        "General And Administrative Expense": NaN,
        "Other Gand A": NaN,
        "Gross Profit": NaN,
        "Cost Of Revenue": NaN,
        "Total Revenue": NaN,
        "Operating Revenue": NaN
    },
    "2023-09-30": {
        "Tax Effect Of Unusual Items": NaN,
        "Tax Rate For Calcs": NaN,
        "Normalized EBITDA": NaN,
        "Total Unusual Items": 0.0,
        "Total Unusual Items Excluding Goodwill": 0.0,
        "Net Income From Continuing Operation Net Minority Interest": NaN,
        "Reconciled Depreciation": NaN,
        "Reconciled Cost Of Revenue": NaN,
        "EBITDA": NaN,
        "EBIT": NaN,
        "Net Interest Income": NaN,
        "Interest Expense": NaN,
        "Interest Income": NaN,
        "Normalized Income": NaN,
        "Net Income From Continuing And Discontinued Operation": NaN,
        "Total Expenses": NaN,
        "Total Operating Income As Reported": NaN,
        "Diluted Average Shares": NaN,
        "Basic Average Shares": NaN,
        "Diluted EPS": NaN,
        "Basic EPS": NaN,
        "Diluted NI Availto Com Stockholders": NaN,
        "Net Income Common Stockholders": NaN,
        "Net Income": NaN,
        "Net Income Including Noncontrolling Interests": NaN,
        "Net Income Continuous Operations": NaN,
        "Tax Provision": NaN,
        "Pretax Income": NaN,
        "Other Income Expense": NaN,
        "Other Non Operating Income Expenses": NaN,
        "Special Income Charges": 0.0,
        "Other Special Charges": NaN,
        "Net Non Operating Interest Income Expense": NaN,
        "Total Other Finance Cost": NaN,
        "Interest Expense Non Operating": NaN,
        "Interest Income Non Operating": NaN,
        "Operating Income": NaN,
        "Operating Expense": NaN,
        "Depreciation Amortization Depletion Income Statement": NaN,
        "Depreciation And Amortization In Income Statement": NaN,
        "Research And Development": NaN,
        "Selling General And Administration": NaN,
        "Selling And Marketing Expense": NaN,
        "General And Administrative Expense": NaN,
        "Other Gand A": NaN,
        "Gross Profit": NaN,
        "Cost Of Revenue": NaN,
        "Total Revenue": NaN,
        "Operating Revenue": NaN
    },
    "2023-12-31": {
        "Tax Effect Of Unusual Items": NaN,
        "Tax Rate For Calcs": NaN,
        "Normalized EBITDA": NaN,
        "Total Unusual Items": 0.0,
        "Total Unusual Items Excluding Goodwill": 0.0,
        "Net Income From Continuing Operation Net Minority Interest": NaN,
        "Reconciled Depreciation": NaN,
        "Reconciled Cost Of Revenue": NaN,
        "EBITDA": NaN,
        "EBIT": NaN,
        "Net Interest Income": NaN,
        "Interest Expense": NaN,
        "Interest Income": NaN,
        "Normalized Income": NaN,
        "Net Income From Continuing And Discontinued Operation": NaN,
        "Total Expenses": NaN,
        "Total Operating Income As Reported": NaN,
        "Diluted Average Shares": NaN,
        "Basic Average Shares": NaN,
        "Diluted EPS": NaN,
        "Basic EPS": NaN,
        "Diluted NI Availto Com Stockholders": NaN,
        "Net Income Common Stockholders": NaN,
        "Net Income": NaN,
        "Net Income Including Noncontrolling Interests": NaN,
        "Net Income Continuous Operations": NaN,
        "Tax Provision": NaN,
        "Pretax Income": NaN,
        "Other Income Expense": NaN,
        "Other Non Operating Income Expenses": NaN,
        "Special Income Charges": 0.0,
        "Other Special Charges": 0.0,
        "Restructuring And Mergern Acquisition": NaN,
        "Net Non Operating Interest Income Expense": NaN,
        "Total Other Finance Cost": NaN,
        "Interest Expense Non Operating": NaN,
        "Interest Income Non Operating": NaN,
        "Operating Income": NaN,
        "Operating Expense": NaN,
        "Depreciation Amortization Depletion Income Statement": NaN,
        "Depreciation And Amortization In Income Statement": NaN,
        "Research And Development": NaN,
        "Selling General And Administration": NaN,
        "Selling And Marketing Expense": NaN,
        "General And Administrative Expense": NaN,
        "Other Gand A": NaN,
        "Gross Profit": NaN,
        "Cost Of Revenue": NaN,
        "Total Revenue": NaN,
        "Operating Revenue": NaN
    },
    "2024-03-31": {
        "Tax Effect Of Unusual Items": 0.0,
        "Tax Rate For Calcs": 0.263722,
        "Normalized EBITDA": 59473000.0,
        "Total Unusual Items": NaN,
        "Total Unusual Items Excluding Goodwill": NaN,
        "Net Income From Continuing Operation Net Minority Interest": 30490000.0,
        "Reconciled Depreciation": 3841000.0,
        "Reconciled Cost Of Revenue": 33657000.0,
        "EBITDA": 59473000.0,
        "EBIT": 55632000.0,
        "Net Interest Income": -6362000.0,
        "Interest Expense": 14221000.0,
        "Interest Income": 8453000.0,
        "Normalized Income": 30490000.0,
        "Net Income From Continuing And Discontinued Operation": 30490000.0,
        "Total Expenses": 69648000.0,
        "Total Operating Income As Reported": 34674000.0,
        "Diluted Average Shares": 132441000.0,
        "Basic Average Shares": 129272000.0,
        "Diluted EPS": 0.23,
        "Basic EPS": 0.24,
        "Diluted NI Availto Com Stockholders": 30490000.0,
        "Net Income Common Stockholders": 30490000.0,
        "Net Income": 30490000.0,
        "Net Income Including Noncontrolling Interests": 30490000.0,
        "Net Income Continuous Operations": 30490000.0,
        "Tax Provision": 10921000.0,
        "Pretax Income": 41411000.0,
        "Other Income Expense": 13099000.0,
        "Other Non Operating Income Expenses": 13099000.0,
        "Special Income Charges": NaN,
        "Other Special Charges": NaN,
        "Net Non Operating Interest Income Expense": -6362000.0,
        "Total Other Finance Cost": 594000.0,
        "Interest Expense Non Operating": 14221000.0,
        "Interest Income Non Operating": 8453000.0,
        "Operating Income": 34674000.0,
        "Operating Expense": 35991000.0,
        "Depreciation Amortization Depletion Income Statement": 3841000.0,
        "Depreciation And Amortization In Income Statement": 3841000.0,
        "Research And Development": 9216000.0,
        "Selling General And Administration": 22934000.0,
        "Selling And Marketing Expense": 8283000.0,
        "General And Administrative Expense": 14651000.0,
        "Other Gand A": 14651000.0,
        "Gross Profit": 70665000.0,
        "Cost Of Revenue": 33657000.0,
        "Total Revenue": 104322000.0,
        "Operating Revenue": 104322000.0
    },
    "2024-06-30": {
        "Tax Effect Of Unusual Items": 0.0,
        "Tax Rate For Calcs": 0.136,
        "Normalized EBITDA": 18832000.0,
        "Total Unusual Items": 0.0,
        "Total Unusual Items Excluding Goodwill": 0.0,
        "Net Income From Continuing Operation Net Minority Interest": 839000.0,
        "Reconciled Depreciation": 3887000.0,
        "Reconciled Cost Of Revenue": 35303000.0,
        "EBITDA": 18832000.0,
        "EBIT": 14945000.0,
        "Net Interest Income": -5993000.0,
        "Interest Expense": 13974000.0,
        "Interest Income": 8584000.0,
        "Normalized Income": 839000.0,
        "Net Income From Continuing And Discontinued Operation": 839000.0,
        "Total Expenses": 80378000.0,
        "Total Operating Income As Reported": 21681000.0,
        "Diluted Average Shares": 131731000.0,
        "Basic Average Shares": 128295000.0,
        "Diluted EPS": 0.01,
        "Basic EPS": 0.01,
        "Diluted NI Availto Com Stockholders": 839000.0,
        "Net Income Common Stockholders": 839000.0,
        "Net Income": 839000.0,
        "Net Income Including Noncontrolling Interests": 839000.0,
        "Net Income Continuous Operations": 839000.0,
        "Tax Provision": 132000.0,
        "Pretax Income": 971000.0,
        "Other Income Expense": -14717000.0,
        "Other Non Operating Income Expenses": -14717000.0,
        "Special Income Charges": 0.0,
        "Restructuring And Mergern Acquisition": 0.0,
        "Net Non Operating Interest Income Expense": -5993000.0,
        "Total Other Finance Cost": 603000.0,
        "Interest Expense Non Operating": 13974000.0,
        "Interest Income Non Operating": 8584000.0,
        "Operating Income": 21681000.0,
        "Operating Expense": 45075000.0,
        "Depreciation Amortization Depletion Income Statement": 3887000.0,
        "Depreciation And Amortization In Income Statement": 3887000.0,
        "Research And Development": 10304000.0,
        "Selling General And Administration": 30884000.0,
        "Selling And Marketing Expense": 9036000.0,
        "General And Administrative Expense": 21848000.0,
        "Other Gand A": 21848000.0,
        "Gross Profit": 66756000.0,
        "Cost Of Revenue": 35303000.0,
        "Total Revenue": 102059000.0,
        "Operating Revenue": 102059000.0
    },
    "2024-09-30": {
        "Tax Effect Of Unusual Items": 0.0,
        "Tax Rate For Calcs": 0.125,
        "Normalized EBITDA": 29946000.0,
        "Total Unusual Items": 0.0,
        "Total Unusual Items Excluding Goodwill": 0.0,
        "Net Income From Continuing Operation Net Minority Interest": 10630000.0,
        "Reconciled Depreciation": 4015000.0,
        "Reconciled Cost Of Revenue": 34216000.0,
        "EBITDA": 29946000.0,
        "EBIT": 25931000.0,
        "Net Interest Income": -7251000.0,
        "Interest Expense": 13779000.0,
        "Interest Income": 7149000.0,
        "Normalized Income": 10630000.0,
        "Net Income From Continuing And Discontinued Operation": 10630000.0,
        "Total Expenses": 81458000.0,
        "Total Operating Income As Reported": 19071000.0,
        "Diluted Average Shares": 130389000.0,
        "Basic Average Shares": 127918000.0,
        "Diluted EPS": 0.08,
        "Basic EPS": 0.08,
        "Diluted NI Availto Com Stockholders": 10630000.0,
        "Net Income Common Stockholders": 10630000.0,
        "Net Income": 10630000.0,
        "Net Income Including Noncontrolling Interests": 10630000.0,
        "Net Income Continuous Operations": 10630000.0,
        "Tax Provision": 1522000.0,
        "Pretax Income": 12152000.0,
        "Other Income Expense": 332000.0,
        "Other Non Operating Income Expenses": 332000.0,
        "Special Income Charges": 0.0,
        "Restructuring And Mergern Acquisition": NaN,
        "Net Non Operating Interest Income Expense": -7251000.0,
        "Total Other Finance Cost": 621000.0,
        "Interest Expense Non Operating": 13779000.0,
        "Interest Income Non Operating": 7149000.0,
        "Operating Income": 19071000.0,
        "Operating Expense": 47242000.0,
        "Depreciation Amortization Depletion Income Statement": 4015000.0,
        "Depreciation And Amortization In Income Statement": 4015000.0,
        "Research And Development": 9759000.0,
        "Selling General And Administration": 33468000.0,
        "Selling And Marketing Expense": 8551000.0,
        "General And Administrative Expense": 24917000.0,
        "Other Gand A": 24917000.0,
        "Gross Profit": 66313000.0,
        "Cost Of Revenue": 34216000.0,
        "Total Revenue": 100529000.0,
        "Operating Revenue": 100529000.0
    },
    "2024-12-31": {
        "Tax Effect Of Unusual Items": 0.0,
        "Tax Rate For Calcs": 0.224918,
        "Normalized EBITDA": -14299000.0,
        "Total Unusual Items": 0.0,
        "Total Unusual Items Excluding Goodwill": 0.0,
        "Net Income From Continuing Operation Net Minority Interest": -28213000.0,
        "Reconciled Depreciation": 7229000.0,
        "Reconciled Cost Of Revenue": 63427000.0,
        "EBITDA": -14299000.0,
        "EBIT": -21528000.0,
        "Net Interest Income": -10489000.0,
        "Interest Expense": 14872000.0,
        "Interest Income": 5073000.0,
        "Normalized Income": -28213000.0,
        "Net Income From Continuing And Discontinued Operation": -28213000.0,
        "Total Expenses": 161954000.0,
        "Total Operating Income As Reported": -24155000.0,
        "Diluted Average Shares": 128664000.0,
        "Basic Average Shares": 128664000.0,
        "Diluted EPS": -0.22,
        "Basic EPS": -0.22,
        "Diluted NI Availto Com Stockholders": -28213000.0,
        "Net Income Common Stockholders": -28213000.0,
        "Net Income": -28213000.0,
        "Net Income Including Noncontrolling Interests": -28213000.0,
        "Net Income Continuous Operations": -28213000.0,
        "Tax Provision": -8187000.0,
        "Pretax Income": -36400000.0,
        "Other Income Expense": -1756000.0,
        "Other Non Operating Income Expenses": -1756000.0,
        "Special Income Charges": 0.0,
        "Restructuring And Mergern Acquisition": NaN,
        "Net Non Operating Interest Income Expense": -10489000.0,
        "Total Other Finance Cost": 690000.0,
        "Interest Expense Non Operating": 14872000.0,
        "Interest Income Non Operating": 5073000.0,
        "Operating Income": -24155000.0,
        "Operating Expense": 98527000.0,
        "Depreciation Amortization Depletion Income Statement": 7229000.0,
        "Depreciation And Amortization In Income Statement": 7229000.0,
        "Research And Development": 15493000.0,
        "Selling General And Administration": 75805000.0,
        "Selling And Marketing Expense": 12150000.0,
        "General And Administrative Expense": 63655000.0,
        "Other Gand A": 63655000.0,
        "Gross Profit": 74372000.0,
        "Cost Of Revenue": 63427000.0,
        "Total Revenue": 137799000.0,
        "Operating Revenue": 137799000.0
    },
    "2025-03-31": {
        "Tax Effect Of Unusual Items": 0.0,
        "Tax Rate For Calcs": 0.366,
        "Normalized EBITDA": 51777000.0,
        "Total Unusual Items": NaN,
        "Total Unusual Items Excluding Goodwill": NaN,
        "Net Income From Continuing Operation Net Minority Interest": 12042000.0,
        "Reconciled Depreciation": 14143000.0,
        "Reconciled Cost Of Revenue": 123373000.0,
        "EBITDA": 51777000.0,
        "EBIT": 37634000.0,
        "Net Interest Income": -15968000.0,
        "Interest Expense": 18649000.0,
        "Interest Income": 3518000.0,
        "Normalized Income": 12042000.0,
        "Net Income From Continuing And Discontinued Operation": 12042000.0,
        "Total Expenses": 195120000.0,
        "Total Operating Income As Reported": 35187000.0,
        "Diluted Average Shares": 135314000.0,
        "Basic Average Shares": 132472000.0,
        "Diluted EPS": 0.09,
        "Basic EPS": 0.09,
        "Diluted NI Availto Com Stockholders": 12042000.0,
        "Net Income Common Stockholders": 12042000.0,
        "Net Income": 12042000.0,
        "Net Income Including Noncontrolling Interests": 12042000.0,
        "Net Income Continuous Operations": 12042000.0,
        "Tax Provision": 6943000.0,
        "Pretax Income": 18985000.0,
        "Other Income Expense": -234000.0,
        "Other Non Operating Income Expenses": -234000.0,
        "Special Income Charges": NaN,
        "Restructuring And Mergern Acquisition": NaN,
        "Net Non Operating Interest Income Expense": -15968000.0,
        "Total Other Finance Cost": 837000.0,
        "Interest Expense Non Operating": 18649000.0,
        "Interest Income Non Operating": 3518000.0,
        "Operating Income": 35187000.0,
        "Operating Expense": 71747000.0,
        "Depreciation Amortization Depletion Income Statement": 14143000.0,
        "Depreciation And Amortization In Income Statement": 14143000.0,
        "Research And Development": 13875000.0,
        "Selling General And Administration": 43729000.0,
        "Selling And Marketing Expense": 14210000.0,
        "General And Administrative Expense": 29519000.0,
        "Other Gand A": 29519000.0,
        "Gross Profit": 106934000.0,
        "Cost Of Revenue": 123373000.0,
        "Total Revenue": 230307000.0,
        "Operating Revenue": 230307000.0
    },
    "2025-06-30": {
        "Tax Effect Of Unusual Items": -959400.0,
        "Tax Rate For Calcs": 0.246,
        "Normalized EBITDA": 54524000.0,
        "Total Unusual Items": -3900000.0,
        "Total Unusual Items Excluding Goodwill": -3900000.0,
        "Net Income From Continuing Operation Net Minority Interest": 12807000.0,
        "Reconciled Depreciation": 15117000.0,
        "Reconciled Cost Of Revenue": 119064000.0,
        "EBITDA": 50624000.0,
        "EBIT": 35507000.0,
        "Net Interest Income": -15229000.0,
        "Interest Expense": 18526000.0,
        "Interest Income": 4159000.0,
        "Normalized Income": 15747600.0,
        "Net Income From Continuing And Discontinued Operation": 12807000.0,
        "Total Expenses": 190077000.0,
        "Total Operating Income As Reported": 35961000.0,
        "Diluted Average Shares": 136897000.0,
        "Basic Average Shares": 133647000.0,
        "Diluted EPS": 0.09,
        "Basic EPS": 0.1,
        "Diluted NI Availto Com Stockholders": 12807000.0,
        "Net Income Common Stockholders": 12807000.0,
        "Net Income": 12807000.0,
        "Net Income Including Noncontrolling Interests": 12807000.0,
        "Net Income Continuous Operations": 12807000.0,
        "Tax Provision": 4174000.0,
        "Pretax Income": 16981000.0,
        "Other Income Expense": -3751000.0,
        "Other Non Operating Income Expenses": 149000.0,
        "Special Income Charges": -3900000.0,
        "Restructuring And Mergern Acquisition": 3900000.0,
        "Net Non Operating Interest Income Expense": -15229000.0,
        "Total Other Finance Cost": 862000.0,
        "Interest Expense Non Operating": 18526000.0,
        "Interest Income Non Operating": 4159000.0,
        "Operating Income": 35961000.0,
        "Operating Expense": 71013000.0,
        "Depreciation Amortization Depletion Income Statement": 15117000.0,
        "Depreciation And Amortization In Income Statement": 15117000.0,
        "Research And Development": 12522000.0,
        "Selling General And Administration": 43374000.0,
        "Selling And Marketing Expense": 14741000.0,
        "General And Administrative Expense": 28633000.0,
        "Other Gand A": 28633000.0,
        "Gross Profit": 106974000.0,
        "Cost Of Revenue": 119064000.0,
        "Total Revenue": 226038000.0,
        "Operating Revenue": 226038000.0
    }
}