{
    "2023-03-31": {
        "Tax Effect Of Unusual Items": NaN,
        "Tax Rate For Calcs": NaN,
        "Normalized EBITDA": NaN,
        "Net Income From Continuing Operation Net Minority Interest": NaN,
        "Reconciled Depreciation": NaN,
        "Reconciled Cost Of Revenue": NaN,
        "EBITDA": NaN,
        "EBIT": NaN,
        "Net Interest Income": NaN,
        "Interest Expense": 9896000.0,
        "Normalized Income": NaN,
        "Net Income From Continuing And Discontinued Operation": NaN,
        "Total Expenses": NaN,
        "Total Operating Income As Reported": NaN,
        "Diluted Average Shares": NaN,
        "Basic Average Shares": NaN,
        "Diluted EPS": NaN,
        "Basic EPS": NaN,
        "Diluted NI Availto Com Stockholders": NaN,
        "Net Income Common Stockholders": NaN,
        "Net Income": NaN,
        "Minority Interests": NaN,
        "Net Income Including Noncontrolling Interests": NaN,
        "Net Income Continuous Operations": NaN,
        "Tax Provision": NaN,
        "Pretax Income": NaN,
        "Other Income Expense": NaN,
        "Other Non Operating Income Expenses": NaN,
        "Net Non Operating Interest Income Expense": NaN,
        "Total Other Finance Cost": NaN,
        "Interest Expense Non Operating": 9896000.0,
        "Operating Income": NaN,
        "Operating Expense": NaN,
        "Depreciation Amortization Depletion Income Statement": NaN,
        "Depreciation And Amortization In Income Statement": NaN,
        "Amortization": NaN,
        "Amortization Of Intangibles Income Statement": NaN,
        "Research And Development": NaN,
        "Selling General And Administration": NaN,
        "Gross Profit": NaN,
        "Cost Of Revenue": NaN,
        "Total Revenue": NaN,
        "Operating Revenue": NaN
    },
    "2022-12-31": {
        "Tax Effect Of Unusual Items": NaN,
        "Tax Rate For Calcs": NaN,
        "Normalized EBITDA": NaN,
        "Net Income From Continuing Operation Net Minority Interest": NaN,
        "Reconciled Depreciation": NaN,
        "Reconciled Cost Of Revenue": NaN,
        "EBITDA": NaN,
        "EBIT": NaN,
        "Net Interest Income": NaN,
        "Interest Expense": 6110000.0,
        "Normalized Income": NaN,
        "Net Income From Continuing And Discontinued Operation": NaN,
        "Total Expenses": NaN,
        "Total Operating Income As Reported": NaN,
        "Diluted Average Shares": NaN,
        "Basic Average Shares": NaN,
        "Diluted EPS": NaN,
        "Basic EPS": NaN,
        "Diluted NI Availto Com Stockholders": NaN,
        "Net Income Common Stockholders": NaN,
        "Net Income": NaN,
        "Minority Interests": NaN,
        "Net Income Including Noncontrolling Interests": NaN,
        "Net Income Continuous Operations": NaN,
        "Tax Provision": NaN,
        "Pretax Income": NaN,
        "Other Income Expense": NaN,
        "Other Non Operating Income Expenses": NaN,
        "Net Non Operating Interest Income Expense": NaN,
        "Total Other Finance Cost": NaN,
        "Interest Expense Non Operating": 6110000.0,
        "Operating Income": NaN,
        "Operating Expense": NaN,
        "Depreciation Amortization Depletion Income Statement": NaN,
        "Depreciation And Amortization In Income Statement": NaN,
        "Amortization": NaN,
        "Amortization Of Intangibles Income Statement": NaN,
        "Research And Development": NaN,
        "Selling General And Administration": NaN,
        "Gross Profit": NaN,
        "Cost Of Revenue": NaN,
        "Total Revenue": NaN,
        "Operating Revenue": NaN
    },
    "2022-09-30": {
        "Tax Effect Of Unusual Items": NaN,
        "Tax Rate For Calcs": NaN,
        "Normalized EBITDA": NaN,
        "Net Income From Continuing Operation Net Minority Interest": NaN,
        "Reconciled Depreciation": NaN,
        "Reconciled Cost Of Revenue": NaN,
        "EBITDA": NaN,
        "EBIT": NaN,
        "Net Interest Income": NaN,
        "Interest Expense": 4534000.0,
        "Normalized Income": NaN,
        "Net Income From Continuing And Discontinued Operation": NaN,
        "Total Expenses": NaN,
        "Total Operating Income As Reported": NaN,
        "Diluted Average Shares": NaN,
        "Basic Average Shares": NaN,
        "Diluted EPS": NaN,
        "Basic EPS": NaN,
        "Diluted NI Availto Com Stockholders": NaN,
        "Net Income Common Stockholders": NaN,
        "Net Income": NaN,
        "Minority Interests": NaN,
        "Net Income Including Noncontrolling Interests": NaN,
        "Net Income Continuous Operations": NaN,
        "Tax Provision": NaN,
        "Pretax Income": NaN,
        "Other Income Expense": NaN,
        "Other Non Operating Income Expenses": NaN,
        "Net Non Operating Interest Income Expense": NaN,
        "Total Other Finance Cost": 4534000.0,
        "Interest Expense Non Operating": 4534000.0,
        "Operating Income": NaN,
        "Operating Expense": NaN,
        "Depreciation Amortization Depletion Income Statement": NaN,
        "Depreciation And Amortization In Income Statement": NaN,
        "Amortization": NaN,
        "Amortization Of Intangibles Income Statement": NaN,
        "Research And Development": NaN,
        "Selling General And Administration": NaN,
        "Gross Profit": NaN,
        "Cost Of Revenue": NaN,
        "Total Revenue": NaN,
        "Operating Revenue": NaN
    },
    "2022-06-30": {
        "Tax Effect Of Unusual Items": 0.0,
        "Tax Rate For Calcs": 0.191,
        "Normalized EBITDA": 98845000.0,
        "Net Income From Continuing Operation Net Minority Interest": 66454000.0,
        "Reconciled Depreciation": 10298000.0,
        "Reconciled Cost Of Revenue": 306649000.0,
        "EBITDA": 98845000.0,
        "EBIT": 88547000.0,
        "Net Interest Income": -2091000.0,
        "Interest Expense": NaN,
        "Normalized Income": 66454000.0,
        "Net Income From Continuing And Discontinued Operation": 66454000.0,
        "Total Expenses": 570052000.0,
        "Total Operating Income As Reported": 88547000.0,
        "Diluted Average Shares": 73391880.0,
        "Basic Average Shares": 72904858.0,
        "Diluted EPS": 0.91,
        "Basic EPS": 0.91,
        "Diluted NI Availto Com Stockholders": 66454000.0,
        "Net Income Common Stockholders": 66454000.0,
        "Net Income": 66454000.0,
        "Minority Interests": -1785000.0,
        "Net Income Including Noncontrolling Interests": 68239000.0,
        "Net Income Continuous Operations": 68239000.0,
        "Tax Provision": 16070000.0,
        "Pretax Income": 84309000.0,
        "Other Income Expense": -2147000.0,
        "Other Non Operating Income Expenses": -2147000.0,
        "Net Non Operating Interest Income Expense": -2091000.0,
        "Total Other Finance Cost": 2091000.0,
        "Interest Expense Non Operating": NaN,
        "Operating Income": 88547000.0,
        "Operating Expense": 255059000.0,
        "Depreciation Amortization Depletion Income Statement": 1954000.0,
        "Depreciation And Amortization In Income Statement": 1954000.0,
        "Amortization": 1954000.0,
        "Amortization Of Intangibles Income Statement": 1954000.0,
        "Research And Development": 13938000.0,
        "Selling General And Administration": 239167000.0,
        "Gross Profit": 343606000.0,
        "Cost Of Revenue": 314993000.0,
        "Total Revenue": 658599000.0,
        "Operating Revenue": 658599000.0
    },
    "2023-06-30": {
        "Tax Effect Of Unusual Items": NaN,
        "Tax Rate For Calcs": NaN,
        "Normalized EBITDA": NaN,
        "Net Income From Continuing Operation Net Minority Interest": NaN,
        "Reconciled Depreciation": NaN,
        "Reconciled Cost Of Revenue": NaN,
        "EBITDA": NaN,
        "EBIT": NaN,
        "Net Interest Income": NaN,
        "Interest Expense": 10949000.0,
        "Normalized Income": NaN,
        "Net Income From Continuing And Discontinued Operation": NaN,
        "Total Expenses": NaN,
        "Total Operating Income As Reported": NaN,
        "Diluted Average Shares": 68649044.0,
        "Basic Average Shares": 68341608.0,
        "Diluted EPS": 1.09,
        "Basic EPS": 1.09,
        "Diluted NI Availto Com Stockholders": NaN,
        "Net Income Common Stockholders": NaN,
        "Net Income": NaN,
        "Minority Interests": NaN,
        "Net Income Including Noncontrolling Interests": NaN,
        "Net Income Continuous Operations": NaN,
        "Tax Provision": NaN,
        "Pretax Income": NaN,
        "Other Income Expense": NaN,
        "Other Non Operating Income Expenses": NaN,
        "Net Non Operating Interest Income Expense": NaN,
        "Total Other Finance Cost": 10949000.0,
        "Interest Expense Non Operating": 10949000.0,
        "Operating Income": NaN,
        "Operating Expense": NaN,
        "Depreciation Amortization Depletion Income Statement": NaN,
        "Depreciation And Amortization In Income Statement": NaN,
        "Amortization": NaN,
        "Amortization Of Intangibles Income Statement": NaN,
        "Research And Development": NaN,
        "Selling General And Administration": NaN,
        "Gross Profit": NaN,
        "Cost Of Revenue": NaN,
        "Total Revenue": NaN,
        "Operating Revenue": NaN
    },
    "2022-03-31": {
        "Diluted EPS": 1.1,
        "Total Revenue": 606,
        "Gross Profit": 317,
        "Operating Income": 105,
        "EBIT": 116,
        "Net Income": 81
    },
    "2021-12-31": {
        "Diluted EPS": -0.35,
        "Total Revenue": 421,
        "Gross Profit": 204,
        "Operating Income": -22,
        "EBIT": -11,
        "Net Income": -26
    },
    "2021-09-30": {
        "Diluted EPS": 0.52,
        "Total Revenue": 522,
        "Gross Profit": 269,
        "Operating Income": 52,
        "EBIT": 63,
        "Net Income": 39
    },
    "2021-06-30": {
        "Diluted EPS": 1.08,
        "Total Revenue": 625,
        "Gross Profit": 334,
        "Operating Income": 109,
        "EBIT": 120,
        "Net Income": 81
    },
    "2021-03-31": {
        "Diluted EPS": 1.13,
        "Total Revenue": 581,
        "Gross Profit": 311,
        "Operating Income": 120,
        "EBIT": 131,
        "Net Income": 85
    },
    "2020-12-31": {
        "Diluted EPS": 0.29,
        "Total Revenue": 420,
        "Gross Profit": 220,
        "Operating Income": 27,
        "EBIT": 42,
        "Net Income": 22
    },
    "2020-09-30": {
        "Diluted EPS": 0.84,
        "Total Revenue": 483,
        "Gross Profit": 252,
        "Operating Income": 85,
        "EBIT": 96,
        "Net Income": 63
    },
    "2020-06-30": {
        "Diluted EPS": 0.03,
        "Total Revenue": 300,
        "Gross Profit": 156,
        "Operating Income": 12,
        "EBIT": 22,
        "Net Income": 2
    },
    "2020-03-31": {
        "Diluted EPS": 0.12,
        "Total Revenue": 409,
        "Gross Profit": 201,
        "Operating Income": 21,
        "EBIT": 32,
        "Net Income": 9
    },
    "2019-12-31": {
        "Diluted EPS": 0.24,
        "Total Revenue": 368,
        "Gross Profit": 187,
        "Operating Income": 29,
        "EBIT": 41,
        "Net Income": 18
    },
    "2019-09-30": {
        "Diluted EPS": 0.39,
        "Total Revenue": 417,
        "Gross Profit": 217,
        "Operating Income": 44,
        "EBIT": 56,
        "Net Income": 30
    },
    "2019-06-30": {
        "Diluted EPS": 0.51,
        "Total Revenue": 462,
        "Gross Profit": 246,
        "Operating Income": 61,
        "EBIT": 71,
        "Net Income": 38
    },
    "2019-03-31": {
        "Diluted EPS": 0.46,
        "Total Revenue": 434,
        "Gross Profit": 222,
        "Operating Income": 52,
        "EBIT": 62,
        "Net Income": 35
    },
    "2018-12-31": {
        "Diluted EPS": 0.15,
        "Total Revenue": 343,
        "Gross Profit": 175,
        "Operating Income": 20,
        "EBIT": 30,
        "Net Income": 11
    },
    "2018-09-30": {
        "Diluted EPS": 0.09,
        "Total Revenue": 370,
        "Gross Profit": 189,
        "Operating Income": 26,
        "EBIT": 36,
        "Net Income": 7
    },
    "2018-06-30": {
        "Diluted EPS": 0.53,
        "Total Revenue": 478,
        "Gross Profit": 251,
        "Operating Income": 65,
        "EBIT": 75,
        "Net Income": 40
    },
    "2018-03-31": {
        "Diluted EPS": 0.55,
        "Total Revenue": 442,
        "Gross Profit": 228,
        "Operating Income": 62,
        "EBIT": 73,
        "Net Income": 41
    },
    "2017-12-31": {
        "Diluted EPS": 0.25,
        "Total Revenue": 351,
        "Gross Profit": 179,
        "Operating Income": 28,
        "EBIT": 39,
        "Net Income": 18
    },
    "2017-09-30": {
        "Diluted EPS": 0.12,
        "Total Revenue": 347,
        "Gross Profit": 173,
        "Operating Income": 19,
        "EBIT": 30,
        "Net Income": 9
    },
    "2017-06-30": {
        "Diluted EPS": 0.44,
        "Total Revenue": 428,
        "Gross Profit": 223,
        "Operating Income": 58,
        "EBIT": 69,
        "Net Income": 33
    },
    "2017-03-31": {
        "Diluted EPS": 0.51,
        "Total Revenue": 434,
        "Gross Profit": 226,
        "Operating Income": 64,
        "EBIT": 75,
        "Net Income": 38
    },
    "2016-12-31": {
        "Diluted EPS": 0.26,
        "Total Revenue": 330,
        "Gross Profit": 168,
        "Operating Income": 9,
        "EBIT": 20,
        "Net Income": 7
    },
    "2016-09-30": {
        "Diluted EPS": -0.38,
        "Total Revenue": 339,
        "Gross Profit": 167,
        "Operating Income": 10,
        "EBIT": 24,
        "Net Income": -9
    },
    "2016-06-30": {
        "Diluted EPS": 0.39,
        "Total Revenue": 463,
        "Gross Profit": 238,
        "Operating Income": 66,
        "EBIT": 78,
        "Net Income": 13
    },
    "2016-03-31": {
        "Diluted EPS": 0.35,
        "Total Revenue": 440,
        "Gross Profit": 226,
        "Operating Income": 57,
        "EBIT": 69,
        "Net Income": 12
    },
    "2015-12-31": {
        "Diluted EPS": 0.0,
        "Total Revenue": NaN,
        "Gross Profit": NaN,
        "Operating Income": NaN,
        "EBIT": NaN,
        "Net Income": NaN
    },
    "2015-09-30": {
        "Diluted EPS": -0.84,
        "Total Revenue": 320,
        "Gross Profit": 157,
        "Operating Income": 0,
        "EBIT": 15,
        "Net Income": -17
    },
    "2015-06-30": {
        "Diluted EPS": 0.0,
        "Total Revenue": NaN,
        "Gross Profit": NaN,
        "Operating Income": NaN,
        "EBIT": NaN,
        "Net Income": NaN
    },
    "2014-12-31": {
        "Diluted EPS": 0.0,
        "Total Revenue": NaN,
        "Gross Profit": NaN,
        "Operating Income": NaN,
        "EBIT": NaN,
        "Net Income": NaN
    },
    "2013-12-31": {
        "Diluted EPS": 0.0,
        "Total Revenue": NaN,
        "Gross Profit": NaN,
        "Operating Income": NaN,
        "EBIT": NaN,
        "Net Income": NaN
    },
    "2023-09-30": {
        "Tax Effect Of Unusual Items": NaN,
        "Tax Rate For Calcs": NaN,
        "Normalized EBITDA": NaN,
        "Net Income From Continuing Operation Net Minority Interest": NaN,
        "Reconciled Depreciation": NaN,
        "Reconciled Cost Of Revenue": NaN,
        "EBITDA": NaN,
        "EBIT": NaN,
        "Net Interest Income": NaN,
        "Interest Expense": NaN,
        "Normalized Income": NaN,
        "Net Income From Continuing And Discontinued Operation": NaN,
        "Total Expenses": NaN,
        "Total Operating Income As Reported": NaN,
        "Diluted Average Shares": NaN,
        "Basic Average Shares": NaN,
        "Diluted EPS": NaN,
        "Basic EPS": NaN,
        "Diluted NI Availto Com Stockholders": NaN,
        "Net Income Common Stockholders": NaN,
        "Net Income": NaN,
        "Minority Interests": NaN,
        "Net Income Including Noncontrolling Interests": NaN,
        "Net Income Continuous Operations": NaN,
        "Tax Provision": NaN,
        "Pretax Income": NaN,
        "Other Income Expense": NaN,
        "Other Non Operating Income Expenses": NaN,
        "Net Non Operating Interest Income Expense": NaN,
        "Total Other Finance Cost": 9389000.0,
        "Interest Expense Non Operating": NaN,
        "Operating Income": NaN,
        "Operating Expense": NaN,
        "Depreciation Amortization Depletion Income Statement": NaN,
        "Depreciation And Amortization In Income Statement": NaN,
        "Amortization": NaN,
        "Amortization Of Intangibles Income Statement": NaN,
        "Research And Development": NaN,
        "Selling General And Administration": NaN,
        "Gross Profit": NaN,
        "Cost Of Revenue": NaN,
        "Total Revenue": NaN,
        "Operating Revenue": NaN
    },
    "2023-12-31": {
        "Tax Effect Of Unusual Items": 0.0,
        "Tax Rate For Calcs": 0.269202,
        "Normalized EBITDA": -11594000.0,
        "Net Income From Continuing Operation Net Minority Interest": -26808000.0,
        "Reconciled Depreciation": 13175000.0,
        "Reconciled Cost Of Revenue": 193502000.0,
        "EBITDA": -11594000.0,
        "EBIT": -24769000.0,
        "Net Interest Income": -11744000.0,
        "Interest Expense": NaN,
        "Normalized Income": -26808000.0,
        "Net Income From Continuing And Discontinued Operation": -26808000.0,
        "Total Expenses": 437655000.0,
        "Total Operating Income As Reported": -24694000.0,
        "Diluted Average Shares": NaN,
        "Basic Average Shares": NaN,
        "Diluted EPS": NaN,
        "Basic EPS": NaN,
        "Diluted NI Availto Com Stockholders": -26808000.0,
        "Net Income Common Stockholders": -26808000.0,
        "Net Income": -26808000.0,
        "Minority Interests": -386000.0,
        "Net Income Including Noncontrolling Interests": -26422000.0,
        "Net Income Continuous Operations": -26422000.0,
        "Tax Provision": -9733000.0,
        "Pretax Income": -36155000.0,
        "Other Income Expense": 283000.0,
        "Other Non Operating Income Expenses": -407000.0,
        "Net Non Operating Interest Income Expense": -11744000.0,
        "Total Other Finance Cost": NaN,
        "Interest Expense Non Operating": NaN,
        "Operating Income": -24694000.0,
        "Operating Expense": 234488000.0,
        "Depreciation Amortization Depletion Income Statement": 3510000.0,
        "Depreciation And Amortization In Income Statement": 3510000.0,
        "Amortization": 3510000.0,
        "Amortization Of Intangibles Income Statement": 3510000.0,
        "Research And Development": 17553000.0,
        "Selling General And Administration": 213425000.0,
        "Gross Profit": 209794000.0,
        "Cost Of Revenue": 203167000.0,
        "Total Revenue": 412961000.0,
        "Operating Revenue": 412961000.0
    },
    "2024-03-31": {
        "Tax Effect Of Unusual Items": NaN,
        "Tax Rate For Calcs": NaN,
        "Normalized EBITDA": NaN,
        "Net Income From Continuing Operation Net Minority Interest": NaN,
        "Reconciled Depreciation": NaN,
        "Reconciled Cost Of Revenue": NaN,
        "EBITDA": NaN,
        "EBIT": NaN,
        "Net Interest Income": NaN,
        "Interest Expense": 13076000.0,
        "Normalized Income": NaN,
        "Net Income From Continuing And Discontinued Operation": NaN,
        "Total Expenses": NaN,
        "Total Operating Income As Reported": NaN,
        "Diluted Average Shares": NaN,
        "Basic Average Shares": NaN,
        "Diluted EPS": NaN,
        "Basic EPS": NaN,
        "Diluted NI Availto Com Stockholders": NaN,
        "Net Income Common Stockholders": NaN,
        "Net Income": NaN,
        "Minority Interests": NaN,
        "Net Income Including Noncontrolling Interests": NaN,
        "Net Income Continuous Operations": NaN,
        "Tax Provision": NaN,
        "Pretax Income": NaN,
        "Other Income Expense": NaN,
        "Other Non Operating Income Expenses": NaN,
        "Net Non Operating Interest Income Expense": NaN,
        "Total Other Finance Cost": NaN,
        "Interest Expense Non Operating": 13076000.0,
        "Operating Income": NaN,
        "Operating Expense": NaN,
        "Depreciation Amortization Depletion Income Statement": NaN,
        "Depreciation And Amortization In Income Statement": NaN,
        "Amortization": NaN,
        "Amortization Of Intangibles Income Statement": NaN,
        "Research And Development": NaN,
        "Selling General And Administration": NaN,
        "Gross Profit": NaN,
        "Cost Of Revenue": NaN,
        "Total Revenue": NaN,
        "Operating Revenue": NaN
    },
    "2024-06-30": {
        "Tax Effect Of Unusual Items": NaN,
        "Tax Rate For Calcs": NaN,
        "Normalized EBITDA": NaN,
        "Net Income From Continuing Operation Net Minority Interest": NaN,
        "Reconciled Depreciation": NaN,
        "Reconciled Cost Of Revenue": NaN,
        "EBITDA": NaN,
        "EBIT": NaN,
        "Net Interest Income": NaN,
        "Interest Expense": 14104000.0,
        "Normalized Income": NaN,
        "Net Income From Continuing And Discontinued Operation": NaN,
        "Total Expenses": NaN,
        "Total Operating Income As Reported": NaN,
        "Diluted Average Shares": NaN,
        "Basic Average Shares": NaN,
        "Diluted EPS": NaN,
        "Basic EPS": NaN,
        "Diluted NI Availto Com Stockholders": NaN,
        "Net Income Common Stockholders": NaN,
        "Net Income": NaN,
        "Minority Interests": NaN,
        "Net Income Including Noncontrolling Interests": NaN,
        "Net Income Continuous Operations": NaN,
        "Tax Provision": NaN,
        "Pretax Income": NaN,
        "Other Income Expense": NaN,
        "Other Non Operating Income Expenses": NaN,
        "Net Non Operating Interest Income Expense": NaN,
        "Total Other Finance Cost": NaN,
        "Interest Expense Non Operating": 14104000.0,
        "Operating Income": NaN,
        "Operating Expense": NaN,
        "Depreciation Amortization Depletion Income Statement": NaN,
        "Depreciation And Amortization In Income Statement": NaN,
        "Amortization": NaN,
        "Amortization Of Intangibles Income Statement": NaN,
        "Research And Development": NaN,
        "Selling General And Administration": NaN,
        "Gross Profit": NaN,
        "Cost Of Revenue": NaN,
        "Total Revenue": NaN,
        "Operating Revenue": NaN
    },
    "2024-09-30": {
        "Tax Effect Of Unusual Items": 0.0,
        "Tax Rate For Calcs": 0.193,
        "Normalized EBITDA": 96032000.0,
        "Net Income From Continuing Operation Net Minority Interest": 56224000.0,
        "Reconciled Depreciation": 13965000.0,
        "Reconciled Cost Of Revenue": 272664000.0,
        "EBITDA": 96032000.0,
        "EBIT": 82067000.0,
        "Net Interest Income": -13187000.0,
        "Interest Expense": NaN,
        "Normalized Income": 56224000.0,
        "Net Income From Continuing And Discontinued Operation": 56224000.0,
        "Total Expenses": 538434000.0,
        "Total Operating Income As Reported": 82067000.0,
        "Diluted Average Shares": 63171736.0,
        "Basic Average Shares": 62894940.0,
        "Diluted EPS": 0.89,
        "Basic EPS": 0.89,
        "Diluted NI Availto Com Stockholders": 56224000.0,
        "Net Income Common Stockholders": 56224000.0,
        "Net Income": 56224000.0,
        "Minority Interests": 949000.0,
        "Net Income Including Noncontrolling Interests": 55275000.0,
        "Net Income Continuous Operations": 55275000.0,
        "Tax Provision": 13198000.0,
        "Pretax Income": 68473000.0,
        "Other Income Expense": -407000.0,
        "Other Non Operating Income Expenses": -407000.0,
        "Net Non Operating Interest Income Expense": -13187000.0,
        "Total Other Finance Cost": 13187000.0,
        "Interest Expense Non Operating": NaN,
        "Operating Income": 82067000.0,
        "Operating Expense": 255308000.0,
        "Depreciation Amortization Depletion Income Statement": 3503000.0,
        "Depreciation And Amortization In Income Statement": 3503000.0,
        "Amortization": 3503000.0,
        "Amortization Of Intangibles Income Statement": 3503000.0,
        "Research And Development": 18923000.0,
        "Selling General And Administration": 232882000.0,
        "Gross Profit": 337375000.0,
        "Cost Of Revenue": 283126000.0,
        "Total Revenue": 620501000.0,
        "Operating Revenue": 620501000.0
    },
    "2024-12-31": {
        "Tax Effect Of Unusual Items": 0.0,
        "Tax Rate For Calcs": 0.21,
        "Normalized EBITDA": 9079000.0,
        "Net Income From Continuing Operation Net Minority Interest": -1116000.0,
        "Reconciled Depreciation": 14172000.0,
        "Reconciled Cost Of Revenue": 333839000.0,
        "EBITDA": 9079000.0,
        "EBIT": -5093000.0,
        "Net Interest Income": -13142000.0,
        "Interest Expense": NaN,
        "Normalized Income": -1116000.0,
        "Net Income From Continuing And Discontinued Operation": -1116000.0,
        "Total Expenses": 450378000.0,
        "Total Operating Income As Reported": -5209000.0,
        "Diluted Average Shares": 61951984.0,
        "Basic Average Shares": 61951984.0,
        "Diluted EPS": -0.02,
        "Basic EPS": -0.02,
        "Diluted NI Availto Com Stockholders": -1116000.0,
        "Net Income Common Stockholders": -1116000.0,
        "Net Income": -1116000.0,
        "Minority Interests": 7040000.0,
        "Net Income Including Noncontrolling Interests": -8156000.0,
        "Net Income Continuous Operations": -8156000.0,
        "Tax Provision": -9992000.0,
        "Pretax Income": -18148000.0,
        "Other Income Expense": 203000.0,
        "Other Non Operating Income Expenses": -669000.0,
        "Net Non Operating Interest Income Expense": -13142000.0,
        "Total Other Finance Cost": NaN,
        "Interest Expense Non Operating": NaN,
        "Operating Income": -5209000.0,
        "Operating Expense": 105868000.0,
        "Depreciation Amortization Depletion Income Statement": 3501000.0,
        "Depreciation And Amortization In Income Statement": 3501000.0,
        "Amortization": 3501000.0,
        "Amortization Of Intangibles Income Statement": 3501000.0,
        "Research And Development": 16325000.0,
        "Selling General And Administration": 86042000.0,
        "Gross Profit": 100659000.0,
        "Cost Of Revenue": 344510000.0,
        "Total Revenue": 445169000.0,
        "Operating Revenue": 445169000.0
    },
    "2025-03-31": {
        "Tax Effect Of Unusual Items": 0.0,
        "Tax Rate For Calcs": 0.179,
        "Normalized EBITDA": 148687000.0,
        "Net Income From Continuing Operation Net Minority Interest": 99372000.0,
        "Reconciled Depreciation": 14277000.0,
        "Reconciled Cost Of Revenue": 355428000.0,
        "EBITDA": 148687000.0,
        "EBIT": 134410000.0,
        "Net Interest Income": -13815000.0,
        "Interest Expense": 13815000.0,
        "Normalized Income": 99372000.0,
        "Net Income From Continuing And Discontinued Operation": 99372000.0,
        "Total Expenses": 588825000.0,
        "Total Operating Income As Reported": 114547000.0,
        "Diluted Average Shares": 61484788.0,
        "Basic Average Shares": 61325623.0,
        "Diluted EPS": 1.62,
        "Basic EPS": 1.62,
        "Diluted NI Availto Com Stockholders": 99372000.0,
        "Net Income Common Stockholders": 99372000.0,
        "Net Income": 99372000.0,
        "Minority Interests": 347000.0,
        "Net Income Including Noncontrolling Interests": 99025000.0,
        "Net Income Continuous Operations": 99025000.0,
        "Tax Provision": 21570000.0,
        "Pretax Income": 120595000.0,
        "Other Income Expense": 19863000.0,
        "Other Non Operating Income Expenses": 19863000.0,
        "Net Non Operating Interest Income Expense": -13815000.0,
        "Total Other Finance Cost": NaN,
        "Interest Expense Non Operating": 13815000.0,
        "Operating Income": 114547000.0,
        "Operating Expense": 222615000.0,
        "Depreciation Amortization Depletion Income Statement": 3495000.0,
        "Depreciation And Amortization In Income Statement": 3495000.0,
        "Amortization": 3495000.0,
        "Amortization Of Intangibles Income Statement": 3495000.0,
        "Research And Development": 18859000.0,
        "Selling General And Administration": 200261000.0,
        "Gross Profit": 337162000.0,
        "Cost Of Revenue": 366210000.0,
        "Total Revenue": 703372000.0,
        "Operating Revenue": 703372000.0
    },
    "2025-06-30": {
        "Tax Effect Of Unusual Items": 0.0,
        "Tax Rate For Calcs": 0.199,
        "Normalized EBITDA": 123809000.0,
        "Net Income From Continuing Operation Net Minority Interest": 75563000.0,
        "Reconciled Depreciation": 14929000.0,
        "Reconciled Cost Of Revenue": 354740000.0,
        "EBITDA": 123809000.0,
        "EBIT": 108880000.0,
        "Net Interest Income": -15198000.0,
        "Interest Expense": 15198000.0,
        "Normalized Income": 75563000.0,
        "Net Income From Continuing And Discontinued Operation": 75563000.0,
        "Total Expenses": 610608000.0,
        "Total Operating Income As Reported": 109868000.0,
        "Diluted Average Shares": 60333409.0,
        "Basic Average Shares": 60156224.0,
        "Diluted EPS": 1.25,
        "Basic EPS": 1.26,
        "Diluted NI Availto Com Stockholders": 75563000.0,
        "Net Income Common Stockholders": 75563000.0,
        "Net Income": 75563000.0,
        "Minority Interests": 484000.0,
        "Net Income Including Noncontrolling Interests": 75079000.0,
        "Net Income Continuous Operations": 75079000.0,
        "Tax Provision": 18603000.0,
        "Pretax Income": 93682000.0,
        "Other Income Expense": -988000.0,
        "Other Non Operating Income Expenses": -988000.0,
        "Net Non Operating Interest Income Expense": -15198000.0,
        "Total Other Finance Cost": NaN,
        "Interest Expense Non Operating": 15198000.0,
        "Operating Income": 109868000.0,
        "Operating Expense": 244448000.0,
        "Depreciation Amortization Depletion Income Statement": 3509000.0,
        "Depreciation And Amortization In Income Statement": 3509000.0,
        "Amortization": 3509000.0,
        "Amortization Of Intangibles Income Statement": 3509000.0,
        "Research And Development": 18933000.0,
        "Selling General And Administration": 222006000.0,
        "Gross Profit": 354316000.0,
        "Cost Of Revenue": 366160000.0,
        "Total Revenue": 720476000.0,
        "Operating Revenue": 720476000.0
    },
    "2025-09-30": {
        "Tax Effect Of Unusual Items": 0.0,
        "Tax Rate For Calcs": 0.373,
        "Normalized EBITDA": 105905000.0,
        "Net Income From Continuing Operation Net Minority Interest": 48511000.0,
        "Reconciled Depreciation": 12978000.0,
        "Reconciled Cost Of Revenue": 328212000.0,
        "EBITDA": 105905000.0,
        "EBIT": 92927000.0,
        "Net Interest Income": -14516000.0,
        "Interest Expense": NaN,
        "Normalized Income": 48511000.0,
        "Net Income From Continuing And Discontinued Operation": 48511000.0,
        "Total Expenses": 564731000.0,
        "Total Operating Income As Reported": 92927000.0,
        "Diluted Average Shares": 60159534.0,
        "Basic Average Shares": 59877065.0,
        "Diluted EPS": 0.81,
        "Basic EPS": 0.81,
        "Diluted NI Availto Com Stockholders": 48511000.0,
        "Net Income Common Stockholders": 48511000.0,
        "Net Income": 48511000.0,
        "Minority Interests": 480000.0,
        "Net Income Including Noncontrolling Interests": 48031000.0,
        "Net Income Continuous Operations": 48031000.0,
        "Tax Provision": 28622000.0,
        "Pretax Income": 76653000.0,
        "Other Income Expense": -1758000.0,
        "Other Non Operating Income Expenses": -1758000.0,
        "Net Non Operating Interest Income Expense": -14516000.0,
        "Total Other Finance Cost": 14516000.0,
        "Interest Expense Non Operating": NaN,
        "Operating Income": 92927000.0,
        "Operating Expense": 226196000.0,
        "Depreciation Amortization Depletion Income Statement": 2655000.0,
        "Depreciation And Amortization In Income Statement": 2655000.0,
        "Amortization": 2655000.0,
        "Amortization Of Intangibles Income Statement": 2655000.0,
        "Research And Development": 18605000.0,
        "Selling General And Administration": 204936000.0,
        "Gross Profit": 319123000.0,
        "Cost Of Revenue": 338535000.0,
        "Total Revenue": 657658000.0,
        "Operating Revenue": 657658000.0
    }
}