{
    "2023-03-31": {
        "Tax Effect Of Unusual Items": 1419465.912728,
        "Tax Rate For Calcs": 0.132363,
        "Normalized EBITDA": 84415000.0,
        "Total Unusual Items": 10724000.0,
        "Total Unusual Items Excluding Goodwill": 10724000.0,
        "Net Income From Continuing Operation Net Minority Interest": 113853000.0,
        "Reconciled Cost Of Revenue": 159982000.0,
        "EBITDA": 95139000.0,
        "EBIT": 95139000.0,
        "Net Interest Income": 13293000.0,
        "Interest Income": 13293000.0,
        "Normalized Income": 104548465.912728,
        "Net Income From Continuing And Discontinued Operation": 113853000.0,
        "Total Expenses": 612153000.0,
        "Total Operating Income As Reported": 95139000.0,
        "Diluted Average Shares": 269411886.0,
        "Basic Average Shares": 259586809.0,
        "Diluted EPS": 0.42,
        "Basic EPS": 0.44,
        "Diluted NI Availto Com Stockholders": 113853000.0,
        "Net Income Common Stockholders": 113853000.0,
        "Net Income": 113853000.0,
        "Net Income Including Noncontrolling Interests": 113853000.0,
        "Net Income Continuous Operations": 113853000.0,
        "Earnings From Equity Interest Net Of Tax": NaN,
        "Tax Provision": 17369000.0,
        "Pretax Income": 131222000.0,
        "Other Income Expense": 22790000.0,
        "Other Non Operating Income Expenses": 12066000.0,
        "Special Income Charges": NaN,
        "Gain On Sale Of Ppe": NaN,
        "Impairment Of Capital Assets": NaN,
        "Gain On Sale Of Security": 10724000.0,
        "Net Non Operating Interest Income Expense": 13293000.0,
        "Interest Income Non Operating": 13293000.0,
        "Operating Income": 95139000.0,
        "Operating Expense": 452171000.0,
        "Research And Development": 96977000.0,
        "Selling General And Administration": 355194000.0,
        "Selling And Marketing Expense": 277021000.0,
        "General And Administrative Expense": 78173000.0,
        "Other Gand A": 78173000.0,
        "Gross Profit": 547310000.0,
        "Cost Of Revenue": 159982000.0,
        "Total Revenue": 707292000.0,
        "Operating Revenue": 707292000.0
    },
    "2022-12-31": {
        "Tax Effect Of Unusual Items": NaN,
        "Tax Rate For Calcs": NaN,
        "Normalized EBITDA": NaN,
        "Total Unusual Items": NaN,
        "Total Unusual Items Excluding Goodwill": NaN,
        "Net Income From Continuing Operation Net Minority Interest": NaN,
        "Reconciled Cost Of Revenue": NaN,
        "EBITDA": NaN,
        "EBIT": NaN,
        "Net Interest Income": NaN,
        "Interest Income": NaN,
        "Normalized Income": NaN,
        "Net Income From Continuing And Discontinued Operation": NaN,
        "Total Expenses": NaN,
        "Total Operating Income As Reported": NaN,
        "Diluted Average Shares": NaN,
        "Basic Average Shares": NaN,
        "Diluted EPS": NaN,
        "Basic EPS": NaN,
        "Diluted NI Availto Com Stockholders": NaN,
        "Net Income Common Stockholders": NaN,
        "Net Income": NaN,
        "Net Income Including Noncontrolling Interests": NaN,
        "Net Income Continuous Operations": NaN,
        "Earnings From Equity Interest Net Of Tax": 0.0,
        "Tax Provision": NaN,
        "Pretax Income": NaN,
        "Other Income Expense": NaN,
        "Other Non Operating Income Expenses": NaN,
        "Special Income Charges": 0.0,
        "Gain On Sale Of Ppe": 0.0,
        "Impairment Of Capital Assets": 0.0,
        "Gain On Sale Of Security": NaN,
        "Net Non Operating Interest Income Expense": NaN,
        "Interest Income Non Operating": NaN,
        "Operating Income": NaN,
        "Operating Expense": NaN,
        "Research And Development": NaN,
        "Selling General And Administration": NaN,
        "Selling And Marketing Expense": NaN,
        "General And Administrative Expense": NaN,
        "Other Gand A": NaN,
        "Gross Profit": NaN,
        "Cost Of Revenue": NaN,
        "Total Revenue": NaN,
        "Operating Revenue": NaN
    },
    "2022-09-30": {
        "Tax Effect Of Unusual Items": NaN,
        "Tax Rate For Calcs": NaN,
        "Normalized EBITDA": NaN,
        "Total Unusual Items": NaN,
        "Total Unusual Items Excluding Goodwill": NaN,
        "Net Income From Continuing Operation Net Minority Interest": NaN,
        "Reconciled Cost Of Revenue": NaN,
        "EBITDA": NaN,
        "EBIT": NaN,
        "Net Interest Income": NaN,
        "Interest Income": NaN,
        "Normalized Income": NaN,
        "Net Income From Continuing And Discontinued Operation": NaN,
        "Total Expenses": NaN,
        "Total Operating Income As Reported": NaN,
        "Diluted Average Shares": NaN,
        "Basic Average Shares": NaN,
        "Diluted EPS": NaN,
        "Basic EPS": NaN,
        "Diluted NI Availto Com Stockholders": NaN,
        "Net Income Common Stockholders": NaN,
        "Net Income": NaN,
        "Net Income Including Noncontrolling Interests": NaN,
        "Net Income Continuous Operations": NaN,
        "Earnings From Equity Interest Net Of Tax": 0.0,
        "Tax Provision": NaN,
        "Pretax Income": NaN,
        "Other Income Expense": NaN,
        "Other Non Operating Income Expenses": NaN,
        "Special Income Charges": 0.0,
        "Gain On Sale Of Ppe": 0.0,
        "Impairment Of Capital Assets": 0.0,
        "Gain On Sale Of Security": NaN,
        "Net Non Operating Interest Income Expense": NaN,
        "Interest Income Non Operating": NaN,
        "Operating Income": NaN,
        "Operating Expense": NaN,
        "Research And Development": NaN,
        "Selling General And Administration": NaN,
        "Selling And Marketing Expense": NaN,
        "General And Administrative Expense": NaN,
        "Other Gand A": NaN,
        "Gross Profit": NaN,
        "Cost Of Revenue": NaN,
        "Total Revenue": NaN,
        "Operating Revenue": NaN
    },
    "2022-06-30": {
        "Tax Effect Of Unusual Items": 72291.529875,
        "Tax Rate For Calcs": 0.008954,
        "Normalized EBITDA": -68567000.0,
        "Total Unusual Items": 8074000.0,
        "Total Unusual Items Excluding Goodwill": 8074000.0,
        "Net Income From Continuing Operation Net Minority Interest": -49809000.0,
        "Reconciled Cost Of Revenue": 160004000.0,
        "EBITDA": -60493000.0,
        "EBIT": -60493000.0,
        "Net Interest Income": 1763000.0,
        "Interest Income": 1763000.0,
        "Normalized Income": -57810708.470125,
        "Net Income From Continuing And Discontinued Operation": -49809000.0,
        "Total Expenses": 598292000.0,
        "Total Operating Income As Reported": -60493000.0,
        "Diluted Average Shares": 258282364.0,
        "Basic Average Shares": 258282364.0,
        "Diluted EPS": -0.193333,
        "Basic EPS": -0.193333,
        "Diluted NI Availto Com Stockholders": -49809000.0,
        "Net Income Common Stockholders": -49809000.0,
        "Net Income": -49809000.0,
        "Net Income Including Noncontrolling Interests": -49809000.0,
        "Net Income Continuous Operations": -49809000.0,
        "Earnings From Equity Interest Net Of Tax": 0.0,
        "Tax Provision": -450000.0,
        "Pretax Income": -50259000.0,
        "Other Income Expense": 8471000.0,
        "Other Non Operating Income Expenses": 397000.0,
        "Special Income Charges": 0.0,
        "Gain On Sale Of Ppe": NaN,
        "Impairment Of Capital Assets": 0.0,
        "Gain On Sale Of Security": 8074000.0,
        "Net Non Operating Interest Income Expense": 1763000.0,
        "Interest Income Non Operating": 1763000.0,
        "Operating Income": -60493000.0,
        "Operating Expense": 438288000.0,
        "Research And Development": 103872000.0,
        "Selling General And Administration": 334416000.0,
        "Selling And Marketing Expense": 268975000.0,
        "General And Administrative Expense": 65441000.0,
        "Other Gand A": 65441000.0,
        "Gross Profit": 377795000.0,
        "Cost Of Revenue": 160004000.0,
        "Total Revenue": 537799000.0,
        "Operating Revenue": 537799000.0
    },
    "2022-03-31": {
        "Diluted EPS": 0.03,
        "Total Revenue": 114,
        "Gross Profit": 81,
        "Operating Income": 4,
        "EBIT": 4,
        "Net Income": 8
    },
    "2021-12-31": {
        "Diluted EPS": 0.13,
        "Total Revenue": 215,
        "Gross Profit": 149,
        "Operating Income": -2,
        "EBIT": -2,
        "Net Income": 35
    },
    "2021-09-30": {
        "Diluted EPS": -0.63,
        "Total Revenue": 173,
        "Gross Profit": 62,
        "Operating Income": -144,
        "EBIT": -144,
        "Net Income": -162
    },
    "2021-06-30": {
        "Diluted EPS": -0.55,
        "Total Revenue": 346,
        "Gross Profit": 234,
        "Operating Income": -124,
        "EBIT": -124,
        "Net Income": -142
    },
    "2021-03-31": {
        "Diluted EPS": -0.85,
        "Total Revenue": 296,
        "Gross Profit": 209,
        "Operating Income": -229,
        "EBIT": -229,
        "Net Income": -218
    },
    "2020-12-31": {
        "Diluted EPS": -0.41,
        "Total Revenue": 386,
        "Gross Profit": 280,
        "Operating Income": -113,
        "EBIT": -113,
        "Net Income": -100
    },
    "2020-09-30": {
        "Diluted EPS": -0.57,
        "Total Revenue": 290,
        "Gross Profit": 216,
        "Operating Income": -146,
        "EBIT": -146,
        "Net Income": -137
    },
    "2020-06-30": {
        "Diluted EPS": 0.01,
        "Total Revenue": 234,
        "Gross Profit": 183,
        "Operating Income": -23,
        "EBIT": -23,
        "Net Income": 3
    },
    "2020-03-31": {
        "Diluted EPS": 0.08,
        "Total Revenue": 183,
        "Gross Profit": 143,
        "Operating Income": 13,
        "EBIT": 13,
        "Net Income": 21
    },
    "2019-12-31": {
        "Diluted EPS": 0.1,
        "Total Revenue": 134,
        "Gross Profit": 106,
        "Operating Income": 24,
        "EBIT": 24,
        "Net Income": 23
    },
    "2019-09-30": {
        "Diluted EPS": 0.01,
        "Total Revenue": 78,
        "Gross Profit": 56,
        "Operating Income": -2,
        "EBIT": -2,
        "Net Income": 0
    },
    "2019-06-30": {
        "Diluted EPS": 0.01,
        "Total Revenue": 52,
        "Gross Profit": 37,
        "Operating Income": 2,
        "EBIT": 2,
        "Net Income": 1
    },
    "2019-03-31": {
        "Diluted EPS": 0.01,
        "Total Revenue": 40,
        "Gross Profit": 28,
        "Operating Income": 6,
        "EBIT": 7,
        "Net Income": 3
    },
    "2018-12-31": {
        "Diluted EPS": 0.0,
        "Total Revenue": NaN,
        "Gross Profit": NaN,
        "Operating Income": NaN,
        "EBIT": NaN,
        "Net Income": NaN
    },
    "2023-06-30": {
        "Tax Effect Of Unusual Items": NaN,
        "Tax Rate For Calcs": NaN,
        "Normalized EBITDA": NaN,
        "Total Unusual Items": NaN,
        "Total Unusual Items Excluding Goodwill": NaN,
        "Net Income From Continuing Operation Net Minority Interest": NaN,
        "Reconciled Cost Of Revenue": NaN,
        "EBITDA": NaN,
        "EBIT": NaN,
        "Net Interest Income": NaN,
        "Interest Income": NaN,
        "Normalized Income": NaN,
        "Net Income From Continuing And Discontinued Operation": NaN,
        "Total Expenses": NaN,
        "Total Operating Income As Reported": NaN,
        "Diluted Average Shares": NaN,
        "Basic Average Shares": NaN,
        "Diluted EPS": NaN,
        "Basic EPS": NaN,
        "Diluted NI Availto Com Stockholders": NaN,
        "Net Income Common Stockholders": NaN,
        "Net Income": NaN,
        "Net Income Including Noncontrolling Interests": NaN,
        "Net Income Continuous Operations": NaN,
        "Earnings From Equity Interest Net Of Tax": -4185000.0,
        "Tax Provision": NaN,
        "Pretax Income": NaN,
        "Other Income Expense": NaN,
        "Other Non Operating Income Expenses": NaN,
        "Gain On Sale Of Security": NaN,
        "Net Non Operating Interest Income Expense": NaN,
        "Interest Income Non Operating": NaN,
        "Operating Income": NaN,
        "Operating Expense": NaN,
        "Research And Development": NaN,
        "Selling General And Administration": NaN,
        "Selling And Marketing Expense": NaN,
        "General And Administrative Expense": NaN,
        "Other Gand A": NaN,
        "Gross Profit": NaN,
        "Cost Of Revenue": NaN,
        "Total Revenue": NaN,
        "Operating Revenue": NaN
    },
    "2023-09-30": {
        "Tax Effect Of Unusual Items": NaN,
        "Tax Rate For Calcs": NaN,
        "Normalized EBITDA": NaN,
        "Total Unusual Items": NaN,
        "Total Unusual Items Excluding Goodwill": NaN,
        "Net Income From Continuing Operation Net Minority Interest": NaN,
        "Reconciled Cost Of Revenue": NaN,
        "EBITDA": NaN,
        "EBIT": NaN,
        "Net Interest Income": NaN,
        "Interest Income": NaN,
        "Normalized Income": NaN,
        "Net Income From Continuing And Discontinued Operation": NaN,
        "Total Expenses": NaN,
        "Total Operating Income As Reported": NaN,
        "Diluted Average Shares": NaN,
        "Basic Average Shares": NaN,
        "Diluted EPS": NaN,
        "Basic EPS": NaN,
        "Diluted NI Availto Com Stockholders": NaN,
        "Net Income Common Stockholders": NaN,
        "Net Income": NaN,
        "Net Income Including Noncontrolling Interests": NaN,
        "Net Income Continuous Operations": NaN,
        "Earnings From Equity Interest Net Of Tax": -4980000.0,
        "Tax Provision": NaN,
        "Pretax Income": NaN,
        "Other Income Expense": NaN,
        "Other Non Operating Income Expenses": NaN,
        "Gain On Sale Of Security": NaN,
        "Net Non Operating Interest Income Expense": NaN,
        "Interest Income Non Operating": NaN,
        "Operating Income": NaN,
        "Operating Expense": NaN,
        "Research And Development": NaN,
        "Selling General And Administration": NaN,
        "Selling And Marketing Expense": NaN,
        "General And Administrative Expense": NaN,
        "Other Gand A": NaN,
        "Gross Profit": NaN,
        "Cost Of Revenue": NaN,
        "Total Revenue": NaN,
        "Operating Revenue": NaN
    },
    "2023-12-31": {
        "Tax Effect Of Unusual Items": NaN,
        "Tax Rate For Calcs": NaN,
        "Normalized EBITDA": NaN,
        "Total Unusual Items": NaN,
        "Total Unusual Items Excluding Goodwill": NaN,
        "Net Income From Continuing Operation Net Minority Interest": NaN,
        "Reconciled Cost Of Revenue": NaN,
        "EBITDA": NaN,
        "EBIT": NaN,
        "Net Interest Income": NaN,
        "Interest Income": NaN,
        "Normalized Income": NaN,
        "Net Income From Continuing And Discontinued Operation": NaN,
        "Total Expenses": NaN,
        "Total Operating Income As Reported": NaN,
        "Diluted Average Shares": NaN,
        "Basic Average Shares": NaN,
        "Diluted EPS": NaN,
        "Basic EPS": NaN,
        "Diluted NI Availto Com Stockholders": NaN,
        "Net Income Common Stockholders": NaN,
        "Net Income": NaN,
        "Net Income Including Noncontrolling Interests": NaN,
        "Net Income Continuous Operations": NaN,
        "Earnings From Equity Interest Net Of Tax": 0.0,
        "Tax Provision": NaN,
        "Pretax Income": NaN,
        "Other Income Expense": NaN,
        "Other Non Operating Income Expenses": NaN,
        "Gain On Sale Of Security": NaN,
        "Net Non Operating Interest Income Expense": NaN,
        "Interest Income Non Operating": NaN,
        "Operating Income": NaN,
        "Operating Expense": NaN,
        "Research And Development": NaN,
        "Selling General And Administration": NaN,
        "Selling And Marketing Expense": NaN,
        "General And Administrative Expense": NaN,
        "Other Gand A": NaN,
        "Gross Profit": NaN,
        "Cost Of Revenue": NaN,
        "Total Revenue": NaN,
        "Operating Revenue": NaN
    },
    "2024-03-31": {
        "Tax Effect Of Unusual Items": 1638000.0,
        "Tax Rate For Calcs": 0.25,
        "Normalized EBITDA": -84254000.0,
        "Total Unusual Items": 6552000.0,
        "Total Unusual Items Excluding Goodwill": 6552000.0,
        "Net Income From Continuing Operation Net Minority Interest": -12297000.0,
        "Reconciled Cost Of Revenue": 271414000.0,
        "EBITDA": -77702000.0,
        "EBIT": -77702000.0,
        "Net Interest Income": 18673000.0,
        "Interest Income": 18673000.0,
        "Normalized Income": -17211000.0,
        "Net Income From Continuing And Discontinued Operation": -12297000.0,
        "Total Expenses": 1024587000.0,
        "Total Operating Income As Reported": -77702000.0,
        "Diluted Average Shares": 258493776.0,
        "Basic Average Shares": 258493776.0,
        "Diluted EPS": -0.046667,
        "Basic EPS": -0.046667,
        "Diluted NI Availto Com Stockholders": -12297000.0,
        "Net Income Common Stockholders": -12297000.0,
        "Net Income": -12297000.0,
        "Net Income Including Noncontrolling Interests": -12297000.0,
        "Net Income Continuous Operations": -12297000.0,
        "Earnings From Equity Interest Net Of Tax": NaN,
        "Tax Provision": 3517000.0,
        "Pretax Income": -8780000.0,
        "Other Income Expense": 50249000.0,
        "Other Non Operating Income Expenses": 43697000.0,
        "Gain On Sale Of Security": 6552000.0,
        "Net Non Operating Interest Income Expense": 18673000.0,
        "Interest Income Non Operating": 18673000.0,
        "Operating Income": -77702000.0,
        "Operating Expense": 753173000.0,
        "Research And Development": 151607000.0,
        "Selling General And Administration": 601566000.0,
        "Selling And Marketing Expense": 506381000.0,
        "General And Administrative Expense": 95185000.0,
        "Other Gand A": 95185000.0,
        "Gross Profit": 675471000.0,
        "Cost Of Revenue": 271414000.0,
        "Total Revenue": 946885000.0,
        "Operating Revenue": 946885000.0
    },
    "2024-06-30": {
        "Tax Effect Of Unusual Items": NaN,
        "Tax Rate For Calcs": NaN,
        "Normalized EBITDA": NaN,
        "Total Unusual Items": NaN,
        "Total Unusual Items Excluding Goodwill": NaN,
        "Net Income From Continuing Operation Net Minority Interest": NaN,
        "Reconciled Cost Of Revenue": NaN,
        "EBITDA": NaN,
        "EBIT": NaN,
        "Net Interest Income": NaN,
        "Interest Income": NaN,
        "Normalized Income": NaN,
        "Net Income From Continuing And Discontinued Operation": NaN,
        "Total Expenses": NaN,
        "Total Operating Income As Reported": NaN,
        "Diluted Average Shares": NaN,
        "Basic Average Shares": NaN,
        "Diluted EPS": NaN,
        "Basic EPS": NaN,
        "Diluted NI Availto Com Stockholders": NaN,
        "Net Income Common Stockholders": NaN,
        "Net Income": NaN,
        "Net Income Including Noncontrolling Interests": NaN,
        "Net Income Continuous Operations": NaN,
        "Earnings From Equity Interest Net Of Tax": 0.0,
        "Tax Provision": NaN,
        "Pretax Income": NaN,
        "Other Income Expense": NaN,
        "Other Non Operating Income Expenses": NaN,
        "Gain On Sale Of Security": NaN,
        "Net Non Operating Interest Income Expense": NaN,
        "Interest Income Non Operating": NaN,
        "Operating Income": NaN,
        "Operating Expense": NaN,
        "Research And Development": NaN,
        "Selling General And Administration": NaN,
        "Selling And Marketing Expense": NaN,
        "General And Administrative Expense": NaN,
        "Other Gand A": NaN,
        "Gross Profit": NaN,
        "Cost Of Revenue": NaN,
        "Total Revenue": NaN,
        "Operating Revenue": NaN
    },
    "2024-09-30": {
        "Tax Effect Of Unusual Items": 1500250.0,
        "Tax Rate For Calcs": 0.25,
        "Normalized EBITDA": -496108000.0,
        "Total Unusual Items": 6001000.0,
        "Total Unusual Items Excluding Goodwill": 6001000.0,
        "Net Income From Continuing Operation Net Minority Interest": -471273000.0,
        "Reconciled Cost Of Revenue": 429791000.0,
        "EBITDA": -490107000.0,
        "EBIT": -490107000.0,
        "Net Interest Income": 15661000.0,
        "Interest Income": 15661000.0,
        "Normalized Income": -475773750.0,
        "Net Income From Continuing And Discontinued Operation": -471273000.0,
        "Total Expenses": 1698360000.0,
        "Total Operating Income As Reported": -490107000.0,
        "Diluted Average Shares": 256702930.0,
        "Basic Average Shares": 256702930.0,
        "Diluted EPS": -1.833333,
        "Basic EPS": -1.833333,
        "Diluted NI Availto Com Stockholders": -471273000.0,
        "Net Income Common Stockholders": -471273000.0,
        "Net Income": -471273000.0,
        "Net Income Including Noncontrolling Interests": -471273000.0,
        "Net Income Continuous Operations": -471273000.0,
        "Earnings From Equity Interest Net Of Tax": 0.0,
        "Tax Provision": 6792000.0,
        "Pretax Income": -464481000.0,
        "Other Income Expense": 9965000.0,
        "Other Non Operating Income Expenses": 3964000.0,
        "Gain On Sale Of Security": 6001000.0,
        "Net Non Operating Interest Income Expense": 15661000.0,
        "Interest Income Non Operating": 15661000.0,
        "Operating Income": -490107000.0,
        "Operating Expense": 1268569000.0,
        "Research And Development": 189305000.0,
        "Selling General And Administration": 1079264000.0,
        "Selling And Marketing Expense": 885769000.0,
        "General And Administrative Expense": 193495000.0,
        "Other Gand A": 193495000.0,
        "Gross Profit": 778462000.0,
        "Cost Of Revenue": 429791000.0,
        "Total Revenue": 1208253000.0,
        "Operating Revenue": 1208253000.0
    },
    "2024-12-31": {
        "Tax Effect Of Unusual Items": 1550.781595,
        "Tax Rate For Calcs": 0.000309,
        "Normalized EBITDA": -154291000.0,
        "Total Unusual Items": 5017000.0,
        "Total Unusual Items Excluding Goodwill": 5017000.0,
        "Net Income From Continuing Operation Net Minority Interest": -135834000.0,
        "Reconciled Cost Of Revenue": 440279000.0,
        "EBITDA": -149274000.0,
        "EBIT": -149274000.0,
        "Net Interest Income": 14776000.0,
        "Interest Income": 14776000.0,
        "Normalized Income": -140849449.218405,
        "Net Income From Continuing And Discontinued Operation": -135834000.0,
        "Total Expenses": 1537895000.0,
        "Total Operating Income As Reported": -149274000.0,
        "Diluted Average Shares": 253751254.0,
        "Basic Average Shares": 253751254.0,
        "Diluted EPS": -0.533333,
        "Basic EPS": -0.533333,
        "Diluted NI Availto Com Stockholders": -135834000.0,
        "Net Income Common Stockholders": -135834000.0,
        "Net Income": -135834000.0,
        "Net Income Including Noncontrolling Interests": -135834000.0,
        "Net Income Continuous Operations": -135834000.0,
        "Earnings From Equity Interest Net Of Tax": 0.0,
        "Tax Provision": -42000.0,
        "Pretax Income": -135876000.0,
        "Other Income Expense": -1378000.0,
        "Other Non Operating Income Expenses": -6395000.0,
        "Gain On Sale Of Security": 5017000.0,
        "Net Non Operating Interest Income Expense": 14776000.0,
        "Interest Income Non Operating": 14776000.0,
        "Operating Income": -149274000.0,
        "Operating Expense": 1097616000.0,
        "Research And Development": 145050000.0,
        "Selling General And Administration": 952566000.0,
        "Selling And Marketing Expense": 726922000.0,
        "General And Administrative Expense": 225644000.0,
        "Other Gand A": 188372000.0,
        "Gross Profit": 948342000.0,
        "Cost Of Revenue": 440279000.0,
        "Total Revenue": 1388621000.0,
        "Operating Revenue": 1388621000.0
    },
    "2025-03-31": {
        "Tax Effect Of Unusual Items": 1009500.0,
        "Tax Rate For Calcs": 0.25,
        "Normalized EBITDA": 30735000.0,
        "Total Unusual Items": 4038000.0,
        "Total Unusual Items Excluding Goodwill": 4038000.0,
        "Net Income From Continuing Operation Net Minority Interest": 123991000.0,
        "Reconciled Cost Of Revenue": 452461000.0,
        "EBITDA": 34773000.0,
        "EBIT": 34773000.0,
        "Net Interest Income": 13041000.0,
        "Interest Income": 13041000.0,
        "Normalized Income": 120962500.0,
        "Net Income From Continuing And Discontinued Operation": 123991000.0,
        "Total Expenses": 1458270000.0,
        "Total Operating Income As Reported": 34773000.0,
        "Diluted Average Shares": 254372433.0,
        "Basic Average Shares": 250118502.0,
        "Diluted EPS": 0.486667,
        "Basic EPS": 0.493333,
        "Diluted NI Availto Com Stockholders": 123991000.0,
        "Net Income Common Stockholders": 123991000.0,
        "Net Income": 123991000.0,
        "Net Income Including Noncontrolling Interests": 123991000.0,
        "Net Income Continuous Operations": 123991000.0,
        "Earnings From Equity Interest Net Of Tax": NaN,
        "Tax Provision": -559000.0,
        "Pretax Income": 123432000.0,
        "Other Income Expense": 75618000.0,
        "Other Non Operating Income Expenses": 71580000.0,
        "Gain On Sale Of Security": 4038000.0,
        "Net Non Operating Interest Income Expense": 13041000.0,
        "Interest Income Non Operating": 13041000.0,
        "Operating Income": 34773000.0,
        "Operating Expense": 1005809000.0,
        "Research And Development": 150455000.0,
        "Selling General And Administration": 855354000.0,
        "Selling And Marketing Expense": 709421000.0,
        "General And Administrative Expense": 145933000.0,
        "Other Gand A": 145933000.0,
        "Gross Profit": 1040582000.0,
        "Cost Of Revenue": 452461000.0,
        "Total Revenue": 1493043000.0,
        "Operating Revenue": 1493043000.0
    },
    "2025-06-30": {
        "Tax Effect Of Unusual Items": 47913.000226,
        "Tax Rate For Calcs": 0.005218,
        "Normalized EBITDA": -251047000.0,
        "Total Unusual Items": 9182000.0,
        "Total Unusual Items Excluding Goodwill": 9182000.0,
        "Net Income From Continuing Operation Net Minority Interest": -215994000.0,
        "Reconciled Cost Of Revenue": 472840000.0,
        "EBITDA": -241865000.0,
        "EBIT": -241865000.0,
        "Net Interest Income": 9935000.0,
        "Interest Income": 9935000.0,
        "Normalized Income": -225128086.999774,
        "Net Income From Continuing And Discontinued Operation": -215994000.0,
        "Total Expenses": 1631253000.0,
        "Total Operating Income As Reported": -241865000.0,
        "Diluted Average Shares": 245008887.0,
        "Basic Average Shares": 245008887.0,
        "Diluted EPS": -0.88,
        "Basic EPS": -0.88,
        "Diluted NI Availto Com Stockholders": -215994000.0,
        "Net Income Common Stockholders": -215994000.0,
        "Net Income": -215994000.0,
        "Net Income Including Noncontrolling Interests": -215994000.0,
        "Net Income Continuous Operations": -215994000.0,
        "Earnings From Equity Interest Net Of Tax": NaN,
        "Tax Provision": -1133000.0,
        "Pretax Income": -217127000.0,
        "Other Income Expense": 14803000.0,
        "Other Non Operating Income Expenses": 5621000.0,
        "Gain On Sale Of Security": 9182000.0,
        "Net Non Operating Interest Income Expense": 9935000.0,
        "Interest Income Non Operating": 9935000.0,
        "Operating Income": -241865000.0,
        "Operating Expense": 1158413000.0,
        "Research And Development": 148195000.0,
        "Selling General And Administration": 1010218000.0,
        "Selling And Marketing Expense": 820946000.0,
        "General And Administrative Expense": 189272000.0,
        "Other Gand A": 189272000.0,
        "Gross Profit": 916548000.0,
        "Cost Of Revenue": 472840000.0,
        "Total Revenue": 1389388000.0,
        "Operating Revenue": 1389388000.0
    },
    "2025-09-30": {
        "Tax Effect Of Unusual Items": 58125.686115,
        "Tax Rate For Calcs": 0.009159,
        "Normalized EBITDA": -184371000.0,
        "Total Unusual Items": 6346000.0,
        "Total Unusual Items Excluding Goodwill": 6346000.0,
        "Net Income From Continuing Operation Net Minority Interest": -147121000.0,
        "Reconciled Cost Of Revenue": 535528000.0,
        "EBITDA": -178025000.0,
        "EBIT": -178025000.0,
        "Net Interest Income": 8577000.0,
        "Interest Income": 8577000.0,
        "Normalized Income": -153408874.313885,
        "Net Income From Continuing And Discontinued Operation": -147121000.0,
        "Total Expenses": 1757051000.0,
        "Total Operating Income As Reported": -178025000.0,
        "Diluted Average Shares": 242891749.0,
        "Basic Average Shares": 242891749.0,
        "Diluted EPS": -0.086667,
        "Basic EPS": -0.086667,
        "Diluted NI Availto Com Stockholders": -147121000.0,
        "Net Income Common Stockholders": -147121000.0,
        "Net Income": -147121000.0,
        "Net Income Including Noncontrolling Interests": -147121000.0,
        "Net Income Continuous Operations": -147121000.0,
        "Earnings From Equity Interest Net Of Tax": NaN,
        "Tax Provision": -1360000.0,
        "Pretax Income": -148481000.0,
        "Other Income Expense": 20967000.0,
        "Other Non Operating Income Expenses": 14621000.0,
        "Gain On Sale Of Security": 6346000.0,
        "Net Non Operating Interest Income Expense": 8577000.0,
        "Interest Income Non Operating": 8577000.0,
        "Operating Income": -178025000.0,
        "Operating Expense": 1221523000.0,
        "Research And Development": 162912000.0,
        "Selling General And Administration": 1058611000.0,
        "Selling And Marketing Expense": 873399000.0,
        "General And Administrative Expense": 185212000.0,
        "Other Gand A": 185212000.0,
        "Gross Profit": 1043498000.0,
        "Cost Of Revenue": 535528000.0,
        "Total Revenue": 1579026000.0,
        "Operating Revenue": 1579026000.0
    }
}