{
    "2024-06-30": {
        "Tax Effect Of Unusual Items": 0.0,
        "Tax Rate For Calcs": 0.21,
        "Normalized EBITDA": -33084000.0,
        "Net Income From Continuing Operation Net Minority Interest": -26034000.0,
        "Reconciled Depreciation": 232000.0,
        "EBITDA": -33084000.0,
        "EBIT": -33316000.0,
        "Net Interest Income": 7335000.0,
        "Normalized Income": -26034000.0,
        "Net Income From Continuing And Discontinued Operation": -26034000.0,
        "Total Expenses": 33316000.0,
        "Total Operating Income As Reported": -33316000.0,
        "Diluted Average Shares": 49413000.0,
        "Basic Average Shares": 49413000.0,
        "Diluted EPS": -0.54,
        "Basic EPS": -0.54,
        "Diluted NI Availto Com Stockholders": -26034000.0,
        "Net Income Common Stockholders": -26034000.0,
        "Net Income": -26034000.0,
        "Net Income Including Noncontrolling Interests": -26034000.0,
        "Net Income Continuous Operations": -26034000.0,
        "Tax Provision": 53000.0,
        "Pretax Income": -25981000.0,
        "Net Non Operating Interest Income Expense": 7335000.0,
        "Total Other Finance Cost": -7335000.0,
        "Operating Income": -33316000.0,
        "Operating Expense": 33316000.0,
        "Research And Development": 22050000.0,
        "Selling General And Administration": 11266000.0,
        "General And Administrative Expense": 11266000.0,
        "Other Gand A": 11266000.0,
        "Total Revenue": 0.0,
        "Operating Revenue": 0.0
    },
    "2024-03-31": {
        "Tax Effect Of Unusual Items": 0.0,
        "Tax Rate For Calcs": 0.21,
        "Normalized EBITDA": -31793000.0,
        "Net Income From Continuing Operation Net Minority Interest": -26036000.0,
        "Reconciled Depreciation": 222000.0,
        "EBITDA": -31793000.0,
        "EBIT": -32015000.0,
        "Net Interest Income": 6008000.0,
        "Normalized Income": -26036000.0,
        "Net Income From Continuing And Discontinued Operation": -26036000.0,
        "Total Expenses": 32015000.0,
        "Total Operating Income As Reported": -32015000.0,
        "Diluted Average Shares": 46570000.0,
        "Basic Average Shares": 46570000.0,
        "Diluted EPS": -0.57,
        "Basic EPS": -0.57,
        "Diluted NI Availto Com Stockholders": -26036000.0,
        "Net Income Common Stockholders": -26036000.0,
        "Otherunder Preferred Stock Dividend": NaN,
        "Net Income": -26036000.0,
        "Net Income Including Noncontrolling Interests": -26036000.0,
        "Net Income Continuous Operations": -26036000.0,
        "Tax Provision": 29000.0,
        "Pretax Income": -26007000.0,
        "Net Non Operating Interest Income Expense": 6008000.0,
        "Total Other Finance Cost": -6008000.0,
        "Operating Income": -32015000.0,
        "Operating Expense": 32015000.0,
        "Research And Development": 20679000.0,
        "Selling General And Administration": 11336000.0,
        "General And Administrative Expense": 11336000.0,
        "Other Gand A": 11336000.0,
        "Total Revenue": 0.0,
        "Operating Revenue": 0.0
    },
    "2023-12-31": {
        "Tax Effect Of Unusual Items": NaN,
        "Tax Rate For Calcs": NaN,
        "Normalized EBITDA": NaN,
        "Net Income From Continuing Operation Net Minority Interest": NaN,
        "Reconciled Depreciation": NaN,
        "EBITDA": NaN,
        "EBIT": NaN,
        "Net Interest Income": NaN,
        "Normalized Income": NaN,
        "Net Income From Continuing And Discontinued Operation": NaN,
        "Total Expenses": NaN,
        "Total Operating Income As Reported": NaN,
        "Diluted Average Shares": NaN,
        "Basic Average Shares": NaN,
        "Diluted EPS": NaN,
        "Basic EPS": NaN,
        "Diluted NI Availto Com Stockholders": NaN,
        "Net Income Common Stockholders": NaN,
        "Otherunder Preferred Stock Dividend": 0.0,
        "Net Income": NaN,
        "Net Income Including Noncontrolling Interests": NaN,
        "Net Income Continuous Operations": NaN,
        "Tax Provision": NaN,
        "Pretax Income": NaN,
        "Net Non Operating Interest Income Expense": NaN,
        "Total Other Finance Cost": NaN,
        "Operating Income": NaN,
        "Operating Expense": NaN,
        "Research And Development": NaN,
        "Selling General And Administration": NaN,
        "General And Administrative Expense": NaN,
        "Other Gand A": NaN,
        "Total Revenue": NaN,
        "Operating Revenue": NaN
    },
    "2023-09-30": {
        "Tax Effect Of Unusual Items": NaN,
        "Tax Rate For Calcs": NaN,
        "Normalized EBITDA": NaN,
        "Net Income From Continuing Operation Net Minority Interest": NaN,
        "Reconciled Depreciation": NaN,
        "EBITDA": NaN,
        "EBIT": NaN,
        "Net Interest Income": NaN,
        "Normalized Income": NaN,
        "Net Income From Continuing And Discontinued Operation": NaN,
        "Total Expenses": NaN,
        "Total Operating Income As Reported": NaN,
        "Diluted Average Shares": NaN,
        "Basic Average Shares": NaN,
        "Diluted EPS": NaN,
        "Basic EPS": NaN,
        "Diluted NI Availto Com Stockholders": NaN,
        "Net Income Common Stockholders": NaN,
        "Otherunder Preferred Stock Dividend": 0.0,
        "Net Income": NaN,
        "Net Income Including Noncontrolling Interests": NaN,
        "Net Income Continuous Operations": NaN,
        "Tax Provision": NaN,
        "Pretax Income": NaN,
        "Net Non Operating Interest Income Expense": NaN,
        "Total Other Finance Cost": NaN,
        "Operating Income": NaN,
        "Operating Expense": NaN,
        "Research And Development": NaN,
        "Selling General And Administration": NaN,
        "General And Administrative Expense": NaN,
        "Other Gand A": NaN,
        "Total Revenue": NaN,
        "Operating Revenue": NaN
    },
    "2023-06-30": {
        "Tax Effect Of Unusual Items": NaN,
        "Tax Rate For Calcs": NaN,
        "Normalized EBITDA": NaN,
        "Net Income From Continuing Operation Net Minority Interest": NaN,
        "Reconciled Depreciation": NaN,
        "EBITDA": NaN,
        "EBIT": NaN,
        "Net Interest Income": NaN,
        "Normalized Income": NaN,
        "Net Income From Continuing And Discontinued Operation": NaN,
        "Total Expenses": NaN,
        "Total Operating Income As Reported": NaN,
        "Diluted Average Shares": NaN,
        "Basic Average Shares": NaN,
        "Diluted EPS": NaN,
        "Basic EPS": NaN,
        "Diluted NI Availto Com Stockholders": NaN,
        "Net Income Common Stockholders": NaN,
        "Otherunder Preferred Stock Dividend": 0.0,
        "Net Income": NaN,
        "Net Income Including Noncontrolling Interests": NaN,
        "Net Income Continuous Operations": NaN,
        "Tax Provision": NaN,
        "Pretax Income": NaN,
        "Net Non Operating Interest Income Expense": NaN,
        "Total Other Finance Cost": NaN,
        "Operating Income": NaN,
        "Operating Expense": NaN,
        "Research And Development": NaN,
        "Selling General And Administration": NaN,
        "General And Administrative Expense": NaN,
        "Other Gand A": NaN,
        "Total Revenue": NaN,
        "Operating Revenue": NaN
    },
    "2023-03-31": {
        "Tax Effect Of Unusual Items": NaN,
        "Tax Rate For Calcs": NaN,
        "Normalized EBITDA": NaN,
        "Net Income From Continuing Operation Net Minority Interest": NaN,
        "Reconciled Depreciation": NaN,
        "EBITDA": NaN,
        "EBIT": NaN,
        "Net Interest Income": NaN,
        "Normalized Income": NaN,
        "Net Income From Continuing And Discontinued Operation": NaN,
        "Total Expenses": NaN,
        "Total Operating Income As Reported": NaN,
        "Diluted Average Shares": 23885000.0,
        "Basic Average Shares": 23885000.0,
        "Diluted EPS": -0.75,
        "Basic EPS": -0.75,
        "Diluted NI Availto Com Stockholders": NaN,
        "Net Income Common Stockholders": NaN,
        "Otherunder Preferred Stock Dividend": NaN,
        "Net Income": NaN,
        "Net Income Including Noncontrolling Interests": NaN,
        "Net Income Continuous Operations": NaN,
        "Tax Provision": NaN,
        "Pretax Income": NaN,
        "Net Non Operating Interest Income Expense": NaN,
        "Total Other Finance Cost": NaN,
        "Operating Income": NaN,
        "Operating Expense": NaN,
        "Research And Development": NaN,
        "Selling General And Administration": NaN,
        "General And Administrative Expense": NaN,
        "Other Gand A": NaN,
        "Total Revenue": NaN,
        "Operating Revenue": NaN
    },
    "2024-09-30": {
        "Tax Effect Of Unusual Items": 0.0,
        "Tax Rate For Calcs": 0.21,
        "Normalized EBITDA": -45571000.0,
        "Net Income From Continuing Operation Net Minority Interest": -33977000.0,
        "Reconciled Depreciation": 265000.0,
        "EBITDA": -45571000.0,
        "EBIT": -45836000.0,
        "Net Interest Income": 11951000.0,
        "Normalized Income": -33977000.0,
        "Net Income From Continuing And Discontinued Operation": -33977000.0,
        "Total Expenses": 45836000.0,
        "Total Operating Income As Reported": -45836000.0,
        "Diluted Average Shares": 57210000.0,
        "Basic Average Shares": 57210000.0,
        "Diluted EPS": -0.6,
        "Basic EPS": -0.6,
        "Diluted NI Availto Com Stockholders": -33977000.0,
        "Net Income Common Stockholders": -33977000.0,
        "Net Income": -33977000.0,
        "Net Income Including Noncontrolling Interests": -33977000.0,
        "Net Income Continuous Operations": -33977000.0,
        "Tax Provision": 92000.0,
        "Pretax Income": -33885000.0,
        "Net Non Operating Interest Income Expense": 11951000.0,
        "Total Other Finance Cost": -11951000.0,
        "Operating Income": -45836000.0,
        "Operating Expense": 45836000.0,
        "Research And Development": 32598000.0,
        "Selling General And Administration": 13238000.0,
        "General And Administrative Expense": 13238000.0,
        "Other Gand A": 13238000.0,
        "Total Revenue": 0.0,
        "Operating Revenue": 0.0
    },
    "2024-12-31": {
        "Tax Effect Of Unusual Items": 0.0,
        "Tax Rate For Calcs": 0.21,
        "Normalized EBITDA": -46788000.0,
        "Net Income From Continuing Operation Net Minority Interest": -36479000.0,
        "Reconciled Depreciation": 273000.0,
        "EBITDA": -46788000.0,
        "EBIT": -47061000.0,
        "Net Interest Income": 10718000.0,
        "Normalized Income": -36479000.0,
        "Net Income From Continuing And Discontinued Operation": -36479000.0,
        "Total Expenses": 47061000.0,
        "Total Operating Income As Reported": -47061000.0,
        "Diluted Average Shares": 57286667.0,
        "Basic Average Shares": 57286667.0,
        "Diluted EPS": -0.63678,
        "Basic EPS": -0.63678,
        "Diluted NI Availto Com Stockholders": -36479000.0,
        "Net Income Common Stockholders": -36479000.0,
        "Net Income": -36479000.0,
        "Net Income Including Noncontrolling Interests": -36479000.0,
        "Net Income Continuous Operations": -36479000.0,
        "Tax Provision": 136000.0,
        "Pretax Income": -36343000.0,
        "Net Non Operating Interest Income Expense": 10718000.0,
        "Total Other Finance Cost": -10718000.0,
        "Operating Income": -47061000.0,
        "Operating Expense": 47061000.0,
        "Research And Development": 33487000.0,
        "Selling General And Administration": 13574000.0,
        "General And Administrative Expense": 13574000.0,
        "Other Gand A": 13574000.0,
        "Total Revenue": 0.0,
        "Operating Revenue": 0.0
    },
    "2025-03-31": {
        "Tax Effect Of Unusual Items": 0.0,
        "Tax Rate For Calcs": 0.21,
        "Normalized EBITDA": -56037000.0,
        "Net Income From Continuing Operation Net Minority Interest": -46833000.0,
        "Reconciled Depreciation": 274000.0,
        "EBITDA": -56037000.0,
        "EBIT": -56311000.0,
        "Net Interest Income": 9576000.0,
        "Normalized Income": -46833000.0,
        "Net Income From Continuing And Discontinued Operation": -46833000.0,
        "Total Expenses": 56311000.0,
        "Total Operating Income As Reported": -56311000.0,
        "Diluted Average Shares": 57350333.0,
        "Basic Average Shares": 57350333.0,
        "Diluted EPS": -0.81,
        "Basic EPS": -0.81,
        "Diluted NI Availto Com Stockholders": -46833000.0,
        "Net Income Common Stockholders": -46833000.0,
        "Net Income": -46833000.0,
        "Net Income Including Noncontrolling Interests": -46833000.0,
        "Net Income Continuous Operations": -46833000.0,
        "Tax Provision": 98000.0,
        "Pretax Income": -46735000.0,
        "Net Non Operating Interest Income Expense": 9576000.0,
        "Total Other Finance Cost": -9576000.0,
        "Operating Income": -56311000.0,
        "Operating Expense": 56311000.0,
        "Research And Development": 42867000.0,
        "Selling General And Administration": 13444000.0,
        "General And Administrative Expense": 13444000.0,
        "Other Gand A": 13444000.0,
        "Total Revenue": 0.0,
        "Operating Revenue": 0.0
    },
    "2025-06-30": {
        "Tax Effect Of Unusual Items": 0.0,
        "Tax Rate For Calcs": 0.21,
        "Normalized EBITDA": -70160000.0,
        "Net Income From Continuing Operation Net Minority Interest": -61661000.0,
        "Reconciled Depreciation": 291000.0,
        "EBITDA": -70160000.0,
        "EBIT": -70451000.0,
        "Net Interest Income": 8929000.0,
        "Normalized Income": -61661000.0,
        "Net Income From Continuing And Discontinued Operation": -61661000.0,
        "Total Expenses": 70451000.0,
        "Total Operating Income As Reported": -70451000.0,
        "Diluted Average Shares": 57566667.0,
        "Basic Average Shares": 57566667.0,
        "Diluted EPS": -1.071123,
        "Basic EPS": -1.071123,
        "Diluted NI Availto Com Stockholders": -61661000.0,
        "Net Income Common Stockholders": -61661000.0,
        "Net Income": -61661000.0,
        "Net Income Including Noncontrolling Interests": -61661000.0,
        "Net Income Continuous Operations": -61661000.0,
        "Tax Provision": 139000.0,
        "Pretax Income": -61522000.0,
        "Net Non Operating Interest Income Expense": 8929000.0,
        "Total Other Finance Cost": -8929000.0,
        "Operating Income": -70451000.0,
        "Operating Expense": 70451000.0,
        "Research And Development": 54710000.0,
        "Selling General And Administration": 15741000.0,
        "General And Administrative Expense": 15741000.0,
        "Other Gand A": 15741000.0,
        "Total Revenue": 0.0,
        "Operating Revenue": 0.0
    },
    "2025-09-30": {
        "Tax Effect Of Unusual Items": 0.0,
        "Tax Rate For Calcs": 0.21,
        "Normalized EBITDA": -73431000.0,
        "Net Income From Continuing Operation Net Minority Interest": -65712000.0,
        "Reconciled Depreciation": 356000.0,
        "EBITDA": -73431000.0,
        "EBIT": -73787000.0,
        "Net Interest Income": 8183000.0,
        "Normalized Income": -65712000.0,
        "Net Income From Continuing And Discontinued Operation": -65712000.0,
        "Total Expenses": 73787000.0,
        "Total Operating Income As Reported": -73787000.0,
        "Diluted Average Shares": 58489667.0,
        "Basic Average Shares": 58489667.0,
        "Diluted EPS": -1.11,
        "Basic EPS": -1.11,
        "Diluted NI Availto Com Stockholders": -65712000.0,
        "Net Income Common Stockholders": -65712000.0,
        "Net Income": -65712000.0,
        "Net Income Including Noncontrolling Interests": -65712000.0,
        "Net Income Continuous Operations": -65712000.0,
        "Tax Provision": 108000.0,
        "Pretax Income": -65604000.0,
        "Net Non Operating Interest Income Expense": 8183000.0,
        "Total Other Finance Cost": -8183000.0,
        "Operating Income": -73787000.0,
        "Operating Expense": 73787000.0,
        "Research And Development": 58989000.0,
        "Selling General And Administration": 14798000.0,
        "General And Administrative Expense": 14798000.0,
        "Other Gand A": 14798000.0,
        "Total Revenue": 0.0,
        "Operating Revenue": 0.0
    }
}