{
    "2023-03-31": {
        "Tax Effect Of Unusual Items": NaN,
        "Tax Rate For Calcs": NaN,
        "Normalized EBITDA": NaN,
        "Total Unusual Items": NaN,
        "Total Unusual Items Excluding Goodwill": NaN,
        "Net Income From Continuing Operation Net Minority Interest": NaN,
        "Reconciled Depreciation": NaN,
        "Reconciled Cost Of Revenue": NaN,
        "EBITDA": NaN,
        "EBIT": NaN,
        "Net Interest Income": NaN,
        "Interest Expense": NaN,
        "Interest Income": NaN,
        "Normalized Income": NaN,
        "Net Income From Continuing And Discontinued Operation": NaN,
        "Total Expenses": NaN,
        "Total Operating Income As Reported": NaN,
        "Diluted Average Shares": NaN,
        "Basic Average Shares": NaN,
        "Diluted EPS": NaN,
        "Basic EPS": NaN,
        "Diluted NI Availto Com Stockholders": NaN,
        "Net Income Common Stockholders": NaN,
        "Net Income": NaN,
        "Minority Interests": NaN,
        "Net Income Including Noncontrolling Interests": NaN,
        "Net Income Continuous Operations": NaN,
        "Earnings From Equity Interest Net Of Tax": NaN,
        "Tax Provision": NaN,
        "Pretax Income": NaN,
        "Other Income Expense": -244833000.0,
        "Special Income Charges": NaN,
        "Gain On Sale Of Business": NaN,
        "Impairment Of Capital Assets": NaN,
        "Net Non Operating Interest Income Expense": NaN,
        "Interest Expense Non Operating": NaN,
        "Interest Income Non Operating": NaN,
        "Operating Income": NaN,
        "Operating Expense": NaN,
        "Selling General And Administration": NaN,
        "Gross Profit": NaN,
        "Cost Of Revenue": NaN,
        "Total Revenue": NaN,
        "Operating Revenue": NaN
    },
    "2022-12-31": {
        "Tax Effect Of Unusual Items": NaN,
        "Tax Rate For Calcs": NaN,
        "Normalized EBITDA": NaN,
        "Total Unusual Items": NaN,
        "Total Unusual Items Excluding Goodwill": NaN,
        "Net Income From Continuing Operation Net Minority Interest": NaN,
        "Reconciled Depreciation": NaN,
        "Reconciled Cost Of Revenue": NaN,
        "EBITDA": NaN,
        "EBIT": NaN,
        "Net Interest Income": NaN,
        "Interest Expense": NaN,
        "Interest Income": NaN,
        "Normalized Income": NaN,
        "Net Income From Continuing And Discontinued Operation": NaN,
        "Total Expenses": NaN,
        "Total Operating Income As Reported": NaN,
        "Diluted Average Shares": NaN,
        "Basic Average Shares": NaN,
        "Diluted EPS": NaN,
        "Basic EPS": NaN,
        "Diluted NI Availto Com Stockholders": NaN,
        "Net Income Common Stockholders": NaN,
        "Net Income": NaN,
        "Minority Interests": NaN,
        "Net Income Including Noncontrolling Interests": NaN,
        "Net Income Continuous Operations": NaN,
        "Earnings From Equity Interest Net Of Tax": NaN,
        "Tax Provision": NaN,
        "Pretax Income": NaN,
        "Other Income Expense": 2050000.0,
        "Special Income Charges": NaN,
        "Gain On Sale Of Business": NaN,
        "Impairment Of Capital Assets": 0.0,
        "Net Non Operating Interest Income Expense": NaN,
        "Interest Expense Non Operating": NaN,
        "Interest Income Non Operating": NaN,
        "Operating Income": NaN,
        "Operating Expense": NaN,
        "Selling General And Administration": NaN,
        "Gross Profit": NaN,
        "Cost Of Revenue": NaN,
        "Total Revenue": NaN,
        "Operating Revenue": NaN
    },
    "2022-09-30": {
        "Tax Effect Of Unusual Items": NaN,
        "Tax Rate For Calcs": NaN,
        "Normalized EBITDA": NaN,
        "Total Unusual Items": NaN,
        "Total Unusual Items Excluding Goodwill": NaN,
        "Net Income From Continuing Operation Net Minority Interest": NaN,
        "Reconciled Depreciation": NaN,
        "Reconciled Cost Of Revenue": NaN,
        "EBITDA": NaN,
        "EBIT": NaN,
        "Net Interest Income": NaN,
        "Interest Expense": NaN,
        "Interest Income": NaN,
        "Normalized Income": NaN,
        "Net Income From Continuing And Discontinued Operation": NaN,
        "Total Expenses": NaN,
        "Total Operating Income As Reported": NaN,
        "Diluted Average Shares": NaN,
        "Basic Average Shares": NaN,
        "Diluted EPS": NaN,
        "Basic EPS": NaN,
        "Diluted NI Availto Com Stockholders": NaN,
        "Net Income Common Stockholders": NaN,
        "Net Income": NaN,
        "Minority Interests": NaN,
        "Net Income Including Noncontrolling Interests": NaN,
        "Net Income Continuous Operations": NaN,
        "Earnings From Equity Interest Net Of Tax": NaN,
        "Tax Provision": NaN,
        "Pretax Income": NaN,
        "Other Income Expense": -48933000.0,
        "Special Income Charges": NaN,
        "Gain On Sale Of Business": NaN,
        "Impairment Of Capital Assets": NaN,
        "Net Non Operating Interest Income Expense": NaN,
        "Interest Expense Non Operating": NaN,
        "Interest Income Non Operating": NaN,
        "Operating Income": NaN,
        "Operating Expense": NaN,
        "Selling General And Administration": NaN,
        "Gross Profit": NaN,
        "Cost Of Revenue": NaN,
        "Total Revenue": NaN,
        "Operating Revenue": NaN
    },
    "2022-06-30": {
        "Tax Effect Of Unusual Items": -394114400.0,
        "Tax Rate For Calcs": 0.4,
        "Normalized EBITDA": 885960000.0,
        "Total Unusual Items": -985286000.0,
        "Total Unusual Items Excluding Goodwill": -985286000.0,
        "Net Income From Continuing Operation Net Minority Interest": -672999000.0,
        "Reconciled Depreciation": 427576000.0,
        "Reconciled Cost Of Revenue": 962299000.0,
        "EBITDA": -99326000.0,
        "EBIT": -526902000.0,
        "Net Interest Income": -96232000.0,
        "Interest Expense": 99188000.0,
        "Interest Income": 2956000.0,
        "Normalized Income": -81827400.0,
        "Net Income From Continuing And Discontinued Operation": -672999000.0,
        "Total Expenses": 1825478000.0,
        "Total Operating Income As Reported": -529858000.0,
        "Diluted Average Shares": 278181000.0,
        "Basic Average Shares": 278181000.0,
        "Diluted EPS": -2.42,
        "Basic EPS": -2.42,
        "Diluted NI Availto Com Stockholders": -672999000.0,
        "Net Income Common Stockholders": -672999000.0,
        "Net Income": -672999000.0,
        "Minority Interests": -7948000.0,
        "Net Income Including Noncontrolling Interests": -665051000.0,
        "Net Income From Tax Loss Carryforward": 13815000.0,
        "Net Income Continuous Operations": -665051000.0,
        "Earnings From Equity Interest Net Of Tax": 13815000.0,
        "Tax Provision": 52776000.0,
        "Pretax Income": -626090000.0,
        "Other Income Expense": -985286000.0,
        "Special Income Charges": -985286000.0,
        "Gain On Sale Of Business": -152211000.0,
        "Impairment Of Capital Assets": 833075000.0,
        "Net Non Operating Interest Income Expense": -96232000.0,
        "Interest Expense Non Operating": 99188000.0,
        "Interest Income Non Operating": 2956000.0,
        "Operating Income": 455428000.0,
        "Operating Expense": 863179000.0,
        "Selling General And Administration": 863179000.0,
        "Gross Profit": 1318607000.0,
        "Cost Of Revenue": 962299000.0,
        "Total Revenue": 2280906000.0,
        "Operating Revenue": 2280906000.0
    },
    "2023-06-30": {
        "Tax Effect Of Unusual Items": NaN,
        "Tax Rate For Calcs": NaN,
        "Normalized EBITDA": NaN,
        "Total Unusual Items": NaN,
        "Total Unusual Items Excluding Goodwill": NaN,
        "Net Income From Continuing Operation Net Minority Interest": NaN,
        "Reconciled Depreciation": NaN,
        "Reconciled Cost Of Revenue": NaN,
        "EBITDA": NaN,
        "EBIT": NaN,
        "Net Interest Income": NaN,
        "Interest Expense": NaN,
        "Interest Income": NaN,
        "Normalized Income": NaN,
        "Net Income From Continuing And Discontinued Operation": NaN,
        "Total Expenses": NaN,
        "Total Operating Income As Reported": NaN,
        "Diluted Average Shares": NaN,
        "Basic Average Shares": NaN,
        "Diluted EPS": NaN,
        "Basic EPS": NaN,
        "Diluted NI Availto Com Stockholders": NaN,
        "Net Income Common Stockholders": NaN,
        "Net Income": NaN,
        "Minority Interests": NaN,
        "Net Income Including Noncontrolling Interests": NaN,
        "Net Income Continuous Operations": NaN,
        "Earnings From Equity Interest Net Of Tax": NaN,
        "Tax Provision": NaN,
        "Pretax Income": NaN,
        "Other Income Expense": 105738000.0,
        "Special Income Charges": NaN,
        "Gain On Sale Of Business": NaN,
        "Impairment Of Capital Assets": 0.0,
        "Net Non Operating Interest Income Expense": NaN,
        "Interest Expense Non Operating": NaN,
        "Interest Income Non Operating": NaN,
        "Operating Income": NaN,
        "Operating Expense": NaN,
        "Selling General And Administration": NaN,
        "Gross Profit": NaN,
        "Cost Of Revenue": NaN,
        "Total Revenue": NaN,
        "Operating Revenue": NaN
    },
    "2022-03-31": {
        "Diluted EPS": 0.87,
        "Total Revenue": NaN,
        "Gross Profit": NaN,
        "Operating Income": 376,
        "EBIT": 831,
        "Net Income": 245
    },
    "2021-12-31": {
        "Diluted EPS": 0.73,
        "Total Revenue": NaN,
        "Gross Profit": NaN,
        "Operating Income": 321,
        "EBIT": 771,
        "Net Income": 208
    },
    "2021-09-30": {
        "Diluted EPS": 1.01,
        "Total Revenue": NaN,
        "Gross Profit": NaN,
        "Operating Income": 400,
        "EBIT": 843,
        "Net Income": 297
    },
    "2021-06-30": {
        "Diluted EPS": 0.89,
        "Total Revenue": NaN,
        "Gross Profit": NaN,
        "Operating Income": 363,
        "EBIT": 808,
        "Net Income": 264
    },
    "2021-03-31": {
        "Diluted EPS": 0.66,
        "Total Revenue": NaN,
        "Gross Profit": NaN,
        "Operating Income": 275,
        "EBIT": 722,
        "Net Income": 197
    },
    "2020-12-31": {
        "Diluted EPS": 0.61,
        "Total Revenue": NaN,
        "Gross Profit": NaN,
        "Operating Income": 252,
        "EBIT": 679,
        "Net Income": 183
    },
    "2020-09-30": {
        "Diluted EPS": 0.74,
        "Total Revenue": NaN,
        "Gross Profit": NaN,
        "Operating Income": 290,
        "EBIT": 717,
        "Net Income": 221
    },
    "2020-06-30": {
        "Diluted EPS": 0.12,
        "Total Revenue": NaN,
        "Gross Profit": 778,
        "Operating Income": 108,
        "EBIT": 530,
        "Net Income": 37
    },
    "2020-03-31": {
        "Diluted EPS": 0.48,
        "Total Revenue": NaN,
        "Gross Profit": 970,
        "Operating Income": 244,
        "EBIT": 661,
        "Net Income": 144
    },
    "2019-12-31": {
        "Diluted EPS": 0.14,
        "Total Revenue": NaN,
        "Gross Profit": 949,
        "Operating Income": 196,
        "EBIT": 615,
        "Net Income": 103
    },
    "2019-09-30": {
        "Diluted EPS": 0.54,
        "Total Revenue": NaN,
        "Gross Profit": 678,
        "Operating Income": 174,
        "EBIT": 374,
        "Net Income": 95
    },
    "2019-06-30": {
        "Diluted EPS": 0.77,
        "Total Revenue": 935,
        "Gross Profit": 633,
        "Operating Income": 222,
        "EBIT": 383,
        "Net Income": 120
    },
    "2019-03-31": {
        "Diluted EPS": 0.71,
        "Total Revenue": 883,
        "Gross Profit": 578,
        "Operating Income": 199,
        "EBIT": 364,
        "Net Income": 112
    },
    "2018-12-31": {
        "Diluted EPS": 0.48,
        "Total Revenue": 881,
        "Gross Profit": 567,
        "Operating Income": 167,
        "EBIT": 335,
        "Net Income": 75
    },
    "2018-09-30": {
        "Diluted EPS": 1.11,
        "Total Revenue": 858,
        "Gross Profit": 593,
        "Operating Income": 223,
        "EBIT": 361,
        "Net Income": 176
    },
    "2018-06-30": {
        "Diluted EPS": 0.68,
        "Total Revenue": 833,
        "Gross Profit": 569,
        "Operating Income": 191,
        "EBIT": 328,
        "Net Income": 109
    },
    "2018-03-31": {
        "Diluted EPS": 0.57,
        "Total Revenue": 795,
        "Gross Profit": 543,
        "Operating Income": 156,
        "EBIT": 288,
        "Net Income": 91
    },
    "2017-12-31": {
        "Diluted EPS": 1.54,
        "Total Revenue": NaN,
        "Gross Profit": 545,
        "Operating Income": 150,
        "EBIT": 283,
        "Net Income": 242
    },
    "2017-09-30": {
        "Diluted EPS": 0.71,
        "Total Revenue": NaN,
        "Gross Profit": 545,
        "Operating Income": 172,
        "EBIT": 299,
        "Net Income": 111
    },
    "2017-06-30": {
        "Diluted EPS": 0.44,
        "Total Revenue": 962,
        "Gross Profit": 493,
        "Operating Income": 132,
        "EBIT": 250,
        "Net Income": 67
    },
    "2017-03-31": {
        "Diluted EPS": 0.32,
        "Total Revenue": 920,
        "Gross Profit": 464,
        "Operating Income": 105,
        "EBIT": 223,
        "Net Income": 49
    },
    "2016-12-31": {
        "Diluted EPS": 0.73,
        "Total Revenue": 436,
        "Gross Profit": 424,
        "Operating Income": 135,
        "EBIT": 221,
        "Net Income": 55
    },
    "2016-11-30": {
        "Diluted EPS": 0.32,
        "Total Revenue": 942,
        "Gross Profit": 473,
        "Operating Income": 105,
        "EBIT": 145,
        "Net Income": 49
    },
    "2016-09-30": {
        "Diluted EPS": 0.36,
        "Total Revenue": 952,
        "Gross Profit": 482,
        "Operating Income": 120,
        "EBIT": 92,
        "Net Income": 56
    },
    "2016-08-31": {
        "Diluted EPS": 0.55,
        "Total Revenue": 939,
        "Gross Profit": 477,
        "Operating Income": 121,
        "EBIT": 93,
        "Net Income": 85
    },
    "2016-06-30": {
        "Diluted EPS": 0.42,
        "Total Revenue": 843,
        "Gross Profit": 436,
        "Operating Income": 61,
        "EBIT": 153,
        "Net Income": 62
    },
    "2016-05-31": {
        "Diluted EPS": 0.0,
        "Total Revenue": NaN,
        "Gross Profit": NaN,
        "Operating Income": NaN,
        "EBIT": NaN,
        "Net Income": NaN
    },
    "2016-03-31": {
        "Diluted EPS": 0.46,
        "Total Revenue": 626,
        "Gross Profit": 378,
        "Operating Income": 95,
        "EBIT": 134,
        "Net Income": 60
    },
    "2016-02-29": {
        "Diluted EPS": 0.53,
        "Total Revenue": 680,
        "Gross Profit": 421,
        "Operating Income": 108,
        "EBIT": 147,
        "Net Income": 69
    },
    "2015-11-30": {
        "Diluted EPS": 0.6,
        "Total Revenue": 722,
        "Gross Profit": 452,
        "Operating Income": 123,
        "EBIT": 201,
        "Net Income": 79
    },
    "2015-08-31": {
        "Diluted EPS": 0.66,
        "Total Revenue": 749,
        "Gross Profit": 476,
        "Operating Income": 138,
        "EBIT": 138,
        "Net Income": 87
    },
    "2015-05-31": {
        "Diluted EPS": 0.0,
        "Total Revenue": NaN,
        "Gross Profit": NaN,
        "Operating Income": NaN,
        "EBIT": NaN,
        "Net Income": NaN
    },
    "2015-02-28": {
        "Diluted EPS": 0.46,
        "Total Revenue": 665,
        "Gross Profit": 415,
        "Operating Income": 105,
        "EBIT": 182,
        "Net Income": 63
    },
    "2014-11-30": {
        "Diluted EPS": 0.55,
        "Total Revenue": 697,
        "Gross Profit": 439,
        "Operating Income": 124,
        "EBIT": 193,
        "Net Income": 75
    },
    "2014-08-31": {
        "Diluted EPS": 0.55,
        "Total Revenue": 705,
        "Gross Profit": 445,
        "Operating Income": 124,
        "EBIT": 124,
        "Net Income": 75
    },
    "2014-05-31": {
        "Diluted EPS": 0.0,
        "Total Revenue": NaN,
        "Gross Profit": NaN,
        "Operating Income": NaN,
        "EBIT": NaN,
        "Net Income": NaN
    },
    "2014-02-28": {
        "Diluted EPS": 0.38,
        "Total Revenue": 616,
        "Gross Profit": 384,
        "Operating Income": 97,
        "EBIT": 166,
        "Net Income": 55
    },
    "2013-11-30": {
        "Diluted EPS": 0.51,
        "Total Revenue": 634,
        "Gross Profit": 399,
        "Operating Income": 112,
        "EBIT": 169,
        "Net Income": 74
    },
    "2013-08-31": {
        "Diluted EPS": 0.44,
        "Total Revenue": 630,
        "Gross Profit": 399,
        "Operating Income": 107,
        "EBIT": 107,
        "Net Income": 65
    },
    "2013-05-31": {
        "Diluted EPS": 0.0,
        "Total Revenue": NaN,
        "Gross Profit": NaN,
        "Operating Income": NaN,
        "EBIT": NaN,
        "Net Income": NaN
    },
    "2013-02-28": {
        "Diluted EPS": 0.38,
        "Total Revenue": 579,
        "Gross Profit": 361,
        "Operating Income": 91,
        "EBIT": 148,
        "Net Income": 58
    },
    "2012-11-30": {
        "Diluted EPS": 0.45,
        "Total Revenue": 589,
        "Gross Profit": 378,
        "Operating Income": 117,
        "EBIT": 169,
        "Net Income": 70
    },
    "2012-08-31": {
        "Diluted EPS": 0.3,
        "Total Revenue": 590,
        "Gross Profit": 386,
        "Operating Income": 80,
        "EBIT": 80,
        "Net Income": 47
    },
    "2012-05-31": {
        "Diluted EPS": 0.0,
        "Total Revenue": NaN,
        "Gross Profit": NaN,
        "Operating Income": NaN,
        "EBIT": NaN,
        "Net Income": NaN
    },
    "2012-02-29": {
        "Diluted EPS": 0.37,
        "Total Revenue": 534,
        "Gross Profit": 339,
        "Operating Income": 92,
        "EBIT": 144,
        "Net Income": 58
    },
    "2011-11-30": {
        "Diluted EPS": 0.39,
        "Total Revenue": 531,
        "Gross Profit": 345,
        "Operating Income": 97,
        "EBIT": 153,
        "Net Income": 61
    },
    "2011-08-31": {
        "Diluted EPS": 0.4,
        "Total Revenue": 543,
        "Gross Profit": 351,
        "Operating Income": 109,
        "EBIT": 109,
        "Net Income": 64
    },
    "2011-05-31": {
        "Diluted EPS": 0.0,
        "Total Revenue": NaN,
        "Gross Profit": NaN,
        "Operating Income": NaN,
        "EBIT": NaN,
        "Net Income": NaN
    },
    "2011-02-28": {
        "Diluted EPS": 0.3,
        "Total Revenue": 456,
        "Gross Profit": 288,
        "Operating Income": 78,
        "EBIT": 135,
        "Net Income": 48
    },
    "2010-11-30": {
        "Diluted EPS": 0.34,
        "Total Revenue": 444,
        "Gross Profit": 289,
        "Operating Income": 83,
        "EBIT": 118,
        "Net Income": 54
    },
    "2010-08-31": {
        "Diluted EPS": 0.31,
        "Total Revenue": 440,
        "Gross Profit": 289,
        "Operating Income": 82,
        "EBIT": 82,
        "Net Income": 49
    },
    "2010-05-31": {
        "Diluted EPS": 0.0,
        "Total Revenue": NaN,
        "Gross Profit": NaN,
        "Operating Income": NaN,
        "EBIT": NaN,
        "Net Income": NaN
    },
    "2010-02-28": {
        "Diluted EPS": 0.3,
        "Total Revenue": 399,
        "Gross Profit": 252,
        "Operating Income": 74,
        "EBIT": 109,
        "Net Income": 48
    },
    "2009-11-30": {
        "Diluted EPS": 0.38,
        "Total Revenue": 409,
        "Gross Profit": 264,
        "Operating Income": 89,
        "EBIT": 122,
        "Net Income": 63
    },
    "2009-08-31": {
        "Diluted EPS": 0.36,
        "Total Revenue": 410,
        "Gross Profit": 269,
        "Operating Income": 89,
        "EBIT": 89,
        "Net Income": 58
    },
    "2009-05-31": {
        "Diluted EPS": 0.0,
        "Total Revenue": NaN,
        "Gross Profit": NaN,
        "Operating Income": NaN,
        "EBIT": NaN,
        "Net Income": NaN
    },
    "2009-02-28": {
        "Diluted EPS": -0.67,
        "Total Revenue": 360,
        "Gross Profit": 236,
        "Operating Income": 62,
        "EBIT": 96,
        "Net Income": -107
    },
    "2023-09-30": {
        "Tax Effect Of Unusual Items": NaN,
        "Tax Rate For Calcs": NaN,
        "Normalized EBITDA": NaN,
        "Total Unusual Items": NaN,
        "Total Unusual Items Excluding Goodwill": NaN,
        "Net Income From Continuing Operation Net Minority Interest": NaN,
        "Reconciled Depreciation": NaN,
        "Reconciled Cost Of Revenue": NaN,
        "EBITDA": NaN,
        "EBIT": NaN,
        "Net Interest Income": NaN,
        "Interest Expense": NaN,
        "Interest Income": NaN,
        "Normalized Income": NaN,
        "Net Income From Continuing And Discontinued Operation": NaN,
        "Total Expenses": NaN,
        "Total Operating Income As Reported": NaN,
        "Diluted Average Shares": NaN,
        "Basic Average Shares": NaN,
        "Diluted EPS": NaN,
        "Basic EPS": NaN,
        "Diluted NI Availto Com Stockholders": NaN,
        "Net Income Common Stockholders": NaN,
        "Net Income": NaN,
        "Minority Interests": NaN,
        "Net Income Including Noncontrolling Interests": NaN,
        "Net Income Continuous Operations": NaN,
        "Earnings From Equity Interest Net Of Tax": NaN,
        "Tax Provision": NaN,
        "Pretax Income": NaN,
        "Other Income Expense": -139095000.0,
        "Special Income Charges": NaN,
        "Gain On Sale Of Business": NaN,
        "Impairment Of Capital Assets": NaN,
        "Net Non Operating Interest Income Expense": NaN,
        "Interest Expense Non Operating": NaN,
        "Interest Income Non Operating": NaN,
        "Operating Income": NaN,
        "Operating Expense": NaN,
        "Selling General And Administration": NaN,
        "Gross Profit": NaN,
        "Cost Of Revenue": NaN,
        "Total Revenue": NaN,
        "Operating Revenue": NaN
    },
    "2023-12-31": {
        "Tax Effect Of Unusual Items": NaN,
        "Tax Rate For Calcs": NaN,
        "Normalized EBITDA": NaN,
        "Total Unusual Items": NaN,
        "Total Unusual Items Excluding Goodwill": NaN,
        "Net Income From Continuing Operation Net Minority Interest": NaN,
        "Reconciled Depreciation": NaN,
        "Reconciled Cost Of Revenue": NaN,
        "EBITDA": NaN,
        "EBIT": NaN,
        "Net Interest Income": NaN,
        "Interest Expense": NaN,
        "Interest Income": NaN,
        "Normalized Income": NaN,
        "Net Income From Continuing And Discontinued Operation": NaN,
        "Total Expenses": NaN,
        "Total Operating Income As Reported": NaN,
        "Diluted Average Shares": NaN,
        "Basic Average Shares": NaN,
        "Diluted EPS": NaN,
        "Basic EPS": NaN,
        "Diluted NI Availto Com Stockholders": NaN,
        "Net Income Common Stockholders": NaN,
        "Net Income": NaN,
        "Minority Interests": NaN,
        "Net Income Including Noncontrolling Interests": NaN,
        "Net Income Discontinuous Operations": NaN,
        "Net Income Continuous Operations": NaN,
        "Earnings From Equity Interest Net Of Tax": NaN,
        "Tax Provision": NaN,
        "Pretax Income": NaN,
        "Other Income Expense": 2351000.0,
        "Special Income Charges": NaN,
        "Gain On Sale Of Business": NaN,
        "Impairment Of Capital Assets": 0.0,
        "Net Non Operating Interest Income Expense": NaN,
        "Interest Expense Non Operating": NaN,
        "Interest Income Non Operating": NaN,
        "Operating Income": NaN,
        "Operating Expense": NaN,
        "Selling General And Administration": NaN,
        "Gross Profit": NaN,
        "Cost Of Revenue": NaN,
        "Total Revenue": NaN,
        "Operating Revenue": NaN
    },
    "2024-03-31": {
        "Tax Effect Of Unusual Items": 0.0,
        "Tax Rate For Calcs": 0.059448,
        "Normalized EBITDA": 949316000.0,
        "Total Unusual Items": 0.0,
        "Total Unusual Items Excluding Goodwill": 0.0,
        "Net Income From Continuing Operation Net Minority Interest": 313307000.0,
        "Reconciled Depreciation": 461136000.0,
        "Reconciled Cost Of Revenue": 922390000.0,
        "EBITDA": 949316000.0,
        "EBIT": 488180000.0,
        "Net Interest Income": -126219000.0,
        "Interest Expense": 162147000.0,
        "Interest Income": 35928000.0,
        "Normalized Income": 313307000.0,
        "Net Income From Continuing And Discontinued Operation": 313307000.0,
        "Total Expenses": 1967935000.0,
        "Total Operating Income As Reported": 452252000.0,
        "Diluted Average Shares": 257588000.0,
        "Basic Average Shares": 256926000.0,
        "Diluted EPS": 1.22,
        "Basic EPS": 1.22,
        "Diluted NI Availto Com Stockholders": 313307000.0,
        "Net Income Common Stockholders": 313307000.0,
        "Net Income": 313307000.0,
        "Minority Interests": -9755000.0,
        "Net Income Including Noncontrolling Interests": 323062000.0,
        "Net Income Continuous Operations": 323062000.0,
        "Earnings From Equity Interest Net Of Tax": 16411000.0,
        "Tax Provision": 19382000.0,
        "Pretax Income": 326033000.0,
        "Other Income Expense": NaN,
        "Special Income Charges": 0.0,
        "Gain On Sale Of Business": 0.0,
        "Impairment Of Capital Assets": NaN,
        "Net Non Operating Interest Income Expense": -126219000.0,
        "Interest Expense Non Operating": 162147000.0,
        "Interest Income Non Operating": 35928000.0,
        "Operating Income": 452252000.0,
        "Operating Expense": 1045545000.0,
        "Selling General And Administration": 1045545000.0,
        "Gross Profit": 1497797000.0,
        "Cost Of Revenue": 922390000.0,
        "Total Revenue": 2420187000.0,
        "Operating Revenue": 2420187000.0
    },
    "2024-06-30": {
        "Tax Effect Of Unusual Items": 0.0,
        "Tax Rate For Calcs": 0.179,
        "Normalized EBITDA": 979554000.0,
        "Total Unusual Items": 0.0,
        "Total Unusual Items Excluding Goodwill": 0.0,
        "Net Income From Continuing Operation Net Minority Interest": 300457000.0,
        "Reconciled Depreciation": 469964000.0,
        "Reconciled Cost Of Revenue": 504462000.0,
        "EBITDA": 979554000.0,
        "EBIT": 509590000.0,
        "Net Interest Income": -114006000.0,
        "Interest Expense": 148208000.0,
        "Interest Income": 34202000.0,
        "Normalized Income": 300457000.0,
        "Net Income From Continuing And Discontinued Operation": 374760000.0,
        "Total Expenses": 1495637000.0,
        "Total Operating Income As Reported": 475388000.0,
        "Diluted Average Shares": 255166000.0,
        "Basic Average Shares": 254748000.0,
        "Diluted EPS": 1.47,
        "Basic EPS": 1.47,
        "Diluted NI Availto Com Stockholders": 374760000.0,
        "Net Income Common Stockholders": 374760000.0,
        "Net Income": 374760000.0,
        "Minority Interests": -14515000.0,
        "Net Income Including Noncontrolling Interests": 389275000.0,
        "Net Income Discontinuous Operations": 74303000.0,
        "Net Income Continuous Operations": 314972000.0,
        "Earnings From Equity Interest Net Of Tax": 18279000.0,
        "Tax Provision": 64689000.0,
        "Pretax Income": 361382000.0,
        "Other Income Expense": NaN,
        "Special Income Charges": 0.0,
        "Gain On Sale Of Business": 0.0,
        "Impairment Of Capital Assets": NaN,
        "Net Non Operating Interest Income Expense": -114006000.0,
        "Interest Expense Non Operating": 148208000.0,
        "Interest Income Non Operating": 34202000.0,
        "Operating Income": 475388000.0,
        "Operating Expense": 991175000.0,
        "Selling General And Administration": 991175000.0,
        "Gross Profit": 1466563000.0,
        "Cost Of Revenue": 504462000.0,
        "Total Revenue": 1971025000.0,
        "Operating Revenue": 1971025000.0
    },
    "2024-09-30": {
        "Tax Effect Of Unusual Items": 0.0,
        "Tax Rate For Calcs": 0.153,
        "Normalized EBITDA": 1005492000.0,
        "Total Unusual Items": 0.0,
        "Total Unusual Items Excluding Goodwill": 0.0,
        "Net Income From Continuing Operation Net Minority Interest": 315125000.0,
        "Reconciled Depreciation": 474573000.0,
        "Reconciled Cost Of Revenue": 946945000.0,
        "EBITDA": 1005492000.0,
        "EBIT": 530919000.0,
        "Net Interest Income": -100567000.0,
        "Interest Expense": 155905000.0,
        "Interest Income": 55338000.0,
        "Normalized Income": 315125000.0,
        "Net Income From Continuing And Discontinued Operation": 315125000.0,
        "Total Expenses": 2125971000.0,
        "Total Operating Income As Reported": 475581000.0,
        "Diluted Average Shares": 254897000.0,
        "Basic Average Shares": 254402000.0,
        "Diluted EPS": 1.24,
        "Basic EPS": 1.24,
        "Diluted NI Availto Com Stockholders": 315125000.0,
        "Net Income Common Stockholders": 315125000.0,
        "Net Income": 315125000.0,
        "Minority Interests": -18408000.0,
        "Net Income Including Noncontrolling Interests": 333533000.0,
        "Net Income Discontinuous Operations": NaN,
        "Net Income Continuous Operations": 333533000.0,
        "Earnings From Equity Interest Net Of Tax": 15897000.0,
        "Tax Provision": 57378000.0,
        "Pretax Income": 375014000.0,
        "Other Income Expense": NaN,
        "Special Income Charges": 0.0,
        "Gain On Sale Of Business": 0.0,
        "Impairment Of Capital Assets": NaN,
        "Net Non Operating Interest Income Expense": -100567000.0,
        "Interest Expense Non Operating": 155905000.0,
        "Interest Income Non Operating": 55338000.0,
        "Operating Income": 475581000.0,
        "Operating Expense": 1179026000.0,
        "Selling General And Administration": 1179026000.0,
        "Gross Profit": 1654607000.0,
        "Cost Of Revenue": 946945000.0,
        "Total Revenue": 2601552000.0,
        "Operating Revenue": 2601552000.0
    },
    "2024-12-31": {
        "Tax Effect Of Unusual Items": 53390766.153709,
        "Tax Rate For Calcs": 0.195475,
        "Normalized EBITDA": 1059268000.0,
        "Total Unusual Items": 273134000.0,
        "Total Unusual Items Excluding Goodwill": 273134000.0,
        "Net Income From Continuing Operation Net Minority Interest": 567173000.0,
        "Reconciled Depreciation": 456658000.0,
        "Reconciled Cost Of Revenue": 952297000.0,
        "EBITDA": 1332402000.0,
        "EBIT": 875744000.0,
        "Net Interest Income": -114180000.0,
        "Interest Expense": 156776000.0,
        "Interest Income": 42596000.0,
        "Normalized Income": 347429766.153709,
        "Net Income From Continuing And Discontinued Operation": 567173000.0,
        "Total Expenses": 1955372000.0,
        "Total Operating Income As Reported": 833148000.0,
        "Diluted Average Shares": 251766000.0,
        "Basic Average Shares": 251123000.0,
        "Diluted EPS": 2.25,
        "Basic EPS": 2.26,
        "Diluted NI Availto Com Stockholders": 567173000.0,
        "Net Income Common Stockholders": 567173000.0,
        "Net Income": 567173000.0,
        "Minority Interests": -31110000.0,
        "Net Income Including Noncontrolling Interests": 598283000.0,
        "Net Income Discontinuous Operations": NaN,
        "Net Income Continuous Operations": 598283000.0,
        "Earnings From Equity Interest Net Of Tax": 19855000.0,
        "Tax Provision": 140540000.0,
        "Pretax Income": 718968000.0,
        "Other Income Expense": NaN,
        "Special Income Charges": 273134000.0,
        "Gain On Sale Of Business": 273134000.0,
        "Impairment Of Capital Assets": NaN,
        "Net Non Operating Interest Income Expense": -114180000.0,
        "Interest Expense Non Operating": 156776000.0,
        "Interest Income Non Operating": 42596000.0,
        "Operating Income": 560014000.0,
        "Operating Expense": 1003075000.0,
        "Selling General And Administration": 1003075000.0,
        "Gross Profit": 1563089000.0,
        "Cost Of Revenue": 952297000.0,
        "Total Revenue": 2515386000.0,
        "Operating Revenue": 2515386000.0
    },
    "2025-03-31": {
        "Tax Effect Of Unusual Items": 662838.0,
        "Tax Rate For Calcs": 0.166,
        "Normalized EBITDA": 958389000.0,
        "Total Unusual Items": 3993000.0,
        "Total Unusual Items Excluding Goodwill": 3993000.0,
        "Net Income From Continuing Operation Net Minority Interest": 305734000.0,
        "Reconciled Depreciation": 452108000.0,
        "Reconciled Cost Of Revenue": 921195000.0,
        "EBITDA": 962382000.0,
        "EBIT": 510274000.0,
        "Net Interest Income": -117721000.0,
        "Interest Expense": 157110000.0,
        "Interest Income": 39389000.0,
        "Normalized Income": 302403838.0,
        "Net Income From Continuing And Discontinued Operation": 305734000.0,
        "Total Expenses": 1945206000.0,
        "Total Operating Income As Reported": 470885000.0,
        "Diluted Average Shares": 247160000.0,
        "Basic Average Shares": 246749000.0,
        "Diluted EPS": 1.24,
        "Basic EPS": 1.24,
        "Diluted NI Availto Com Stockholders": 305734000.0,
        "Net Income Common Stockholders": 305734000.0,
        "Net Income": 305734000.0,
        "Minority Interests": -7038000.0,
        "Net Income Including Noncontrolling Interests": 312772000.0,
        "Net Income Discontinuous Operations": NaN,
        "Net Income Continuous Operations": 312772000.0,
        "Earnings From Equity Interest Net Of Tax": 18286000.0,
        "Tax Provision": 58678000.0,
        "Pretax Income": 353164000.0,
        "Other Income Expense": 3993000.0,
        "Special Income Charges": 3993000.0,
        "Gain On Sale Of Business": 3993000.0,
        "Impairment Of Capital Assets": NaN,
        "Net Non Operating Interest Income Expense": -117721000.0,
        "Interest Expense Non Operating": 157110000.0,
        "Interest Income Non Operating": 39389000.0,
        "Operating Income": 466892000.0,
        "Operating Expense": 1024011000.0,
        "Selling General And Administration": 1024011000.0,
        "Gross Profit": 1490903000.0,
        "Cost Of Revenue": 921195000.0,
        "Total Revenue": 2412098000.0,
        "Operating Revenue": 2412098000.0
    },
    "2025-06-30": {
        "Tax Effect Of Unusual Items": 101727.0,
        "Tax Rate For Calcs": 0.381,
        "Normalized EBITDA": 786527000.0,
        "Total Unusual Items": 267000.0,
        "Total Unusual Items Excluding Goodwill": 267000.0,
        "Net Income From Continuing Operation Net Minority Interest": 207637000.0,
        "Reconciled Depreciation": 324071000.0,
        "Reconciled Cost Of Revenue": 498788000.0,
        "EBITDA": 786794000.0,
        "EBIT": 462723000.0,
        "Net Interest Income": -116726000.0,
        "Interest Expense": 152243000.0,
        "Interest Income": 35517000.0,
        "Normalized Income": 207471727.0,
        "Net Income From Continuing And Discontinued Operation": 241640000.0,
        "Total Expenses": 1529808000.0,
        "Total Operating Income As Reported": 427206000.0,
        "Diluted Average Shares": 244080808.0,
        "Basic Average Shares": 244080808.0,
        "Diluted EPS": 0.99,
        "Basic EPS": 0.99,
        "Diluted NI Availto Com Stockholders": 241640000.0,
        "Net Income Common Stockholders": 241640000.0,
        "Net Income": 241640000.0,
        "Minority Interests": -4458000.0,
        "Net Income Including Noncontrolling Interests": 246098000.0,
        "Net Income Discontinuous Operations": 34003000.0,
        "Net Income Continuous Operations": 212095000.0,
        "Earnings From Equity Interest Net Of Tax": 19961000.0,
        "Tax Provision": 118346000.0,
        "Pretax Income": 310480000.0,
        "Other Income Expense": 267000.0,
        "Special Income Charges": 267000.0,
        "Gain On Sale Of Business": 267000.0,
        "Impairment Of Capital Assets": NaN,
        "Net Non Operating Interest Income Expense": -116726000.0,
        "Interest Expense Non Operating": 152243000.0,
        "Interest Income Non Operating": 35517000.0,
        "Operating Income": 426939000.0,
        "Operating Expense": 1031020000.0,
        "Selling General And Administration": 1031020000.0,
        "Gross Profit": 1457959000.0,
        "Cost Of Revenue": 498788000.0,
        "Total Revenue": 1956747000.0,
        "Operating Revenue": 1956747000.0
    }
}