{
    "2023-03-31": {
        "Tax Effect Of Unusual Items": NaN,
        "Tax Rate For Calcs": NaN,
        "Normalized EBITDA": NaN,
        "Total Unusual Items": NaN,
        "Total Unusual Items Excluding Goodwill": NaN,
        "Net Income From Continuing Operation Net Minority Interest": NaN,
        "Reconciled Depreciation": NaN,
        "Reconciled Cost Of Revenue": NaN,
        "EBITDA": NaN,
        "EBIT": NaN,
        "Net Interest Income": NaN,
        "Interest Expense": NaN,
        "Normalized Income": NaN,
        "Net Income From Continuing And Discontinued Operation": NaN,
        "Total Expenses": NaN,
        "Total Operating Income As Reported": NaN,
        "Diluted Average Shares": NaN,
        "Basic Average Shares": NaN,
        "Diluted EPS": NaN,
        "Basic EPS": NaN,
        "Diluted NI Availto Com Stockholders": NaN,
        "Average Dilution Earnings": NaN,
        "Net Income Common Stockholders": NaN,
        "Otherunder Preferred Stock Dividend": NaN,
        "Preferred Stock Dividends": NaN,
        "Net Income": NaN,
        "Net Income Including Noncontrolling Interests": NaN,
        "Net Income Continuous Operations": NaN,
        "Tax Provision": NaN,
        "Pretax Income": NaN,
        "Other Income Expense": NaN,
        "Other Non Operating Income Expenses": NaN,
        "Special Income Charges": NaN,
        "Other Special Charges": NaN,
        "Impairment Of Capital Assets": NaN,
        "Restructuring And Mergern Acquisition": 1869000.0,
        "Gain On Sale Of Security": NaN,
        "Net Non Operating Interest Income Expense": NaN,
        "Total Other Finance Cost": NaN,
        "Interest Expense Non Operating": NaN,
        "Operating Income": NaN,
        "Operating Expense": NaN,
        "Other Operating Expenses": NaN,
        "Other Taxes": NaN,
        "Selling General And Administration": NaN,
        "General And Administrative Expense": NaN,
        "Other Gand A": NaN,
        "Gross Profit": NaN,
        "Cost Of Revenue": NaN,
        "Total Revenue": NaN,
        "Operating Revenue": NaN
    },
    "2022-12-31": {
        "Tax Effect Of Unusual Items": NaN,
        "Tax Rate For Calcs": NaN,
        "Normalized EBITDA": NaN,
        "Total Unusual Items": NaN,
        "Total Unusual Items Excluding Goodwill": NaN,
        "Net Income From Continuing Operation Net Minority Interest": NaN,
        "Reconciled Depreciation": NaN,
        "Reconciled Cost Of Revenue": NaN,
        "EBITDA": NaN,
        "EBIT": NaN,
        "Net Interest Income": NaN,
        "Interest Expense": NaN,
        "Normalized Income": NaN,
        "Net Income From Continuing And Discontinued Operation": NaN,
        "Total Expenses": NaN,
        "Total Operating Income As Reported": NaN,
        "Diluted Average Shares": NaN,
        "Basic Average Shares": NaN,
        "Diluted EPS": NaN,
        "Basic EPS": NaN,
        "Diluted NI Availto Com Stockholders": NaN,
        "Average Dilution Earnings": NaN,
        "Net Income Common Stockholders": NaN,
        "Otherunder Preferred Stock Dividend": NaN,
        "Preferred Stock Dividends": NaN,
        "Net Income": NaN,
        "Net Income Including Noncontrolling Interests": NaN,
        "Net Income Continuous Operations": NaN,
        "Tax Provision": NaN,
        "Pretax Income": NaN,
        "Other Income Expense": NaN,
        "Other Non Operating Income Expenses": NaN,
        "Special Income Charges": NaN,
        "Impairment Of Capital Assets": 0.0,
        "Restructuring And Mergern Acquisition": NaN,
        "Earnings From Equity Interest": 0.0,
        "Gain On Sale Of Security": NaN,
        "Net Non Operating Interest Income Expense": NaN,
        "Total Other Finance Cost": NaN,
        "Interest Expense Non Operating": NaN,
        "Operating Income": NaN,
        "Operating Expense": NaN,
        "Other Operating Expenses": NaN,
        "Other Taxes": NaN,
        "Selling General And Administration": NaN,
        "General And Administrative Expense": NaN,
        "Other Gand A": NaN,
        "Gross Profit": NaN,
        "Cost Of Revenue": NaN,
        "Total Revenue": NaN,
        "Operating Revenue": NaN
    },
    "2022-09-30": {
        "Tax Effect Of Unusual Items": NaN,
        "Tax Rate For Calcs": NaN,
        "Normalized EBITDA": NaN,
        "Total Unusual Items": NaN,
        "Total Unusual Items Excluding Goodwill": NaN,
        "Net Income From Continuing Operation Net Minority Interest": NaN,
        "Reconciled Depreciation": NaN,
        "Reconciled Cost Of Revenue": NaN,
        "EBITDA": NaN,
        "EBIT": NaN,
        "Net Interest Income": NaN,
        "Interest Expense": NaN,
        "Normalized Income": NaN,
        "Net Income From Continuing And Discontinued Operation": NaN,
        "Total Expenses": NaN,
        "Total Operating Income As Reported": NaN,
        "Diluted Average Shares": NaN,
        "Basic Average Shares": NaN,
        "Diluted EPS": NaN,
        "Basic EPS": NaN,
        "Diluted NI Availto Com Stockholders": NaN,
        "Average Dilution Earnings": 0.0,
        "Net Income Common Stockholders": NaN,
        "Otherunder Preferred Stock Dividend": NaN,
        "Preferred Stock Dividends": NaN,
        "Net Income": NaN,
        "Net Income Including Noncontrolling Interests": NaN,
        "Net Income Continuous Operations": NaN,
        "Tax Provision": NaN,
        "Pretax Income": NaN,
        "Other Income Expense": NaN,
        "Other Non Operating Income Expenses": NaN,
        "Special Income Charges": NaN,
        "Impairment Of Capital Assets": NaN,
        "Restructuring And Mergern Acquisition": NaN,
        "Earnings From Equity Interest": NaN,
        "Gain On Sale Of Security": NaN,
        "Net Non Operating Interest Income Expense": NaN,
        "Total Other Finance Cost": NaN,
        "Interest Expense Non Operating": NaN,
        "Operating Income": NaN,
        "Operating Expense": NaN,
        "Other Operating Expenses": NaN,
        "Other Taxes": NaN,
        "Selling General And Administration": NaN,
        "General And Administrative Expense": NaN,
        "Other Gand A": NaN,
        "Gross Profit": NaN,
        "Cost Of Revenue": NaN,
        "Total Revenue": NaN,
        "Operating Revenue": NaN
    },
    "2022-06-30": {
        "Tax Effect Of Unusual Items": 0.0,
        "Tax Rate For Calcs": 0.0,
        "Normalized EBITDA": 506287000.0,
        "Total Unusual Items": -172871000.0,
        "Total Unusual Items Excluding Goodwill": -172871000.0,
        "Net Income From Continuing Operation Net Minority Interest": 256580000.0,
        "Reconciled Depreciation": 62602000.0,
        "Reconciled Cost Of Revenue": 76841000.0,
        "EBITDA": 333416000.0,
        "EBIT": 270814000.0,
        "Net Interest Income": -14234000.0,
        "Interest Expense": 14234000.0,
        "Normalized Income": 429451000.0,
        "Net Income From Continuing And Discontinued Operation": 256580000.0,
        "Total Expenses": 190238000.0,
        "Total Operating Income As Reported": 275096000.0,
        "Diluted Average Shares": 20961000.0,
        "Basic Average Shares": 20961000.0,
        "Diluted EPS": 10.34,
        "Basic EPS": 10.42,
        "Diluted NI Availto Com Stockholders": 215610000.0,
        "Net Income Common Stockholders": 215610000.0,
        "Otherunder Preferred Stock Dividend": 39590000.0,
        "Preferred Stock Dividends": 1380000.0,
        "Net Income": 256580000.0,
        "Net Income Including Noncontrolling Interests": 256580000.0,
        "Net Income Continuous Operations": 256580000.0,
        "Tax Provision": 0.0,
        "Pretax Income": 256580000.0,
        "Other Income Expense": -177153000.0,
        "Other Non Operating Income Expenses": -4282000.0,
        "Special Income Charges": 0.0,
        "Impairment Of Capital Assets": 0.0,
        "Restructuring And Mergern Acquisition": 0.0,
        "Earnings From Equity Interest": NaN,
        "Gain On Sale Of Security": -172871000.0,
        "Net Non Operating Interest Income Expense": -14234000.0,
        "Total Other Finance Cost": 692000.0,
        "Interest Expense Non Operating": 14234000.0,
        "Operating Income": 447967000.0,
        "Operating Expense": 113397000.0,
        "Other Operating Expenses": 692000.0,
        "Other Taxes": 16682000.0,
        "Selling General And Administration": 96023000.0,
        "General And Administrative Expense": 96023000.0,
        "Other Gand A": 96023000.0,
        "Gross Profit": 561364000.0,
        "Cost Of Revenue": 76841000.0,
        "Total Revenue": 638205000.0,
        "Operating Revenue": 638205000.0
    },
    "2023-06-30": {
        "Tax Effect Of Unusual Items": NaN,
        "Tax Rate For Calcs": NaN,
        "Normalized EBITDA": NaN,
        "Total Unusual Items": NaN,
        "Total Unusual Items Excluding Goodwill": NaN,
        "Net Income From Continuing Operation Net Minority Interest": NaN,
        "Reconciled Depreciation": NaN,
        "Reconciled Cost Of Revenue": NaN,
        "EBITDA": NaN,
        "EBIT": NaN,
        "Net Interest Income": NaN,
        "Interest Expense": NaN,
        "Normalized Income": NaN,
        "Net Income From Continuing And Discontinued Operation": NaN,
        "Total Expenses": NaN,
        "Total Operating Income As Reported": NaN,
        "Diluted Average Shares": NaN,
        "Basic Average Shares": NaN,
        "Diluted EPS": NaN,
        "Basic EPS": NaN,
        "Diluted NI Availto Com Stockholders": NaN,
        "Average Dilution Earnings": NaN,
        "Net Income Common Stockholders": NaN,
        "Otherunder Preferred Stock Dividend": NaN,
        "Preferred Stock Dividends": NaN,
        "Net Income": NaN,
        "Net Income Including Noncontrolling Interests": NaN,
        "Net Income Continuous Operations": NaN,
        "Tax Provision": NaN,
        "Pretax Income": NaN,
        "Other Income Expense": NaN,
        "Other Non Operating Income Expenses": NaN,
        "Special Income Charges": NaN,
        "Other Special Charges": NaN,
        "Impairment Of Capital Assets": NaN,
        "Restructuring And Mergern Acquisition": 2893000.0,
        "Gain On Sale Of Security": NaN,
        "Net Non Operating Interest Income Expense": NaN,
        "Total Other Finance Cost": NaN,
        "Interest Expense Non Operating": NaN,
        "Operating Income": NaN,
        "Operating Expense": NaN,
        "Other Operating Expenses": NaN,
        "Other Taxes": NaN,
        "Selling General And Administration": NaN,
        "General And Administrative Expense": NaN,
        "Other Gand A": NaN,
        "Gross Profit": NaN,
        "Cost Of Revenue": NaN,
        "Total Revenue": NaN,
        "Operating Revenue": NaN
    },
    "2022-03-31": {
        "Diluted EPS": -23.23,
        "Total Revenue": -308,
        "Gross Profit": -325,
        "Operating Income": -493,
        "EBIT": -431,
        "Net Income": -493
    },
    "2021-12-31": {
        "Diluted EPS": 27.4,
        "Total Revenue": 773,
        "Gross Profit": 758,
        "Operating Income": 581,
        "EBIT": 647,
        "Net Income": 557
    },
    "2021-09-30": {
        "Diluted EPS": -22.5,
        "Total Revenue": -243,
        "Gross Profit": -256,
        "Operating Income": -435,
        "EBIT": -373,
        "Net Income": -463
    },
    "2021-06-30": {
        "Diluted EPS": 1.55,
        "Total Revenue": 31,
        "Gross Profit": 20,
        "Operating Income": -270,
        "EBIT": -216,
        "Net Income": 32
    },
    "2021-03-31": {
        "Diluted EPS": 0.05,
        "Total Revenue": 247,
        "Gross Profit": 235,
        "Operating Income": 51,
        "EBIT": 92,
        "Net Income": 9
    },
    "2020-12-31": {
        "Diluted EPS": -1.02,
        "Total Revenue": 245,
        "Gross Profit": 232,
        "Operating Income": 20,
        "EBIT": 65,
        "Net Income": -166
    },
    "2020-09-30": {
        "Diluted EPS": -2.37,
        "Total Revenue": 136,
        "Gross Profit": 123,
        "Operating Income": -346,
        "EBIT": -295,
        "Net Income": -381
    },
    "2020-06-30": {
        "Diluted EPS": -3.51,
        "Total Revenue": 186,
        "Gross Profit": 173,
        "Operating Income": -556,
        "EBIT": -491,
        "Net Income": -561
    },
    "2020-03-31": {
        "Diluted EPS": -3.24,
        "Total Revenue": 299,
        "Gross Profit": 285,
        "Operating Income": -480,
        "EBIT": -402,
        "Net Income": -518
    },
    "2019-12-31": {
        "Diluted EPS": -11.3,
        "Total Revenue": 442,
        "Gross Profit": 456,
        "Operating Income": NaN,
        "EBIT": NaN,
        "Net Income": NaN
    },
    "2019-09-30": {
        "Diluted EPS": -3.04,
        "Total Revenue": 342,
        "Gross Profit": 313,
        "Operating Income": -571,
        "EBIT": -408,
        "Net Income": -485
    },
    "2019-06-30": {
        "Diluted EPS": 1.47,
        "Total Revenue": 459,
        "Gross Profit": 429,
        "Operating Income": 218,
        "EBIT": 343,
        "Net Income": 235
    },
    "2019-03-31": {
        "Diluted EPS": 0.38,
        "Total Revenue": 321,
        "Gross Profit": 293,
        "Operating Income": 93,
        "EBIT": 211,
        "Net Income": 62
    },
    "2018-12-31": {
        "Diluted EPS": 0.76,
        "Total Revenue": 613,
        "Gross Profit": 573,
        "Operating Income": 161,
        "EBIT": 287,
        "Net Income": 134
    },
    "2018-09-30": {
        "Diluted EPS": 0.55,
        "Total Revenue": 361,
        "Gross Profit": 329,
        "Operating Income": 114,
        "EBIT": 236,
        "Net Income": 95
    },
    "2018-06-30": {
        "Diluted EPS": 0.64,
        "Total Revenue": 253,
        "Gross Profit": 222,
        "Operating Income": 14,
        "EBIT": 138,
        "Net Income": 111
    },
    "2018-03-31": {
        "Diluted EPS": 0.5,
        "Total Revenue": 325,
        "Gross Profit": 300,
        "Operating Income": 110,
        "EBIT": 224,
        "Net Income": 90
    },
    "2017-12-31": {
        "Diluted EPS": 0.82,
        "Total Revenue": 398,
        "Gross Profit": 371,
        "Operating Income": 180,
        "EBIT": 292,
        "Net Income": 157
    },
    "2017-09-30": {
        "Diluted EPS": 0.1,
        "Total Revenue": 265,
        "Gross Profit": 240,
        "Operating Income": 50,
        "EBIT": 159,
        "Net Income": 18
    },
    "2017-06-30": {
        "Diluted EPS": 0.58,
        "Total Revenue": 324,
        "Gross Profit": 298,
        "Operating Income": 143,
        "EBIT": 227,
        "Net Income": 106
    },
    "2017-03-31": {
        "Diluted EPS": 0.91,
        "Total Revenue": 333,
        "Gross Profit": 310,
        "Operating Income": 182,
        "EBIT": 249,
        "Net Income": 154
    },
    "2016-12-31": {
        "Diluted EPS": -1.84,
        "Total Revenue": 63,
        "Gross Profit": 40,
        "Operating Income": -191,
        "EBIT": -127,
        "Net Income": -240
    },
    "2016-09-30": {
        "Diluted EPS": -1.25,
        "Total Revenue": 194,
        "Gross Profit": 173,
        "Operating Income": -158,
        "EBIT": -95,
        "Net Income": -157
    },
    "2016-06-30": {
        "Diluted EPS": -2.71,
        "Total Revenue": -28,
        "Gross Profit": -46,
        "Operating Income": -323,
        "EBIT": -267,
        "Net Income": -340
    },
    "2016-03-31": {
        "Diluted EPS": -2.17,
        "Total Revenue": 157,
        "Gross Profit": 137,
        "Operating Income": -196,
        "EBIT": -130,
        "Net Income": -242
    },
    "2015-12-31": {
        "Diluted EPS": -8.66,
        "Total Revenue": 190,
        "Gross Profit": 168,
        "Operating Income": -813,
        "EBIT": -726,
        "Net Income": -831
    },
    "2015-09-30": {
        "Diluted EPS": -3.59,
        "Total Revenue": 231,
        "Gross Profit": 209,
        "Operating Income": -529,
        "EBIT": -438,
        "Net Income": -388
    },
    "2015-06-30": {
        "Diluted EPS": -0.32,
        "Total Revenue": 112,
        "Gross Profit": 92,
        "Operating Income": -22,
        "EBIT": 50,
        "Net Income": -31
    },
    "2015-03-31": {
        "Diluted EPS": 0.3,
        "Total Revenue": 176,
        "Gross Profit": 155,
        "Operating Income": 29,
        "EBIT": 119,
        "Net Income": 26
    },
    "2014-12-31": {
        "Diluted EPS": 1.28,
        "Total Revenue": 267,
        "Gross Profit": 246,
        "Operating Income": 129,
        "EBIT": 209,
        "Net Income": 110
    },
    "2014-09-30": {
        "Diluted EPS": 0.08,
        "Total Revenue": 171,
        "Gross Profit": 154,
        "Operating Income": 53,
        "EBIT": 126,
        "Net Income": 7
    },
    "2014-06-30": {
        "Diluted EPS": 0.56,
        "Total Revenue": 115,
        "Gross Profit": 95,
        "Operating Income": 18,
        "EBIT": 75,
        "Net Income": 48
    },
    "2014-03-31": {
        "Diluted EPS": 0.96,
        "Total Revenue": 118,
        "Gross Profit": 99,
        "Operating Income": 25,
        "EBIT": 83,
        "Net Income": 83
    },
    "2013-12-31": {
        "Diluted EPS": 0.28,
        "Total Revenue": 68,
        "Gross Profit": 53,
        "Operating Income": 3,
        "EBIT": 41,
        "Net Income": 24
    },
    "2013-09-30": {
        "Diluted EPS": 0.52,
        "Total Revenue": 69,
        "Gross Profit": 55,
        "Operating Income": 15,
        "EBIT": 46,
        "Net Income": 41
    },
    "2013-06-30": {
        "Diluted EPS": 0.56,
        "Total Revenue": 70,
        "Gross Profit": 58,
        "Operating Income": 22,
        "EBIT": 51,
        "Net Income": 44
    },
    "2013-03-31": {
        "Diluted EPS": 0.61,
        "Total Revenue": 55,
        "Gross Profit": 43,
        "Operating Income": 15,
        "EBIT": 38,
        "Net Income": 45
    },
    "2012-12-31": {
        "Diluted EPS": 0.27,
        "Total Revenue": 57,
        "Gross Profit": 44,
        "Operating Income": 26,
        "EBIT": 47,
        "Net Income": 16
    },
    "2012-09-30": {
        "Diluted EPS": 0.01,
        "Total Revenue": 61,
        "Gross Profit": 47,
        "Operating Income": 18,
        "EBIT": 44,
        "Net Income": 1
    },
    "2012-06-30": {
        "Diluted EPS": 0.45,
        "Total Revenue": 66,
        "Gross Profit": 53,
        "Operating Income": 26,
        "EBIT": 50,
        "Net Income": 25
    },
    "2012-03-31": {
        "Diluted EPS": 0.48,
        "Total Revenue": 65,
        "Gross Profit": 52,
        "Operating Income": 27,
        "EBIT": 49,
        "Net Income": 27
    },
    "2011-12-31": {
        "Diluted EPS": 0.59,
        "Total Revenue": 69,
        "Gross Profit": 56,
        "Operating Income": 32,
        "EBIT": 54,
        "Net Income": 31
    },
    "2011-09-30": {
        "Diluted EPS": 0.57,
        "Total Revenue": 58,
        "Gross Profit": 46,
        "Operating Income": 29,
        "EBIT": 44,
        "Net Income": 29
    },
    "2011-06-30": {
        "Diluted EPS": 0.57,
        "Total Revenue": 56,
        "Gross Profit": 44,
        "Operating Income": 28,
        "EBIT": 42,
        "Net Income": 27
    },
    "2011-03-31": {
        "Diluted EPS": 0.47,
        "Total Revenue": 47,
        "Gross Profit": 36,
        "Operating Income": 22,
        "EBIT": 35,
        "Net Income": 21
    },
    "2010-12-31": {
        "Diluted EPS": 0.32,
        "Total Revenue": 38,
        "Gross Profit": 29,
        "Operating Income": 16,
        "EBIT": 28,
        "Net Income": 14
    },
    "2010-09-30": {
        "Diluted EPS": 0.28,
        "Total Revenue": 33,
        "Gross Profit": 26,
        "Operating Income": 14,
        "EBIT": 24,
        "Net Income": 13
    },
    "2010-06-30": {
        "Diluted EPS": 0.24,
        "Total Revenue": 29,
        "Gross Profit": 21,
        "Operating Income": 11,
        "EBIT": 20,
        "Net Income": 10
    },
    "2010-03-31": {
        "Diluted EPS": 0.23,
        "Total Revenue": 27,
        "Gross Profit": 20,
        "Operating Income": 11,
        "EBIT": 19,
        "Net Income": 10
    },
    "2009-12-31": {
        "Diluted EPS": 0.21,
        "Total Revenue": 26,
        "Gross Profit": 19,
        "Operating Income": 10,
        "EBIT": 18,
        "Net Income": 9
    },
    "2009-09-30": {
        "Diluted EPS": 0.16,
        "Total Revenue": 22,
        "Gross Profit": 16,
        "Operating Income": 7,
        "EBIT": 15,
        "Net Income": 7
    },
    "2009-06-30": {
        "Diluted EPS": 0.12,
        "Total Revenue": 21,
        "Gross Profit": 14,
        "Operating Income": 5,
        "EBIT": 13,
        "Net Income": 5
    },
    "2009-03-31": {
        "Diluted EPS": 0.06,
        "Total Revenue": 18,
        "Gross Profit": 11,
        "Operating Income": 2,
        "EBIT": 10,
        "Net Income": 3
    },
    "2023-09-30": {
        "Tax Effect Of Unusual Items": NaN,
        "Tax Rate For Calcs": NaN,
        "Normalized EBITDA": NaN,
        "Total Unusual Items": NaN,
        "Total Unusual Items Excluding Goodwill": NaN,
        "Net Income From Continuing Operation Net Minority Interest": NaN,
        "Reconciled Depreciation": NaN,
        "Reconciled Cost Of Revenue": NaN,
        "EBITDA": NaN,
        "EBIT": NaN,
        "Net Interest Income": NaN,
        "Interest Expense": NaN,
        "Normalized Income": NaN,
        "Net Income From Continuing And Discontinued Operation": NaN,
        "Total Expenses": NaN,
        "Total Operating Income As Reported": NaN,
        "Diluted Average Shares": NaN,
        "Basic Average Shares": NaN,
        "Diluted EPS": NaN,
        "Basic EPS": NaN,
        "Diluted NI Availto Com Stockholders": NaN,
        "Average Dilution Earnings": NaN,
        "Net Income Common Stockholders": NaN,
        "Otherunder Preferred Stock Dividend": NaN,
        "Preferred Stock Dividends": NaN,
        "Net Income": NaN,
        "Net Income Including Noncontrolling Interests": NaN,
        "Net Income Continuous Operations": NaN,
        "Tax Provision": NaN,
        "Pretax Income": NaN,
        "Other Income Expense": NaN,
        "Other Non Operating Income Expenses": NaN,
        "Special Income Charges": NaN,
        "Other Special Charges": NaN,
        "Impairment Of Capital Assets": 0.0,
        "Restructuring And Mergern Acquisition": NaN,
        "Gain On Sale Of Security": NaN,
        "Net Non Operating Interest Income Expense": NaN,
        "Total Other Finance Cost": NaN,
        "Interest Expense Non Operating": NaN,
        "Operating Income": NaN,
        "Operating Expense": NaN,
        "Other Operating Expenses": NaN,
        "Other Taxes": NaN,
        "Selling General And Administration": NaN,
        "General And Administrative Expense": NaN,
        "Other Gand A": NaN,
        "Gross Profit": NaN,
        "Cost Of Revenue": NaN,
        "Total Revenue": NaN,
        "Operating Revenue": NaN
    },
    "2023-12-31": {
        "Tax Effect Of Unusual Items": NaN,
        "Tax Rate For Calcs": NaN,
        "Normalized EBITDA": NaN,
        "Total Unusual Items": NaN,
        "Total Unusual Items Excluding Goodwill": NaN,
        "Net Income From Continuing Operation Net Minority Interest": NaN,
        "Reconciled Depreciation": NaN,
        "Reconciled Cost Of Revenue": NaN,
        "EBITDA": NaN,
        "EBIT": NaN,
        "Net Interest Income": NaN,
        "Interest Expense": NaN,
        "Normalized Income": NaN,
        "Net Income From Continuing And Discontinued Operation": NaN,
        "Total Expenses": NaN,
        "Total Operating Income As Reported": NaN,
        "Diluted Average Shares": NaN,
        "Basic Average Shares": NaN,
        "Diluted EPS": NaN,
        "Basic EPS": NaN,
        "Diluted NI Availto Com Stockholders": NaN,
        "Average Dilution Earnings": NaN,
        "Net Income Common Stockholders": NaN,
        "Otherunder Preferred Stock Dividend": NaN,
        "Preferred Stock Dividends": NaN,
        "Net Income": NaN,
        "Net Income Including Noncontrolling Interests": NaN,
        "Net Income Continuous Operations": NaN,
        "Tax Provision": NaN,
        "Pretax Income": NaN,
        "Other Income Expense": NaN,
        "Other Non Operating Income Expenses": NaN,
        "Special Income Charges": 0.0,
        "Other Special Charges": NaN,
        "Impairment Of Capital Assets": NaN,
        "Restructuring And Mergern Acquisition": 0.0,
        "Gain On Sale Of Security": NaN,
        "Net Non Operating Interest Income Expense": NaN,
        "Total Other Finance Cost": NaN,
        "Interest Expense Non Operating": NaN,
        "Operating Income": NaN,
        "Operating Expense": NaN,
        "Other Operating Expenses": NaN,
        "Other Taxes": NaN,
        "Selling General And Administration": NaN,
        "General And Administrative Expense": NaN,
        "Other Gand A": NaN,
        "Gross Profit": NaN,
        "Cost Of Revenue": NaN,
        "Total Revenue": NaN,
        "Operating Revenue": NaN
    },
    "2024-03-31": {
        "Tax Effect Of Unusual Items": NaN,
        "Tax Rate For Calcs": NaN,
        "Normalized EBITDA": NaN,
        "Total Unusual Items": NaN,
        "Total Unusual Items Excluding Goodwill": NaN,
        "Net Income From Continuing Operation Net Minority Interest": NaN,
        "Reconciled Depreciation": NaN,
        "Reconciled Cost Of Revenue": NaN,
        "EBITDA": NaN,
        "EBIT": NaN,
        "Net Interest Income": NaN,
        "Interest Expense": NaN,
        "Normalized Income": NaN,
        "Net Income From Continuing And Discontinued Operation": NaN,
        "Total Expenses": NaN,
        "Total Operating Income As Reported": NaN,
        "Diluted Average Shares": NaN,
        "Basic Average Shares": NaN,
        "Diluted EPS": NaN,
        "Basic EPS": NaN,
        "Diluted NI Availto Com Stockholders": NaN,
        "Average Dilution Earnings": NaN,
        "Net Income Common Stockholders": NaN,
        "Otherunder Preferred Stock Dividend": NaN,
        "Preferred Stock Dividends": NaN,
        "Net Income": NaN,
        "Net Income Including Noncontrolling Interests": NaN,
        "Net Income Continuous Operations": NaN,
        "Tax Provision": NaN,
        "Pretax Income": NaN,
        "Other Income Expense": NaN,
        "Other Non Operating Income Expenses": NaN,
        "Special Income Charges": 0.0,
        "Other Special Charges": NaN,
        "Impairment Of Capital Assets": NaN,
        "Restructuring And Mergern Acquisition": 0.0,
        "Gain On Sale Of Security": NaN,
        "Net Non Operating Interest Income Expense": NaN,
        "Total Other Finance Cost": NaN,
        "Interest Expense Non Operating": NaN,
        "Operating Income": NaN,
        "Operating Expense": NaN,
        "Other Operating Expenses": NaN,
        "Other Taxes": NaN,
        "Selling General And Administration": NaN,
        "General And Administrative Expense": NaN,
        "Other Gand A": NaN,
        "Gross Profit": NaN,
        "Cost Of Revenue": NaN,
        "Total Revenue": NaN,
        "Operating Revenue": NaN
    },
    "2024-06-30": {
        "Tax Effect Of Unusual Items": -1964220.0,
        "Tax Rate For Calcs": 0.228,
        "Normalized EBITDA": 66985000.0,
        "Total Unusual Items": -8615000.0,
        "Total Unusual Items Excluding Goodwill": -8615000.0,
        "Net Income From Continuing Operation Net Minority Interest": -26212000.0,
        "Reconciled Depreciation": 78553000.0,
        "Reconciled Cost Of Revenue": 94370000.0,
        "EBITDA": 58370000.0,
        "EBIT": -20183000.0,
        "Net Interest Income": -15158000.0,
        "Interest Expense": 13616000.0,
        "Normalized Income": -19561220.0,
        "Net Income From Continuing And Discontinued Operation": -26212000.0,
        "Total Expenses": 199236000.0,
        "Total Operating Income As Reported": -18119000.0,
        "Diluted Average Shares": 18144000.0,
        "Basic Average Shares": 18144000.0,
        "Diluted EPS": -1.51,
        "Basic EPS": -1.51,
        "Diluted NI Availto Com Stockholders": -27307000.0,
        "Average Dilution Earnings": 0.0,
        "Net Income Common Stockholders": -27307000.0,
        "Otherunder Preferred Stock Dividend": 0.0,
        "Preferred Stock Dividends": 1095000.0,
        "Net Income": -26212000.0,
        "Net Income Including Noncontrolling Interests": -26212000.0,
        "Net Income Continuous Operations": -26212000.0,
        "Tax Provision": -7587000.0,
        "Pretax Income": -33799000.0,
        "Other Income Expense": -9137000.0,
        "Other Non Operating Income Expenses": -522000.0,
        "Special Income Charges": 0.0,
        "Other Special Charges": NaN,
        "Impairment Of Capital Assets": NaN,
        "Restructuring And Mergern Acquisition": 0.0,
        "Gain On Sale Of Security": -8615000.0,
        "Net Non Operating Interest Income Expense": -15158000.0,
        "Total Other Finance Cost": 1542000.0,
        "Interest Expense Non Operating": 13616000.0,
        "Operating Income": -9504000.0,
        "Operating Expense": 104866000.0,
        "Other Operating Expenses": 87096000.0,
        "Other Taxes": 7018000.0,
        "Selling General And Administration": 10752000.0,
        "General And Administrative Expense": 10752000.0,
        "Other Gand A": 10752000.0,
        "Gross Profit": 95362000.0,
        "Cost Of Revenue": 94370000.0,
        "Total Revenue": 189732000.0,
        "Operating Revenue": 189732000.0
    },
    "2024-09-30": {
        "Tax Effect Of Unusual Items": -1272426.797753,
        "Tax Rate For Calcs": 0.215337,
        "Normalized EBITDA": 85784000.0,
        "Total Unusual Items": -5909000.0,
        "Total Unusual Items Excluding Goodwill": -5909000.0,
        "Net Income From Continuing Operation Net Minority Interest": -13967000.0,
        "Reconciled Depreciation": 82825000.0,
        "Reconciled Cost Of Revenue": 101043000.0,
        "EBITDA": 79875000.0,
        "EBIT": -2950000.0,
        "Net Interest Income": -15866000.0,
        "Interest Expense": 14850000.0,
        "Normalized Income": -9330426.797753,
        "Net Income From Continuing And Discontinued Operation": -13967000.0,
        "Total Expenses": 208838000.0,
        "Total Operating Income As Reported": 14587000.0,
        "Diluted Average Shares": 18062000.0,
        "Basic Average Shares": 18062000.0,
        "Diluted EPS": -0.83,
        "Basic EPS": -0.83,
        "Diluted NI Availto Com Stockholders": -15060000.0,
        "Average Dilution Earnings": 0.0,
        "Net Income Common Stockholders": -15060000.0,
        "Otherunder Preferred Stock Dividend": 0.0,
        "Preferred Stock Dividends": 1093000.0,
        "Net Income": -13967000.0,
        "Net Income Including Noncontrolling Interests": -13967000.0,
        "Net Income Continuous Operations": -13967000.0,
        "Tax Provision": -3833000.0,
        "Pretax Income": -17800000.0,
        "Other Income Expense": -9042000.0,
        "Other Non Operating Income Expenses": -3133000.0,
        "Special Income Charges": -43875000.0,
        "Other Special Charges": 13388000.0,
        "Impairment Of Capital Assets": 30487000.0,
        "Restructuring And Mergern Acquisition": NaN,
        "Gain On Sale Of Security": 37966000.0,
        "Net Non Operating Interest Income Expense": -15866000.0,
        "Total Other Finance Cost": 1016000.0,
        "Interest Expense Non Operating": 14850000.0,
        "Operating Income": 7108000.0,
        "Operating Expense": 107795000.0,
        "Other Operating Expenses": 90483000.0,
        "Other Taxes": 6833000.0,
        "Selling General And Administration": 10479000.0,
        "General And Administrative Expense": 10479000.0,
        "Other Gand A": 10479000.0,
        "Gross Profit": 114903000.0,
        "Cost Of Revenue": 101043000.0,
        "Total Revenue": 215946000.0,
        "Operating Revenue": 215946000.0
    },
    "2024-12-31": {
        "Tax Effect Of Unusual Items": -69334679.791556,
        "Tax Rate For Calcs": 0.178842,
        "Normalized EBITDA": 151914000.0,
        "Total Unusual Items": -387687000.0,
        "Total Unusual Items Excluding Goodwill": -387687000.0,
        "Net Income From Continuing Operation Net Minority Interest": -273242000.0,
        "Reconciled Depreciation": 84322000.0,
        "Reconciled Cost Of Revenue": 103591000.0,
        "EBITDA": -235773000.0,
        "EBIT": -320095000.0,
        "Net Interest Income": -13955000.0,
        "Interest Expense": 12657000.0,
        "Normalized Income": 45110320.208444,
        "Net Income From Continuing And Discontinued Operation": -273242000.0,
        "Total Expenses": 212137000.0,
        "Total Operating Income As Reported": -314991000.0,
        "Diluted Average Shares": 17803000.0,
        "Basic Average Shares": 17803000.0,
        "Diluted EPS": -15.4,
        "Basic EPS": -15.4,
        "Diluted NI Availto Com Stockholders": -272940000.0,
        "Average Dilution Earnings": -20000.0,
        "Net Income Common Stockholders": -272920000.0,
        "Otherunder Preferred Stock Dividend": -1259000.0,
        "Preferred Stock Dividends": 937000.0,
        "Net Income": -273242000.0,
        "Net Income Including Noncontrolling Interests": -273242000.0,
        "Net Income Continuous Operations": -273242000.0,
        "Tax Provision": -59510000.0,
        "Pretax Income": -332752000.0,
        "Other Income Expense": -391493000.0,
        "Other Non Operating Income Expenses": -3806000.0,
        "Special Income Charges": -342727000.0,
        "Other Special Charges": 0.0,
        "Impairment Of Capital Assets": 342727000.0,
        "Restructuring And Mergern Acquisition": 0.0,
        "Gain On Sale Of Security": -44960000.0,
        "Net Non Operating Interest Income Expense": -13955000.0,
        "Total Other Finance Cost": 1298000.0,
        "Interest Expense Non Operating": 12657000.0,
        "Operating Income": 72696000.0,
        "Operating Expense": 108546000.0,
        "Other Operating Expenses": 88791000.0,
        "Other Taxes": 7626000.0,
        "Selling General And Administration": 12129000.0,
        "General And Administrative Expense": 12129000.0,
        "Other Gand A": 12129000.0,
        "Gross Profit": 181242000.0,
        "Cost Of Revenue": 103591000.0,
        "Total Revenue": 284833000.0,
        "Operating Revenue": 284833000.0
    },
    "2025-03-31": {
        "Tax Effect Of Unusual Items": -40300700.0,
        "Tax Rate For Calcs": 0.275,
        "Normalized EBITDA": 223268000.0,
        "Total Unusual Items": -146548000.0,
        "Total Unusual Items Excluding Goodwill": -146548000.0,
        "Net Income From Continuing Operation Net Minority Interest": -464000.0,
        "Reconciled Depreciation": 65622000.0,
        "Reconciled Cost Of Revenue": 85905000.0,
        "EBITDA": 76720000.0,
        "EBIT": 11098000.0,
        "Net Interest Income": -13356000.0,
        "Interest Expense": 11738000.0,
        "Normalized Income": 105783300.0,
        "Net Income From Continuing And Discontinued Operation": -464000.0,
        "Total Expenses": 185020000.0,
        "Total Operating Income As Reported": 12014000.0,
        "Diluted Average Shares": 17881000.0,
        "Basic Average Shares": 17881000.0,
        "Diluted EPS": -0.07,
        "Basic EPS": -0.07,
        "Diluted NI Availto Com Stockholders": -1326000.0,
        "Average Dilution Earnings": 0.0,
        "Net Income Common Stockholders": -1326000.0,
        "Otherunder Preferred Stock Dividend": 0.0,
        "Preferred Stock Dividends": 862000.0,
        "Net Income": -464000.0,
        "Net Income Including Noncontrolling Interests": -464000.0,
        "Net Income Continuous Operations": -464000.0,
        "Tax Provision": -176000.0,
        "Pretax Income": -640000.0,
        "Other Income Expense": -145846000.0,
        "Other Non Operating Income Expenses": 702000.0,
        "Special Income Charges": NaN,
        "Other Special Charges": NaN,
        "Impairment Of Capital Assets": NaN,
        "Restructuring And Mergern Acquisition": NaN,
        "Gain On Sale Of Security": -146548000.0,
        "Net Non Operating Interest Income Expense": -13356000.0,
        "Total Other Finance Cost": 1618000.0,
        "Interest Expense Non Operating": 11738000.0,
        "Operating Income": 158562000.0,
        "Operating Expense": 99115000.0,
        "Other Operating Expenses": 83488000.0,
        "Other Taxes": 6626000.0,
        "Selling General And Administration": 9001000.0,
        "General And Administrative Expense": 9001000.0,
        "Other Gand A": 9001000.0,
        "Gross Profit": 257677000.0,
        "Cost Of Revenue": 85905000.0,
        "Total Revenue": 343582000.0,
        "Operating Revenue": 343582000.0
    },
    "2025-06-30": {
        "Tax Effect Of Unusual Items": 29806119.0,
        "Tax Rate For Calcs": 0.219,
        "Normalized EBITDA": 185785000.0,
        "Total Unusual Items": 136101000.0,
        "Total Unusual Items Excluding Goodwill": 136101000.0,
        "Net Income From Continuing Operation Net Minority Interest": 184466000.0,
        "Reconciled Depreciation": 73643000.0,
        "Reconciled Cost Of Revenue": 91271000.0,
        "EBITDA": 321886000.0,
        "EBIT": 248243000.0,
        "Net Interest Income": -13731000.0,
        "Interest Expense": 12107000.0,
        "Normalized Income": 78171119.0,
        "Net Income From Continuing And Discontinued Operation": 184466000.0,
        "Total Expenses": 196848000.0,
        "Total Operating Income As Reported": 250768000.0,
        "Diluted Average Shares": 17907000.0,
        "Basic Average Shares": 17707000.0,
        "Diluted EPS": 9.12,
        "Basic EPS": 9.21,
        "Diluted NI Availto Com Stockholders": 163245000.0,
        "Average Dilution Earnings": 205000.0,
        "Net Income Common Stockholders": 163040000.0,
        "Otherunder Preferred Stock Dividend": 20622000.0,
        "Preferred Stock Dividends": 804000.0,
        "Net Income": 184466000.0,
        "Net Income Including Noncontrolling Interests": 184466000.0,
        "Net Income Continuous Operations": 184466000.0,
        "Tax Provision": 51670000.0,
        "Pretax Income": 236136000.0,
        "Other Income Expense": 135200000.0,
        "Other Non Operating Income Expenses": -901000.0,
        "Special Income Charges": NaN,
        "Other Special Charges": NaN,
        "Impairment Of Capital Assets": NaN,
        "Restructuring And Mergern Acquisition": NaN,
        "Gain On Sale Of Security": 136101000.0,
        "Net Non Operating Interest Income Expense": -13731000.0,
        "Total Other Finance Cost": 1624000.0,
        "Interest Expense Non Operating": 12107000.0,
        "Operating Income": 114667000.0,
        "Operating Expense": 105577000.0,
        "Other Operating Expenses": 87095000.0,
        "Other Taxes": 7556000.0,
        "Selling General And Administration": 10926000.0,
        "General And Administrative Expense": 10926000.0,
        "Other Gand A": 10926000.0,
        "Gross Profit": 220244000.0,
        "Cost Of Revenue": 91271000.0,
        "Total Revenue": 311515000.0,
        "Operating Revenue": 311515000.0
    }
}