{
    "2023-03-31": {
        "Tax Effect Of Unusual Items": NaN,
        "Tax Rate For Calcs": NaN,
        "Normalized EBITDA": NaN,
        "Total Unusual Items": NaN,
        "Total Unusual Items Excluding Goodwill": NaN,
        "Net Income From Continuing Operation Net Minority Interest": NaN,
        "Reconciled Depreciation": NaN,
        "Reconciled Cost Of Revenue": NaN,
        "EBITDA": NaN,
        "EBIT": NaN,
        "Net Interest Income": NaN,
        "Interest Expense": NaN,
        "Normalized Income": NaN,
        "Net Income From Continuing And Discontinued Operation": NaN,
        "Total Expenses": NaN,
        "Total Operating Income As Reported": NaN,
        "Diluted Average Shares": NaN,
        "Basic Average Shares": NaN,
        "Diluted EPS": NaN,
        "Basic EPS": NaN,
        "Diluted NI Availto Com Stockholders": NaN,
        "Average Dilution Earnings": 0.0,
        "Net Income Common Stockholders": NaN,
        "Net Income": NaN,
        "Net Income Including Noncontrolling Interests": NaN,
        "Net Income Continuous Operations": NaN,
        "Tax Provision": NaN,
        "Pretax Income": NaN,
        "Other Income Expense": NaN,
        "Other Non Operating Income Expenses": NaN,
        "Special Income Charges": NaN,
        "Restructuring And Mergern Acquisition": NaN,
        "Net Non Operating Interest Income Expense": NaN,
        "Interest Expense Non Operating": NaN,
        "Operating Income": NaN,
        "Operating Expense": NaN,
        "Research And Development": NaN,
        "Selling General And Administration": NaN,
        "Selling And Marketing Expense": NaN,
        "General And Administrative Expense": NaN,
        "Other Gand A": NaN,
        "Salaries And Wages": NaN,
        "Gross Profit": NaN,
        "Cost Of Revenue": NaN,
        "Total Revenue": NaN,
        "Operating Revenue": NaN
    },
    "2022-12-31": {
        "Tax Effect Of Unusual Items": -1470.0,
        "Tax Rate For Calcs": 0.21,
        "Normalized EBITDA": 5957000.0,
        "Total Unusual Items": -7000.0,
        "Total Unusual Items Excluding Goodwill": -7000.0,
        "Net Income From Continuing Operation Net Minority Interest": 3073000.0,
        "Reconciled Depreciation": 1980000.0,
        "Reconciled Cost Of Revenue": 216718000.0,
        "EBITDA": 5950000.0,
        "EBIT": 3970000.0,
        "Net Interest Income": -1310000.0,
        "Interest Expense": 1310000.0,
        "Normalized Income": 3078530.0,
        "Net Income From Continuing And Discontinued Operation": 3073000.0,
        "Total Expenses": 319307000.0,
        "Total Operating Income As Reported": 1707000.0,
        "Diluted Average Shares": 172124000.0,
        "Basic Average Shares": 155340000.0,
        "Diluted EPS": 0.02,
        "Basic EPS": 0.02,
        "Diluted NI Availto Com Stockholders": 352000.0,
        "Average Dilution Earnings": NaN,
        "Net Income Common Stockholders": 3073000.0,
        "Net Income": 3073000.0,
        "Net Income Including Noncontrolling Interests": 3073000.0,
        "Net Income Continuous Operations": 3073000.0,
        "Tax Provision": -413000.0,
        "Pretax Income": 2660000.0,
        "Other Income Expense": 2256000.0,
        "Other Non Operating Income Expenses": 2263000.0,
        "Special Income Charges": -7000.0,
        "Restructuring And Mergern Acquisition": 7000.0,
        "Net Non Operating Interest Income Expense": -1310000.0,
        "Interest Expense Non Operating": 1310000.0,
        "Operating Income": 1714000.0,
        "Operating Expense": 102589000.0,
        "Research And Development": 36026000.0,
        "Selling General And Administration": 66563000.0,
        "Selling And Marketing Expense": 49072000.0,
        "General And Administrative Expense": 17491000.0,
        "Other Gand A": 12623000.0,
        "Salaries And Wages": 4868000.0,
        "Gross Profit": 104303000.0,
        "Cost Of Revenue": 216718000.0,
        "Total Revenue": 321021000.0,
        "Operating Revenue": 321021000.0
    },
    "2022-09-30": {
        "Tax Effect Of Unusual Items": NaN,
        "Tax Rate For Calcs": NaN,
        "Normalized EBITDA": NaN,
        "Total Unusual Items": NaN,
        "Total Unusual Items Excluding Goodwill": NaN,
        "Net Income From Continuing Operation Net Minority Interest": NaN,
        "Reconciled Depreciation": NaN,
        "Reconciled Cost Of Revenue": NaN,
        "EBITDA": NaN,
        "EBIT": NaN,
        "Net Interest Income": NaN,
        "Interest Expense": NaN,
        "Normalized Income": NaN,
        "Net Income From Continuing And Discontinued Operation": NaN,
        "Total Expenses": NaN,
        "Total Operating Income As Reported": NaN,
        "Diluted Average Shares": NaN,
        "Basic Average Shares": NaN,
        "Diluted EPS": NaN,
        "Basic EPS": NaN,
        "Diluted NI Availto Com Stockholders": NaN,
        "Average Dilution Earnings": 485000.0,
        "Net Income Common Stockholders": NaN,
        "Net Income": NaN,
        "Net Income Including Noncontrolling Interests": NaN,
        "Net Income Continuous Operations": NaN,
        "Tax Provision": NaN,
        "Pretax Income": NaN,
        "Other Income Expense": NaN,
        "Other Non Operating Income Expenses": NaN,
        "Special Income Charges": NaN,
        "Restructuring And Mergern Acquisition": NaN,
        "Net Non Operating Interest Income Expense": NaN,
        "Interest Expense Non Operating": NaN,
        "Operating Income": NaN,
        "Operating Expense": NaN,
        "Research And Development": NaN,
        "Selling General And Administration": NaN,
        "Selling And Marketing Expense": NaN,
        "General And Administrative Expense": NaN,
        "Other Gand A": NaN,
        "Salaries And Wages": NaN,
        "Gross Profit": NaN,
        "Cost Of Revenue": NaN,
        "Total Revenue": NaN,
        "Operating Revenue": NaN
    },
    "2022-06-30": {
        "Tax Effect Of Unusual Items": -3179.916318,
        "Tax Rate For Calcs": 0.041841,
        "Normalized EBITDA": 6496000.0,
        "Total Unusual Items": -76000.0,
        "Total Unusual Items Excluding Goodwill": -76000.0,
        "Net Income From Continuing Operation Net Minority Interest": 2519000.0,
        "Reconciled Depreciation": 2253000.0,
        "Reconciled Cost Of Revenue": 154681000.0,
        "EBITDA": 6420000.0,
        "EBIT": 4167000.0,
        "Net Interest Income": -1538000.0,
        "Interest Expense": 1538000.0,
        "Normalized Income": 2591820.083682,
        "Net Income From Continuing And Discontinued Operation": 2519000.0,
        "Total Expenses": 245954000.0,
        "Total Operating Income As Reported": 4655000.0,
        "Diluted Average Shares": 176860000.0,
        "Basic Average Shares": 156645000.0,
        "Diluted EPS": 0.02,
        "Basic EPS": 0.02,
        "Diluted NI Availto Com Stockholders": 3234000.0,
        "Average Dilution Earnings": 715000.0,
        "Net Income Common Stockholders": 2519000.0,
        "Net Income": 2519000.0,
        "Net Income Including Noncontrolling Interests": 2519000.0,
        "Net Income Continuous Operations": 2519000.0,
        "Tax Provision": 110000.0,
        "Pretax Income": 2629000.0,
        "Other Income Expense": -564000.0,
        "Other Non Operating Income Expenses": -488000.0,
        "Special Income Charges": -76000.0,
        "Restructuring And Mergern Acquisition": 76000.0,
        "Net Non Operating Interest Income Expense": -1538000.0,
        "Interest Expense Non Operating": 1538000.0,
        "Operating Income": 4731000.0,
        "Operating Expense": 91273000.0,
        "Research And Development": 36218000.0,
        "Selling General And Administration": 55055000.0,
        "Selling And Marketing Expense": 37161000.0,
        "General And Administrative Expense": 17894000.0,
        "Other Gand A": 12531000.0,
        "Salaries And Wages": 5363000.0,
        "Gross Profit": 96004000.0,
        "Cost Of Revenue": 154681000.0,
        "Total Revenue": 250685000.0,
        "Operating Revenue": 250685000.0
    },
    "2023-06-30": {
        "Tax Effect Of Unusual Items": NaN,
        "Tax Rate For Calcs": NaN,
        "Normalized EBITDA": NaN,
        "Total Unusual Items": NaN,
        "Total Unusual Items Excluding Goodwill": NaN,
        "Net Income From Continuing Operation Net Minority Interest": NaN,
        "Reconciled Depreciation": NaN,
        "Reconciled Cost Of Revenue": NaN,
        "EBITDA": NaN,
        "EBIT": NaN,
        "Net Interest Income": NaN,
        "Interest Expense": NaN,
        "Normalized Income": NaN,
        "Net Income From Continuing And Discontinued Operation": NaN,
        "Total Expenses": NaN,
        "Total Operating Income As Reported": NaN,
        "Diluted Average Shares": NaN,
        "Basic Average Shares": NaN,
        "Diluted EPS": NaN,
        "Basic EPS": NaN,
        "Diluted NI Availto Com Stockholders": NaN,
        "Average Dilution Earnings": 0.0,
        "Net Income Common Stockholders": NaN,
        "Net Income": NaN,
        "Net Income Including Noncontrolling Interests": NaN,
        "Net Income Continuous Operations": NaN,
        "Tax Provision": NaN,
        "Pretax Income": NaN,
        "Other Income Expense": NaN,
        "Other Non Operating Income Expenses": NaN,
        "Special Income Charges": NaN,
        "Restructuring And Mergern Acquisition": NaN,
        "Net Non Operating Interest Income Expense": NaN,
        "Interest Expense Non Operating": NaN,
        "Operating Income": NaN,
        "Operating Expense": NaN,
        "Research And Development": NaN,
        "Selling General And Administration": NaN,
        "Selling And Marketing Expense": NaN,
        "General And Administrative Expense": NaN,
        "Other Gand A": NaN,
        "Salaries And Wages": NaN,
        "Gross Profit": NaN,
        "Cost Of Revenue": NaN,
        "Total Revenue": NaN,
        "Operating Revenue": NaN
    },
    "2022-03-31": {
        "Diluted EPS": 0.04,
        "Total Revenue": 217,
        "Gross Profit": 90,
        "Operating Income": 8,
        "EBIT": 10,
        "Net Income": 6
    },
    "2021-12-31": {
        "Diluted EPS": 0.32,
        "Total Revenue": 391,
        "Gross Profit": 161,
        "Operating Income": 59,
        "EBIT": 61,
        "Net Income": 53
    },
    "2021-09-30": {
        "Diluted EPS": 1.92,
        "Total Revenue": 317,
        "Gross Profit": 138,
        "Operating Income": 49,
        "EBIT": 51,
        "Net Income": 312
    },
    "2021-06-30": {
        "Diluted EPS": 0.1,
        "Total Revenue": 250,
        "Gross Profit": 99,
        "Operating Income": 10,
        "EBIT": 12,
        "Net Income": 17
    },
    "2021-03-31": {
        "Diluted EPS": -0.07,
        "Total Revenue": 204,
        "Gross Profit": 79,
        "Operating Income": -4,
        "EBIT": 0,
        "Net Income": -10
    },
    "2020-12-31": {
        "Diluted EPS": 0.3,
        "Total Revenue": 358,
        "Gross Profit": 136,
        "Operating Income": 55,
        "EBIT": 59,
        "Net Income": 44
    },
    "2020-09-30": {
        "Diluted EPS": 0.02,
        "Total Revenue": 281,
        "Gross Profit": 99,
        "Operating Income": 9,
        "EBIT": 14,
        "Net Income": 3
    },
    "2020-06-30": {
        "Diluted EPS": -0.34,
        "Total Revenue": 134,
        "Gross Profit": 41,
        "Operating Income": -45,
        "EBIT": -40,
        "Net Income": -51
    },
    "2020-03-31": {
        "Diluted EPS": -0.43,
        "Total Revenue": 119,
        "Gross Profit": 38,
        "Operating Income": -56,
        "EBIT": -50,
        "Net Income": -64
    },
    "2019-12-31": {
        "Diluted EPS": 0.66,
        "Total Revenue": 528,
        "Gross Profit": 202,
        "Operating Income": 96,
        "EBIT": 103,
        "Net Income": 96
    },
    "2019-09-30": {
        "Diluted EPS": -0.51,
        "Total Revenue": 131,
        "Gross Profit": 28,
        "Operating Income": -71,
        "EBIT": -65,
        "Net Income": -75
    },
    "2019-06-30": {
        "Diluted EPS": -0.08,
        "Total Revenue": 292,
        "Gross Profit": 102,
        "Operating Income": -7,
        "EBIT": 0,
        "Net Income": -11
    },
    "2019-03-31": {
        "Diluted EPS": -0.17,
        "Total Revenue": 243,
        "Gross Profit": 80,
        "Operating Income": -20,
        "EBIT": -13,
        "Net Income": -24
    },
    "2018-12-31": {
        "Diluted EPS": 0.23,
        "Total Revenue": 377,
        "Gross Profit": 142,
        "Operating Income": 33,
        "EBIT": 40,
        "Net Income": 32
    },
    "2018-09-30": {
        "Diluted EPS": -0.19,
        "Total Revenue": 286,
        "Gross Profit": 91,
        "Operating Income": -21,
        "EBIT": -12,
        "Net Income": -27
    },
    "2018-06-30": {
        "Diluted EPS": -0.27,
        "Total Revenue": 283,
        "Gross Profit": 83,
        "Operating Income": -31,
        "EBIT": -22,
        "Net Income": -37
    },
    "2018-03-31": {
        "Diluted EPS": -0.55,
        "Total Revenue": 202,
        "Gross Profit": 45,
        "Operating Income": -75,
        "EBIT": -66,
        "Net Income": -76
    },
    "2017-12-31": {
        "Diluted EPS": -0.42,
        "Total Revenue": 335,
        "Gross Profit": 80,
        "Operating Income": -58,
        "EBIT": -49,
        "Net Income": -56
    },
    "2017-09-30": {
        "Diluted EPS": 0.1,
        "Total Revenue": 330,
        "Gross Profit": 131,
        "Operating Income": 8,
        "EBIT": 17,
        "Net Income": 15
    },
    "2017-06-30": {
        "Diluted EPS": -0.22,
        "Total Revenue": 297,
        "Gross Profit": 106,
        "Operating Income": -25,
        "EBIT": -14,
        "Net Income": -31
    },
    "2017-03-31": {
        "Diluted EPS": -0.78,
        "Total Revenue": 219,
        "Gross Profit": 69,
        "Operating Income": -88,
        "EBIT": -77,
        "Net Income": -111
    },
    "2016-12-31": {
        "Diluted EPS": -0.83,
        "Total Revenue": 541,
        "Gross Profit": 212,
        "Operating Income": -27,
        "EBIT": -15,
        "Net Income": -116
    },
    "2016-09-30": {
        "Diluted EPS": -0.74,
        "Total Revenue": 241,
        "Gross Profit": 97,
        "Operating Income": -116,
        "EBIT": -103,
        "Net Income": -104
    },
    "2016-06-30": {
        "Diluted EPS": -0.66,
        "Total Revenue": 221,
        "Gross Profit": 93,
        "Operating Income": -109,
        "EBIT": -100,
        "Net Income": -92
    },
    "2016-03-31": {
        "Diluted EPS": -0.78,
        "Total Revenue": 184,
        "Gross Profit": 60,
        "Operating Income": -121,
        "EBIT": -113,
        "Net Income": -107
    },
    "2015-12-31": {
        "Diluted EPS": -0.23,
        "Total Revenue": 437,
        "Gross Profit": 129,
        "Operating Income": -41,
        "EBIT": -32,
        "Net Income": -34
    },
    "2015-09-30": {
        "Diluted EPS": 0.13,
        "Total Revenue": 400,
        "Gross Profit": 187,
        "Operating Income": 28,
        "EBIT": 35,
        "Net Income": 19
    },
    "2015-06-30": {
        "Diluted EPS": 0.24,
        "Total Revenue": 420,
        "Gross Profit": 194,
        "Operating Income": 46,
        "EBIT": 53,
        "Net Income": 35
    },
    "2015-03-31": {
        "Diluted EPS": 0.11,
        "Total Revenue": 363,
        "Gross Profit": 164,
        "Operating Income": 22,
        "EBIT": 28,
        "Net Income": 17
    },
    "2014-12-31": {
        "Diluted EPS": 0.98,
        "Total Revenue": 634,
        "Gross Profit": 304,
        "Operating Income": 174,
        "EBIT": 179,
        "Net Income": 109
    },
    "2014-09-30": {
        "Diluted EPS": 0.1,
        "Total Revenue": 280,
        "Gross Profit": 124,
        "Operating Income": 13,
        "EBIT": 18,
        "Net Income": 15
    },
    "2014-06-30": {
        "Diluted EPS": -0.24,
        "Total Revenue": 245,
        "Gross Profit": 103,
        "Operating Income": -17,
        "EBIT": -12,
        "Net Income": -20
    },
    "2014-03-31": {
        "Diluted EPS": 0.08,
        "Total Revenue": 236,
        "Gross Profit": 97,
        "Operating Income": 17,
        "EBIT": 20,
        "Net Income": 8
    },
    "2013-12-31": {
        "Diluted EPS": 0.33,
        "Total Revenue": 361,
        "Gross Profit": 152,
        "Operating Income": 71,
        "EBIT": 74,
        "Net Income": 33
    },
    "2013-09-30": {
        "Diluted EPS": -0.01,
        "Total Revenue": 192,
        "Gross Profit": 64,
        "Operating Income": -1,
        "EBIT": 3,
        "Net Income": -1
    },
    "2013-06-30": {
        "Diluted EPS": -0.06,
        "Total Revenue": 177,
        "Gross Profit": 57,
        "Operating Income": -6,
        "EBIT": -3,
        "Net Income": -5
    },
    "2013-03-31": {
        "Diluted EPS": 0.18,
        "Total Revenue": 255,
        "Gross Profit": 89,
        "Operating Income": 35,
        "EBIT": 37,
        "Net Income": 17
    },
    "2012-12-31": {
        "Diluted EPS": 0.0,
        "Total Revenue": NaN,
        "Gross Profit": NaN,
        "Operating Income": NaN,
        "EBIT": NaN,
        "Net Income": NaN
    },
    "2011-12-31": {
        "Diluted EPS": 0.0,
        "Total Revenue": NaN,
        "Gross Profit": NaN,
        "Operating Income": NaN,
        "EBIT": NaN,
        "Net Income": NaN
    },
    "2023-09-30": {
        "Tax Effect Of Unusual Items": NaN,
        "Tax Rate For Calcs": NaN,
        "Normalized EBITDA": NaN,
        "Total Unusual Items": NaN,
        "Total Unusual Items Excluding Goodwill": NaN,
        "Net Income From Continuing Operation Net Minority Interest": NaN,
        "Reconciled Depreciation": NaN,
        "Reconciled Cost Of Revenue": NaN,
        "EBITDA": NaN,
        "EBIT": NaN,
        "Net Interest Income": NaN,
        "Interest Expense": NaN,
        "Normalized Income": NaN,
        "Net Income From Continuing And Discontinued Operation": NaN,
        "Total Expenses": NaN,
        "Total Operating Income As Reported": NaN,
        "Diluted Average Shares": NaN,
        "Basic Average Shares": NaN,
        "Diluted EPS": NaN,
        "Basic EPS": NaN,
        "Diluted NI Availto Com Stockholders": NaN,
        "Average Dilution Earnings": 0.0,
        "Net Income Common Stockholders": NaN,
        "Net Income": NaN,
        "Net Income Including Noncontrolling Interests": NaN,
        "Net Income Continuous Operations": NaN,
        "Tax Provision": NaN,
        "Pretax Income": NaN,
        "Other Income Expense": NaN,
        "Other Non Operating Income Expenses": NaN,
        "Special Income Charges": NaN,
        "Impairment Of Capital Assets": NaN,
        "Restructuring And Mergern Acquisition": NaN,
        "Net Non Operating Interest Income Expense": NaN,
        "Interest Expense Non Operating": NaN,
        "Operating Income": NaN,
        "Operating Expense": NaN,
        "Research And Development": NaN,
        "Selling General And Administration": NaN,
        "Selling And Marketing Expense": NaN,
        "General And Administrative Expense": NaN,
        "Other Gand A": NaN,
        "Salaries And Wages": NaN,
        "Gross Profit": NaN,
        "Cost Of Revenue": NaN,
        "Total Revenue": NaN,
        "Operating Revenue": NaN
    },
    "2023-12-31": {
        "Tax Effect Of Unusual Items": -200340.0,
        "Tax Rate For Calcs": 0.21,
        "Normalized EBITDA": -2057000.0,
        "Total Unusual Items": -954000.0,
        "Total Unusual Items Excluding Goodwill": -954000.0,
        "Net Income From Continuing Operation Net Minority Interest": -2418000.0,
        "Reconciled Depreciation": 1159000.0,
        "Reconciled Cost Of Revenue": 194325000.0,
        "EBITDA": -3011000.0,
        "EBIT": -4170000.0,
        "Net Interest Income": -1236000.0,
        "Interest Expense": 1236000.0,
        "Normalized Income": -1664340.0,
        "Net Income From Continuing And Discontinued Operation": -2418000.0,
        "Total Expenses": 303834000.0,
        "Total Operating Income As Reported": -9368000.0,
        "Diluted Average Shares": 151078000.0,
        "Basic Average Shares": 151078000.0,
        "Diluted EPS": -0.02,
        "Basic EPS": -0.02,
        "Diluted NI Availto Com Stockholders": -2418000.0,
        "Average Dilution Earnings": NaN,
        "Net Income Common Stockholders": -2418000.0,
        "Net Income": -2418000.0,
        "Net Income Including Noncontrolling Interests": -2418000.0,
        "Net Income Continuous Operations": -2418000.0,
        "Tax Provision": -2988000.0,
        "Pretax Income": -5406000.0,
        "Other Income Expense": 4244000.0,
        "Other Non Operating Income Expenses": 5198000.0,
        "Special Income Charges": -954000.0,
        "Restructuring And Mergern Acquisition": 954000.0,
        "Net Non Operating Interest Income Expense": -1236000.0,
        "Interest Expense Non Operating": 1236000.0,
        "Operating Income": -8414000.0,
        "Operating Expense": 109509000.0,
        "Research And Development": 43892000.0,
        "Selling General And Administration": 65617000.0,
        "Selling And Marketing Expense": 48165000.0,
        "General And Administrative Expense": 17452000.0,
        "Other Gand A": 12561000.0,
        "Salaries And Wages": 4891000.0,
        "Gross Profit": 101095000.0,
        "Cost Of Revenue": 194325000.0,
        "Total Revenue": 295420000.0,
        "Operating Revenue": 295420000.0
    },
    "2024-03-31": {
        "Tax Effect Of Unusual Items": -388500.0,
        "Tax Rate For Calcs": 0.21,
        "Normalized EBITDA": -37030000.0,
        "Total Unusual Items": -1850000.0,
        "Total Unusual Items Excluding Goodwill": -1850000.0,
        "Net Income From Continuing Operation Net Minority Interest": -339088000.0,
        "Reconciled Depreciation": 1325000.0,
        "Reconciled Cost Of Revenue": 102431000.0,
        "EBITDA": -38880000.0,
        "EBIT": -40205000.0,
        "Net Interest Income": -674000.0,
        "Interest Expense": 674000.0,
        "Normalized Income": -337626500.0,
        "Net Income From Continuing And Discontinued Operation": -339088000.0,
        "Total Expenses": 195032000.0,
        "Total Operating Income As Reported": -41413000.0,
        "Diluted Average Shares": 151091000.0,
        "Basic Average Shares": 151091000.0,
        "Diluted EPS": -2.24,
        "Basic EPS": -2.24,
        "Diluted NI Availto Com Stockholders": -339088000.0,
        "Net Income Common Stockholders": -339088000.0,
        "Net Income": -339088000.0,
        "Net Income Including Noncontrolling Interests": -339088000.0,
        "Net Income Continuous Operations": -339088000.0,
        "Tax Provision": 298209000.0,
        "Pretax Income": -40879000.0,
        "Other Income Expense": -642000.0,
        "Other Non Operating Income Expenses": 1208000.0,
        "Special Income Charges": -1850000.0,
        "Impairment Of Capital Assets": 0.0,
        "Restructuring And Mergern Acquisition": 1850000.0,
        "Net Non Operating Interest Income Expense": -674000.0,
        "Interest Expense Non Operating": 674000.0,
        "Operating Income": -39563000.0,
        "Operating Expense": 92601000.0,
        "Research And Development": 44612000.0,
        "Selling General And Administration": 47989000.0,
        "Selling And Marketing Expense": 32852000.0,
        "General And Administrative Expense": 15137000.0,
        "Other Gand A": 11047000.0,
        "Salaries And Wages": 4090000.0,
        "Gross Profit": 53038000.0,
        "Cost Of Revenue": 102431000.0,
        "Total Revenue": 155469000.0,
        "Operating Revenue": 155469000.0
    },
    "2024-06-30": {
        "Tax Effect Of Unusual Items": -300510.0,
        "Tax Rate For Calcs": 0.21,
        "Normalized EBITDA": -42708000.0,
        "Total Unusual Items": -1431000.0,
        "Total Unusual Items Excluding Goodwill": -1431000.0,
        "Net Income From Continuing Operation Net Minority Interest": -47821000.0,
        "Reconciled Depreciation": 1559000.0,
        "Reconciled Cost Of Revenue": 129514000.0,
        "EBITDA": -44139000.0,
        "EBIT": -45698000.0,
        "Net Interest Income": -790000.0,
        "Interest Expense": 790000.0,
        "Normalized Income": -46690510.0,
        "Net Income From Continuing And Discontinued Operation": -47821000.0,
        "Total Expenses": 231302000.0,
        "Total Operating Income As Reported": -46509000.0,
        "Diluted Average Shares": 152502000.0,
        "Basic Average Shares": 152502000.0,
        "Diluted EPS": -0.31,
        "Basic EPS": -0.31,
        "Diluted NI Availto Com Stockholders": -47821000.0,
        "Net Income Common Stockholders": -47821000.0,
        "Net Income": -47821000.0,
        "Net Income Including Noncontrolling Interests": -47821000.0,
        "Net Income Continuous Operations": -47821000.0,
        "Tax Provision": 1333000.0,
        "Pretax Income": -46488000.0,
        "Other Income Expense": -620000.0,
        "Other Non Operating Income Expenses": 811000.0,
        "Special Income Charges": -1431000.0,
        "Impairment Of Capital Assets": NaN,
        "Restructuring And Mergern Acquisition": 1431000.0,
        "Net Non Operating Interest Income Expense": -790000.0,
        "Interest Expense Non Operating": 790000.0,
        "Operating Income": -45078000.0,
        "Operating Expense": 101788000.0,
        "Research And Development": 46932000.0,
        "Selling General And Administration": 54856000.0,
        "Selling And Marketing Expense": 38888000.0,
        "General And Administrative Expense": 15968000.0,
        "Other Gand A": 12532000.0,
        "Salaries And Wages": 3436000.0,
        "Gross Profit": 56710000.0,
        "Cost Of Revenue": 129514000.0,
        "Total Revenue": 186224000.0,
        "Operating Revenue": 186224000.0
    },
    "2024-09-30": {
        "Tax Effect Of Unusual Items": -117390.0,
        "Tax Rate For Calcs": 0.21,
        "Normalized EBITDA": -2934000.0,
        "Total Unusual Items": -559000.0,
        "Total Unusual Items Excluding Goodwill": -559000.0,
        "Net Income From Continuing Operation Net Minority Interest": -8211000.0,
        "Reconciled Depreciation": 1827000.0,
        "Reconciled Cost Of Revenue": 167052000.0,
        "EBITDA": -3493000.0,
        "EBIT": -5320000.0,
        "Net Interest Income": -808000.0,
        "Interest Expense": 808000.0,
        "Normalized Income": -7769390.0,
        "Net Income From Continuing And Discontinued Operation": -8211000.0,
        "Total Expenses": 266350000.0,
        "Total Operating Income As Reported": -8011000.0,
        "Diluted Average Shares": 153741000.0,
        "Basic Average Shares": 153741000.0,
        "Diluted EPS": -0.05,
        "Basic EPS": -0.05,
        "Diluted NI Availto Com Stockholders": -8211000.0,
        "Net Income Common Stockholders": -8211000.0,
        "Net Income": -8211000.0,
        "Net Income Including Noncontrolling Interests": -8211000.0,
        "Net Income Continuous Operations": -8211000.0,
        "Tax Provision": 2083000.0,
        "Pretax Income": -6128000.0,
        "Other Income Expense": 2132000.0,
        "Other Non Operating Income Expenses": 2691000.0,
        "Special Income Charges": -559000.0,
        "Impairment Of Capital Assets": NaN,
        "Restructuring And Mergern Acquisition": 559000.0,
        "Net Non Operating Interest Income Expense": -808000.0,
        "Interest Expense Non Operating": 808000.0,
        "Operating Income": -7452000.0,
        "Operating Expense": 99298000.0,
        "Research And Development": 44328000.0,
        "Selling General And Administration": 54970000.0,
        "Selling And Marketing Expense": 38686000.0,
        "General And Administrative Expense": 16284000.0,
        "Other Gand A": 12930000.0,
        "Salaries And Wages": 3354000.0,
        "Gross Profit": 91846000.0,
        "Cost Of Revenue": 167052000.0,
        "Total Revenue": 258898000.0,
        "Operating Revenue": 258898000.0
    },
    "2024-12-31": {
        "Tax Effect Of Unusual Items": -244038.566449,
        "Tax Rate For Calcs": 0.060691,
        "Normalized EBITDA": -32736000.0,
        "Total Unusual Items": -4021000.0,
        "Total Unusual Items Excluding Goodwill": -4021000.0,
        "Net Income From Continuing Operation Net Minority Interest": -37191000.0,
        "Reconciled Depreciation": 1780000.0,
        "Reconciled Cost Of Revenue": 131181000.0,
        "EBITDA": -36757000.0,
        "EBIT": -38537000.0,
        "Net Interest Income": -1057000.0,
        "Interest Expense": 1057000.0,
        "Normalized Income": -33414038.566449,
        "Net Income From Continuing And Discontinued Operation": -37191000.0,
        "Total Expenses": 235961000.0,
        "Total Operating Income As Reported": -39100000.0,
        "Diluted Average Shares": 155091000.0,
        "Basic Average Shares": 155091000.0,
        "Diluted EPS": -0.24,
        "Basic EPS": -0.24,
        "Diluted NI Availto Com Stockholders": -37191000.0,
        "Net Income Common Stockholders": -37191000.0,
        "Net Income": -37191000.0,
        "Net Income Including Noncontrolling Interests": -37191000.0,
        "Net Income Continuous Operations": -37191000.0,
        "Tax Provision": -2403000.0,
        "Pretax Income": -39594000.0,
        "Other Income Expense": -3458000.0,
        "Other Non Operating Income Expenses": 563000.0,
        "Special Income Charges": -4021000.0,
        "Impairment Of Capital Assets": NaN,
        "Restructuring And Mergern Acquisition": 4021000.0,
        "Net Non Operating Interest Income Expense": -1057000.0,
        "Interest Expense Non Operating": 1057000.0,
        "Operating Income": -35079000.0,
        "Operating Expense": 104780000.0,
        "Research And Development": 50025000.0,
        "Selling General And Administration": 54755000.0,
        "Selling And Marketing Expense": 39095000.0,
        "General And Administrative Expense": 15660000.0,
        "Other Gand A": 13162000.0,
        "Salaries And Wages": 2498000.0,
        "Gross Profit": 69701000.0,
        "Cost Of Revenue": 131181000.0,
        "Total Revenue": 200882000.0,
        "Operating Revenue": 200882000.0
    },
    "2025-03-31": {
        "Tax Effect Of Unusual Items": -4256490.0,
        "Tax Rate For Calcs": 0.21,
        "Normalized EBITDA": -22273000.0,
        "Total Unusual Items": -20269000.0,
        "Total Unusual Items Excluding Goodwill": -20269000.0,
        "Net Income From Continuing Operation Net Minority Interest": -46709000.0,
        "Reconciled Depreciation": 1718000.0,
        "Reconciled Cost Of Revenue": 91159000.0,
        "EBITDA": -42542000.0,
        "EBIT": -44260000.0,
        "Net Interest Income": -797000.0,
        "Interest Expense": 797000.0,
        "Normalized Income": -30696490.0,
        "Net Income From Continuing And Discontinued Operation": -46709000.0,
        "Total Expenses": 159247000.0,
        "Total Operating Income As Reported": -45208000.0,
        "Diluted Average Shares": 156438000.0,
        "Basic Average Shares": 156438000.0,
        "Diluted EPS": -0.3,
        "Basic EPS": -0.3,
        "Diluted NI Availto Com Stockholders": -46709000.0,
        "Net Income Common Stockholders": -46709000.0,
        "Net Income": -46709000.0,
        "Net Income Including Noncontrolling Interests": -46709000.0,
        "Net Income Continuous Operations": -46709000.0,
        "Tax Provision": 1652000.0,
        "Pretax Income": -45057000.0,
        "Other Income Expense": -19321000.0,
        "Other Non Operating Income Expenses": 948000.0,
        "Special Income Charges": -20269000.0,
        "Impairment Of Capital Assets": 18600000.0,
        "Restructuring And Mergern Acquisition": 1669000.0,
        "Net Non Operating Interest Income Expense": -797000.0,
        "Interest Expense Non Operating": 797000.0,
        "Operating Income": -24939000.0,
        "Operating Expense": 68088000.0,
        "Research And Development": 29557000.0,
        "Selling General And Administration": 38531000.0,
        "Selling And Marketing Expense": 21899000.0,
        "General And Administrative Expense": 16632000.0,
        "Other Gand A": 14330000.0,
        "Salaries And Wages": 2302000.0,
        "Gross Profit": 43149000.0,
        "Cost Of Revenue": 91159000.0,
        "Total Revenue": 134308000.0,
        "Operating Revenue": 134308000.0
    }
}