{
    "2023-03-31": {
        "Tax Effect Of Unusual Items": NaN,
        "Tax Rate For Calcs": NaN,
        "Normalized EBITDA": NaN,
        "Net Income From Continuing Operation Net Minority Interest": NaN,
        "Reconciled Depreciation": NaN,
        "Reconciled Cost Of Revenue": NaN,
        "EBITDA": NaN,
        "EBIT": NaN,
        "Normalized Income": NaN,
        "Net Income From Continuing And Discontinued Operation": NaN,
        "Total Expenses": NaN,
        "Diluted Average Shares": 46351000.0,
        "Basic Average Shares": 45945000.0,
        "Diluted EPS": 1.37,
        "Basic EPS": 1.38,
        "Diluted NI Availto Com Stockholders": NaN,
        "Net Income Common Stockholders": NaN,
        "Preferred Stock Dividends": 719000.0,
        "Net Income": NaN,
        "Minority Interests": NaN,
        "Net Income Including Noncontrolling Interests": NaN,
        "Net Income Continuous Operations": NaN,
        "Tax Provision": NaN,
        "Pretax Income": NaN,
        "Other Income Expense": NaN,
        "Other Non Operating Income Expenses": NaN,
        "Earnings From Equity Interest": NaN,
        "Operating Income": NaN,
        "Operating Expense": NaN,
        "Research And Development": 109000.0,
        "Selling General And Administration": NaN,
        "General And Administrative Expense": 45836000.0,
        "Other Gand A": 45836000.0,
        "Gross Profit": NaN,
        "Cost Of Revenue": NaN,
        "Total Revenue": NaN,
        "Operating Revenue": NaN
    },
    "2022-12-31": {
        "Tax Effect Of Unusual Items": NaN,
        "Tax Rate For Calcs": NaN,
        "Normalized EBITDA": NaN,
        "Net Income From Continuing Operation Net Minority Interest": NaN,
        "Reconciled Depreciation": NaN,
        "Reconciled Cost Of Revenue": NaN,
        "EBITDA": NaN,
        "EBIT": NaN,
        "Normalized Income": NaN,
        "Net Income From Continuing And Discontinued Operation": NaN,
        "Total Expenses": NaN,
        "Diluted Average Shares": 46332000.0,
        "Basic Average Shares": 45994000.0,
        "Diluted EPS": 1.18,
        "Basic EPS": 1.19,
        "Diluted NI Availto Com Stockholders": NaN,
        "Net Income Common Stockholders": NaN,
        "Preferred Stock Dividends": NaN,
        "Net Income": NaN,
        "Minority Interests": NaN,
        "Net Income Including Noncontrolling Interests": NaN,
        "Net Income Continuous Operations": NaN,
        "Tax Provision": NaN,
        "Pretax Income": NaN,
        "Other Income Expense": NaN,
        "Other Non Operating Income Expenses": NaN,
        "Earnings From Equity Interest": NaN,
        "Operating Income": NaN,
        "Operating Expense": NaN,
        "Research And Development": NaN,
        "Selling General And Administration": NaN,
        "General And Administrative Expense": NaN,
        "Other Gand A": NaN,
        "Gross Profit": NaN,
        "Cost Of Revenue": NaN,
        "Total Revenue": NaN,
        "Operating Revenue": NaN
    },
    "2022-09-30": {
        "Tax Effect Of Unusual Items": NaN,
        "Tax Rate For Calcs": NaN,
        "Normalized EBITDA": NaN,
        "Net Income From Continuing Operation Net Minority Interest": NaN,
        "Reconciled Depreciation": NaN,
        "Reconciled Cost Of Revenue": NaN,
        "EBITDA": NaN,
        "EBIT": NaN,
        "Normalized Income": NaN,
        "Net Income From Continuing And Discontinued Operation": NaN,
        "Total Expenses": NaN,
        "Diluted Average Shares": NaN,
        "Basic Average Shares": NaN,
        "Diluted EPS": NaN,
        "Basic EPS": NaN,
        "Diluted NI Availto Com Stockholders": NaN,
        "Net Income Common Stockholders": NaN,
        "Preferred Stock Dividends": NaN,
        "Net Income": NaN,
        "Minority Interests": NaN,
        "Net Income Including Noncontrolling Interests": NaN,
        "Net Income Continuous Operations": NaN,
        "Tax Provision": NaN,
        "Pretax Income": NaN,
        "Other Income Expense": NaN,
        "Other Non Operating Income Expenses": NaN,
        "Earnings From Equity Interest": NaN,
        "Operating Income": NaN,
        "Operating Expense": NaN,
        "Research And Development": 163000.0,
        "Selling General And Administration": NaN,
        "General And Administrative Expense": 43088000.0,
        "Other Gand A": 43088000.0,
        "Gross Profit": NaN,
        "Cost Of Revenue": NaN,
        "Total Revenue": NaN,
        "Operating Revenue": NaN
    },
    "2022-06-30": {
        "Tax Effect Of Unusual Items": 0.0,
        "Tax Rate For Calcs": 0.219,
        "Normalized EBITDA": 127598000.0,
        "Net Income From Continuing Operation Net Minority Interest": 101256000.0,
        "Reconciled Depreciation": 500000.0,
        "Reconciled Cost Of Revenue": 356248000.0,
        "EBITDA": 127598000.0,
        "EBIT": 127098000.0,
        "Normalized Income": 101256000.0,
        "Net Income From Continuing And Discontinued Operation": 101256000.0,
        "Total Expenses": 398046000.0,
        "Diluted Average Shares": 48384000.0,
        "Basic Average Shares": 48046000.0,
        "Diluted EPS": 2.08,
        "Basic EPS": 2.09,
        "Diluted NI Availto Com Stockholders": 100537000.0,
        "Net Income Common Stockholders": 100537000.0,
        "Preferred Stock Dividends": 719000.0,
        "Net Income": 101256000.0,
        "Minority Interests": -6748000.0,
        "Net Income Including Noncontrolling Interests": 108004000.0,
        "Net Income Continuous Operations": 108004000.0,
        "Tax Provision": 30278000.0,
        "Pretax Income": 138282000.0,
        "Other Income Expense": 11184000.0,
        "Other Non Operating Income Expenses": 2661000.0,
        "Earnings From Equity Interest": 8523000.0,
        "Operating Income": 127098000.0,
        "Operating Expense": 41798000.0,
        "Research And Development": NaN,
        "Selling General And Administration": 41798000.0,
        "Gross Profit": 168896000.0,
        "Cost Of Revenue": 356248000.0,
        "Total Revenue": 525144000.0,
        "Operating Revenue": 525144000.0
    },
    "2023-06-30": {
        "Tax Effect Of Unusual Items": NaN,
        "Tax Rate For Calcs": NaN,
        "Normalized EBITDA": NaN,
        "Net Income From Continuing Operation Net Minority Interest": NaN,
        "Reconciled Depreciation": NaN,
        "Reconciled Cost Of Revenue": NaN,
        "EBITDA": NaN,
        "EBIT": NaN,
        "Normalized Income": NaN,
        "Net Income From Continuing And Discontinued Operation": NaN,
        "Total Expenses": NaN,
        "Diluted Average Shares": NaN,
        "Basic Average Shares": NaN,
        "Diluted EPS": NaN,
        "Basic EPS": NaN,
        "Diluted NI Availto Com Stockholders": NaN,
        "Net Income Common Stockholders": NaN,
        "Preferred Stock Dividends": NaN,
        "Net Income": NaN,
        "Minority Interests": NaN,
        "Net Income Including Noncontrolling Interests": NaN,
        "Net Income Continuous Operations": NaN,
        "Tax Provision": NaN,
        "Pretax Income": NaN,
        "Other Income Expense": NaN,
        "Other Non Operating Income Expenses": NaN,
        "Earnings From Equity Interest": NaN,
        "Operating Income": NaN,
        "Operating Expense": NaN,
        "Research And Development": 90000.0,
        "Selling General And Administration": NaN,
        "General And Administrative Expense": 49139000.0,
        "Other Gand A": 49139000.0,
        "Gross Profit": NaN,
        "Cost Of Revenue": NaN,
        "Total Revenue": NaN,
        "Operating Revenue": NaN
    },
    "2022-03-31": {
        "Diluted EPS": 1.2,
        "Total Revenue": 394,
        "Gross Profit": 108,
        "Operating Income": 74,
        "EBIT": 75,
        "Net Income": 61
    },
    "2021-12-31": {
        "Diluted EPS": 1.24,
        "Total Revenue": 452,
        "Gross Profit": 111,
        "Operating Income": 74,
        "EBIT": 74,
        "Net Income": 63
    },
    "2021-09-30": {
        "Diluted EPS": 0.95,
        "Total Revenue": 342,
        "Gross Profit": 91,
        "Operating Income": 58,
        "EBIT": 58,
        "Net Income": 49
    },
    "2021-06-30": {
        "Diluted EPS": 1.02,
        "Total Revenue": 374,
        "Gross Profit": 101,
        "Operating Income": 67,
        "EBIT": 68,
        "Net Income": 52
    },
    "2021-03-31": {
        "Diluted EPS": 0.51,
        "Total Revenue": 234,
        "Gross Profit": 59,
        "Operating Income": 30,
        "EBIT": 30,
        "Net Income": 26
    },
    "2020-12-31": {
        "Diluted EPS": 0.59,
        "Total Revenue": 254,
        "Gross Profit": 64,
        "Operating Income": 33,
        "EBIT": 34,
        "Net Income": 29
    },
    "2020-09-30": {
        "Diluted EPS": 0.68,
        "Total Revenue": 276,
        "Gross Profit": 68,
        "Operating Income": 38,
        "EBIT": 39,
        "Net Income": 35
    },
    "2020-06-30": {
        "Diluted EPS": 0.66,
        "Total Revenue": 233,
        "Gross Profit": 54,
        "Operating Income": 28,
        "EBIT": 29,
        "Net Income": 34
    },
    "2020-03-31": {
        "Diluted EPS": 0.31,
        "Total Revenue": 213,
        "Gross Profit": 49,
        "Operating Income": 22,
        "EBIT": 23,
        "Net Income": 16
    },
    "2019-12-31": {
        "Diluted EPS": 0.31,
        "Total Revenue": 230,
        "Gross Profit": 49,
        "Operating Income": 18,
        "EBIT": 19,
        "Net Income": 16
    },
    "2019-09-30": {
        "Diluted EPS": 0.31,
        "Total Revenue": 209,
        "Gross Profit": 45,
        "Operating Income": 18,
        "EBIT": 19,
        "Net Income": 16
    },
    "2019-06-30": {
        "Diluted EPS": 0.29,
        "Total Revenue": 184,
        "Gross Profit": 40,
        "Operating Income": 18,
        "EBIT": 19,
        "Net Income": 14
    },
    "2019-03-31": {
        "Diluted EPS": 0.25,
        "Total Revenue": 169,
        "Gross Profit": 35,
        "Operating Income": 12,
        "EBIT": 13,
        "Net Income": 13
    },
    "2018-12-31": {
        "Diluted EPS": 0.27,
        "Total Revenue": 185,
        "Gross Profit": 44,
        "Operating Income": 20,
        "EBIT": 21,
        "Net Income": 13
    },
    "2018-09-30": {
        "Diluted EPS": 0.24,
        "Total Revenue": 152,
        "Gross Profit": 37,
        "Operating Income": 17,
        "EBIT": 18,
        "Net Income": 12
    },
    "2018-06-30": {
        "Diluted EPS": 0.29,
        "Total Revenue": 157,
        "Gross Profit": 41,
        "Operating Income": 21,
        "EBIT": 22,
        "Net Income": 15
    },
    "2018-03-31": {
        "Diluted EPS": 0.22,
        "Total Revenue": 129,
        "Gross Profit": 33,
        "Operating Income": 15,
        "EBIT": 15,
        "Net Income": 11
    },
    "2017-12-31": {
        "Diluted EPS": -0.18,
        "Total Revenue": 140,
        "Gross Profit": 49,
        "Operating Income": 19,
        "EBIT": 19,
        "Net Income": -8
    },
    "2017-09-30": {
        "Diluted EPS": 0.19,
        "Total Revenue": 114,
        "Gross Profit": 25,
        "Operating Income": 16,
        "EBIT": 16,
        "Net Income": 9
    },
    "2017-06-30": {
        "Diluted EPS": 0.16,
        "Total Revenue": 105,
        "Gross Profit": 23,
        "Operating Income": 13,
        "EBIT": 14,
        "Net Income": 8
    },
    "2017-03-31": {
        "Diluted EPS": 0.13,
        "Total Revenue": 99,
        "Gross Profit": 21,
        "Operating Income": 12,
        "EBIT": 12,
        "Net Income": 6
    },
    "2016-12-31": {
        "Diluted EPS": 0.16,
        "Total Revenue": 130,
        "Gross Profit": 31,
        "Operating Income": 20,
        "EBIT": 20,
        "Net Income": 8
    },
    "2016-09-30": {
        "Diluted EPS": 0.13,
        "Total Revenue": 92,
        "Gross Profit": 21,
        "Operating Income": 11,
        "EBIT": 11,
        "Net Income": 6
    },
    "2016-06-30": {
        "Diluted EPS": 0.14,
        "Total Revenue": 99,
        "Gross Profit": 22,
        "Operating Income": 12,
        "EBIT": 12,
        "Net Income": 7
    },
    "2016-03-31": {
        "Diluted EPS": 0.06,
        "Total Revenue": 70,
        "Gross Profit": 14,
        "Operating Income": 5,
        "EBIT": 5,
        "Net Income": 3
    },
    "2015-12-31": {
        "Diluted EPS": 0.07,
        "Total Revenue": 86,
        "Gross Profit": 13,
        "Operating Income": 7,
        "EBIT": 7,
        "Net Income": 5
    },
    "2015-09-30": {
        "Diluted EPS": 0.06,
        "Total Revenue": 75,
        "Gross Profit": 16,
        "Operating Income": 7,
        "EBIT": 8,
        "Net Income": 3
    },
    "2015-06-30": {
        "Diluted EPS": 0.12,
        "Total Revenue": 72,
        "Gross Profit": 17,
        "Operating Income": 9,
        "EBIT": 9,
        "Net Income": 4
    },
    "2015-03-31": {
        "Diluted EPS": 0.13,
        "Total Revenue": 58,
        "Gross Profit": 16,
        "Operating Income": 8,
        "EBIT": 8,
        "Net Income": 4
    },
    "2014-12-31": {
        "Diluted EPS": 1.74,
        "Total Revenue": 68,
        "Gross Profit": 11,
        "Operating Income": 9,
        "EBIT": 9,
        "Net Income": 32
    },
    "2014-09-30": {
        "Diluted EPS": 0.33,
        "Total Revenue": 50,
        "Gross Profit": 15,
        "Operating Income": 6,
        "EBIT": 6,
        "Net Income": 4
    },
    "2014-06-30": {
        "Diluted EPS": 0.67,
        "Total Revenue": 66,
        "Gross Profit": 16,
        "Operating Income": 11,
        "EBIT": 11,
        "Net Income": 7
    },
    "2014-03-31": {
        "Diluted EPS": 0.66,
        "Total Revenue": 63,
        "Gross Profit": 16,
        "Operating Income": 10,
        "EBIT": 10,
        "Net Income": 7
    },
    "2013-12-31": {
        "Diluted EPS": 5.36,
        "Total Revenue": NaN,
        "Gross Profit": NaN,
        "Operating Income": -159,
        "EBIT": -180,
        "Net Income": 45
    },
    "2013-09-30": {
        "Diluted EPS": -0.84,
        "Total Revenue": NaN,
        "Gross Profit": NaN,
        "Operating Income": -1,
        "EBIT": 6,
        "Net Income": -4
    },
    "2013-06-30": {
        "Diluted EPS": -0.77,
        "Total Revenue": NaN,
        "Gross Profit": NaN,
        "Operating Income": -1,
        "EBIT": 6,
        "Net Income": -4
    },
    "2013-03-31": {
        "Diluted EPS": -0.87,
        "Total Revenue": NaN,
        "Gross Profit": NaN,
        "Operating Income": -1,
        "EBIT": 6,
        "Net Income": -5
    },
    "2012-12-31": {
        "Diluted EPS": 7.31,
        "Total Revenue": -305,
        "Gross Profit": 41,
        "Operating Income": 40,
        "EBIT": 19,
        "Net Income": 47
    },
    "2012-09-30": {
        "Diluted EPS": -1.88,
        "Total Revenue": 116,
        "Gross Profit": -8,
        "Operating Income": -10,
        "EBIT": -3,
        "Net Income": -10
    },
    "2012-06-30": {
        "Diluted EPS": -2.05,
        "Total Revenue": 123,
        "Gross Profit": -8,
        "Operating Income": -11,
        "EBIT": -4,
        "Net Income": -11
    },
    "2012-03-31": {
        "Diluted EPS": -1.83,
        "Total Revenue": 139,
        "Gross Profit": -7,
        "Operating Income": -9,
        "EBIT": -2,
        "Net Income": -9
    },
    "2011-12-31": {
        "Diluted EPS": 1.38,
        "Total Revenue": 164,
        "Gross Profit": 9,
        "Operating Income": 6,
        "EBIT": 13,
        "Net Income": 4
    },
    "2011-09-30": {
        "Diluted EPS": 0.36,
        "Total Revenue": 163,
        "Gross Profit": 7,
        "Operating Income": 5,
        "EBIT": 12,
        "Net Income": 2
    },
    "2011-06-30": {
        "Diluted EPS": -1.38,
        "Total Revenue": 169,
        "Gross Profit": -4,
        "Operating Income": -6,
        "EBIT": 1,
        "Net Income": -7
    },
    "2011-03-31": {
        "Diluted EPS": -2.2,
        "Total Revenue": 158,
        "Gross Profit": -2,
        "Operating Income": -5,
        "EBIT": 4,
        "Net Income": -8
    },
    "2010-12-31": {
        "Diluted EPS": -1.0,
        "Total Revenue": 141,
        "Gross Profit": 5,
        "Operating Income": 2,
        "EBIT": 10,
        "Net Income": -1
    },
    "2010-09-30": {
        "Diluted EPS": -1.0,
        "Total Revenue": 115,
        "Gross Profit": 5,
        "Operating Income": 1,
        "EBIT": 8,
        "Net Income": -1
    },
    "2010-06-30": {
        "Diluted EPS": -7.4,
        "Total Revenue": 96,
        "Gross Profit": -6,
        "Operating Income": -9,
        "EBIT": -2,
        "Net Income": -9
    },
    "2010-03-31": {
        "Diluted EPS": -6.4,
        "Total Revenue": 101,
        "Gross Profit": -5,
        "Operating Income": -8,
        "EBIT": -1,
        "Net Income": -8
    },
    "2009-12-31": {
        "Diluted EPS": 6.2,
        "Total Revenue": 120,
        "Gross Profit": 15,
        "Operating Income": 12,
        "EBIT": 19,
        "Net Income": 7
    },
    "2009-09-30": {
        "Diluted EPS": -5.2,
        "Total Revenue": 91,
        "Gross Profit": 2,
        "Operating Income": -4,
        "EBIT": 3,
        "Net Income": -6
    },
    "2009-06-30": {
        "Diluted EPS": -5.6,
        "Total Revenue": 106,
        "Gross Profit": -1,
        "Operating Income": -5,
        "EBIT": 2,
        "Net Income": -7
    },
    "2009-03-31": {
        "Diluted EPS": -6.8,
        "Total Revenue": 97,
        "Gross Profit": -5,
        "Operating Income": -8,
        "EBIT": -1,
        "Net Income": -8
    },
    "2023-09-30": {
        "Tax Effect Of Unusual Items": NaN,
        "Tax Rate For Calcs": NaN,
        "Normalized EBITDA": NaN,
        "Net Income From Continuing Operation Net Minority Interest": NaN,
        "Reconciled Depreciation": NaN,
        "Reconciled Cost Of Revenue": NaN,
        "EBITDA": NaN,
        "EBIT": NaN,
        "Normalized Income": NaN,
        "Net Income From Continuing And Discontinued Operation": NaN,
        "Total Expenses": NaN,
        "Diluted Average Shares": NaN,
        "Basic Average Shares": NaN,
        "Diluted EPS": NaN,
        "Basic EPS": NaN,
        "Diluted NI Availto Com Stockholders": NaN,
        "Net Income Common Stockholders": NaN,
        "Preferred Stock Dividends": NaN,
        "Net Income": NaN,
        "Minority Interests": NaN,
        "Net Income Including Noncontrolling Interests": NaN,
        "Net Income Continuous Operations": NaN,
        "Tax Provision": NaN,
        "Pretax Income": NaN,
        "Other Income Expense": NaN,
        "Other Non Operating Income Expenses": NaN,
        "Earnings From Equity Interest": NaN,
        "Operating Income": NaN,
        "Operating Expense": NaN,
        "Research And Development": 106000.0,
        "Selling General And Administration": NaN,
        "General And Administrative Expense": 46778000.0,
        "Other Gand A": 46778000.0,
        "Gross Profit": NaN,
        "Cost Of Revenue": NaN,
        "Total Revenue": NaN,
        "Operating Revenue": NaN
    },
    "2023-12-31": {
        "Tax Effect Of Unusual Items": 0.0,
        "Tax Rate For Calcs": 0.210952,
        "Normalized EBITDA": 91812000.0,
        "Net Income From Continuing Operation Net Minority Interest": 73020000.0,
        "Reconciled Depreciation": 1103000.0,
        "Reconciled Cost Of Revenue": 308754000.0,
        "EBITDA": 91812000.0,
        "EBIT": 90709000.0,
        "Normalized Income": 73020000.0,
        "Net Income From Continuing And Discontinued Operation": 73020000.0,
        "Total Expenses": 359673000.0,
        "Diluted Average Shares": NaN,
        "Basic Average Shares": NaN,
        "Diluted EPS": NaN,
        "Basic EPS": NaN,
        "Diluted NI Availto Com Stockholders": 72301000.0,
        "Net Income Common Stockholders": 72301000.0,
        "Preferred Stock Dividends": 719000.0,
        "Net Income": 73020000.0,
        "Minority Interests": -7339000.0,
        "Net Income Including Noncontrolling Interests": 80359000.0,
        "Net Income Continuous Operations": 80359000.0,
        "Tax Provision": 21484000.0,
        "Pretax Income": 101843000.0,
        "Other Income Expense": 11134000.0,
        "Other Non Operating Income Expenses": 5657000.0,
        "Earnings From Equity Interest": 5477000.0,
        "Operating Income": 90709000.0,
        "Operating Expense": 50919000.0,
        "Research And Development": NaN,
        "Selling General And Administration": 51224000.0,
        "General And Administrative Expense": NaN,
        "Other Gand A": NaN,
        "Gross Profit": 141628000.0,
        "Cost Of Revenue": 308754000.0,
        "Total Revenue": 450382000.0,
        "Operating Revenue": 450382000.0
    },
    "2024-03-31": {
        "Tax Effect Of Unusual Items": NaN,
        "Tax Rate For Calcs": NaN,
        "Normalized EBITDA": NaN,
        "Net Income From Continuing Operation Net Minority Interest": NaN,
        "Reconciled Depreciation": NaN,
        "Reconciled Cost Of Revenue": NaN,
        "EBITDA": NaN,
        "EBIT": NaN,
        "Normalized Income": NaN,
        "Net Income From Continuing And Discontinued Operation": NaN,
        "Total Expenses": NaN,
        "Diluted Average Shares": NaN,
        "Basic Average Shares": NaN,
        "Diluted EPS": NaN,
        "Basic EPS": NaN,
        "Diluted NI Availto Com Stockholders": NaN,
        "Net Income Common Stockholders": NaN,
        "Preferred Stock Dividends": NaN,
        "Net Income": NaN,
        "Minority Interests": NaN,
        "Net Income Including Noncontrolling Interests": NaN,
        "Net Income Continuous Operations": NaN,
        "Tax Provision": NaN,
        "Pretax Income": NaN,
        "Other Income Expense": NaN,
        "Other Non Operating Income Expenses": NaN,
        "Earnings From Equity Interest": NaN,
        "Operating Income": NaN,
        "Operating Expense": NaN,
        "Research And Development": 65000.0,
        "Selling General And Administration": NaN,
        "General And Administrative Expense": 50505000.0,
        "Other Gand A": 50505000.0,
        "Gross Profit": NaN,
        "Cost Of Revenue": NaN,
        "Total Revenue": NaN,
        "Operating Revenue": NaN
    },
    "2024-06-30": {
        "Tax Effect Of Unusual Items": 0.0,
        "Tax Rate For Calcs": 0.172,
        "Normalized EBITDA": 133313000.0,
        "Net Income From Continuing Operation Net Minority Interest": 105358000.0,
        "Reconciled Depreciation": 1249000.0,
        "Reconciled Cost Of Revenue": 370965000.0,
        "EBITDA": 133313000.0,
        "EBIT": 132064000.0,
        "Normalized Income": 105358000.0,
        "Net Income From Continuing And Discontinued Operation": 105358000.0,
        "Total Expenses": 428567000.0,
        "Diluted Average Shares": 45154000.0,
        "Basic Average Shares": 44760000.0,
        "Diluted EPS": 2.32,
        "Basic EPS": 2.34,
        "Diluted NI Availto Com Stockholders": 104639000.0,
        "Net Income Common Stockholders": 104639000.0,
        "Preferred Stock Dividends": 719000.0,
        "Net Income": 105358000.0,
        "Minority Interests": -9923000.0,
        "Net Income Including Noncontrolling Interests": 115281000.0,
        "Net Income Continuous Operations": 115281000.0,
        "Tax Provision": 23896000.0,
        "Pretax Income": 139177000.0,
        "Other Income Expense": 7113000.0,
        "Other Non Operating Income Expenses": 5927000.0,
        "Earnings From Equity Interest": 1186000.0,
        "Operating Income": 132064000.0,
        "Operating Expense": 57602000.0,
        "Research And Development": 78000.0,
        "Selling General And Administration": 57524000.0,
        "General And Administrative Expense": 57524000.0,
        "Other Gand A": 57524000.0,
        "Gross Profit": 189666000.0,
        "Cost Of Revenue": 370965000.0,
        "Total Revenue": 560631000.0,
        "Operating Revenue": 560631000.0
    },
    "2024-09-30": {
        "Tax Effect Of Unusual Items": 0.0,
        "Tax Rate For Calcs": 0.194,
        "Normalized EBITDA": 115072000.0,
        "Net Income From Continuing Operation Net Minority Interest": 89111000.0,
        "Reconciled Depreciation": 1249000.0,
        "Reconciled Cost Of Revenue": 352097000.0,
        "EBITDA": 115072000.0,
        "EBIT": 113823000.0,
        "Normalized Income": 89111000.0,
        "Net Income From Continuing And Discontinued Operation": 89111000.0,
        "Total Expenses": 409837000.0,
        "Diluted Average Shares": 44530000.0,
        "Basic Average Shares": 44457000.0,
        "Diluted EPS": 1.98,
        "Basic EPS": 1.99,
        "Diluted NI Availto Com Stockholders": 88392000.0,
        "Net Income Common Stockholders": 88392000.0,
        "Preferred Stock Dividends": 719000.0,
        "Net Income": 89111000.0,
        "Minority Interests": -6787000.0,
        "Net Income Including Noncontrolling Interests": 95898000.0,
        "Net Income Continuous Operations": 95898000.0,
        "Tax Provision": 23078000.0,
        "Pretax Income": 118976000.0,
        "Other Income Expense": 5153000.0,
        "Other Non Operating Income Expenses": 4161000.0,
        "Earnings From Equity Interest": 992000.0,
        "Operating Income": 113823000.0,
        "Operating Expense": 57740000.0,
        "Research And Development": 81000.0,
        "Selling General And Administration": 57659000.0,
        "General And Administrative Expense": 57659000.0,
        "Other Gand A": 57659000.0,
        "Gross Profit": 171563000.0,
        "Cost Of Revenue": 352097000.0,
        "Total Revenue": 523660000.0,
        "Operating Revenue": 523660000.0
    },
    "2024-12-31": {
        "Tax Effect Of Unusual Items": 0.0,
        "Tax Rate For Calcs": 0.165894,
        "Normalized EBITDA": 134636000.0,
        "Net Income From Continuing Operation Net Minority Interest": 103813000.0,
        "Reconciled Depreciation": 1255000.0,
        "Reconciled Cost Of Revenue": 373279000.0,
        "EBITDA": 134636000.0,
        "EBIT": 133381000.0,
        "Normalized Income": 103813000.0,
        "Net Income From Continuing And Discontinued Operation": 103813000.0,
        "Total Expenses": 433933000.0,
        "Diluted Average Shares": 44578000.0,
        "Basic Average Shares": 44498000.0,
        "Diluted EPS": 2.31,
        "Basic EPS": 2.32,
        "Diluted NI Availto Com Stockholders": 103094000.0,
        "Net Income Common Stockholders": 103094000.0,
        "Preferred Stock Dividends": 719000.0,
        "Net Income": 103813000.0,
        "Minority Interests": -11372000.0,
        "Net Income Including Noncontrolling Interests": 115185000.0,
        "Net Income Continuous Operations": 115185000.0,
        "Tax Provision": 22909000.0,
        "Pretax Income": 138094000.0,
        "Other Income Expense": 4713000.0,
        "Other Non Operating Income Expenses": 4400000.0,
        "Earnings From Equity Interest": 313000.0,
        "Operating Income": 133381000.0,
        "Operating Expense": 60654000.0,
        "Research And Development": NaN,
        "Selling General And Administration": 60878000.0,
        "General And Administrative Expense": NaN,
        "Other Gand A": NaN,
        "Gross Profit": 194035000.0,
        "Cost Of Revenue": 373279000.0,
        "Total Revenue": 567314000.0,
        "Operating Revenue": 567314000.0
    },
    "2025-03-31": {
        "Tax Effect Of Unusual Items": 0.0,
        "Tax Rate For Calcs": 0.209,
        "Normalized EBITDA": 102295000.0,
        "Net Income From Continuing Operation Net Minority Interest": 75059000.0,
        "Reconciled Depreciation": 1405000.0,
        "Reconciled Cost Of Revenue": 341836000.0,
        "EBITDA": 102295000.0,
        "EBIT": 100890000.0,
        "Normalized Income": 75059000.0,
        "Net Income From Continuing And Discontinued Operation": 75059000.0,
        "Total Expenses": 396731000.0,
        "Diluted Average Shares": 44508000.0,
        "Basic Average Shares": 44440000.0,
        "Diluted EPS": 1.67,
        "Basic EPS": 1.67,
        "Diluted NI Availto Com Stockholders": 74340000.0,
        "Net Income Common Stockholders": 74340000.0,
        "Preferred Stock Dividends": 719000.0,
        "Net Income": 75059000.0,
        "Minority Interests": -8866000.0,
        "Net Income Including Noncontrolling Interests": 83925000.0,
        "Net Income Continuous Operations": 83925000.0,
        "Tax Provision": 22223000.0,
        "Pretax Income": 106148000.0,
        "Other Income Expense": 5258000.0,
        "Other Non Operating Income Expenses": 4785000.0,
        "Earnings From Equity Interest": 473000.0,
        "Operating Income": 100890000.0,
        "Operating Expense": 54895000.0,
        "Research And Development": 147000.0,
        "Selling General And Administration": 54748000.0,
        "General And Administrative Expense": 54748000.0,
        "Other Gand A": 54748000.0,
        "Gross Profit": 155785000.0,
        "Cost Of Revenue": 341836000.0,
        "Total Revenue": 497621000.0,
        "Operating Revenue": 497621000.0
    },
    "2025-06-30": {
        "Tax Effect Of Unusual Items": 0.0,
        "Tax Rate For Calcs": 0.204,
        "Normalized EBITDA": 108824000.0,
        "Net Income From Continuing Operation Net Minority Interest": 81948000.0,
        "Reconciled Depreciation": 1082000.0,
        "Reconciled Cost Of Revenue": 381633000.0,
        "EBITDA": 108824000.0,
        "EBIT": 107742000.0,
        "Normalized Income": 81948000.0,
        "Net Income From Continuing And Discontinued Operation": 81948000.0,
        "Total Expenses": 441405000.0,
        "Diluted Average Shares": 43824000.0,
        "Basic Average Shares": 43770000.0,
        "Diluted EPS": 1.85,
        "Basic EPS": 1.86,
        "Diluted NI Availto Com Stockholders": 81229000.0,
        "Net Income Common Stockholders": 81229000.0,
        "Preferred Stock Dividends": 719000.0,
        "Net Income": 81948000.0,
        "Minority Interests": -7383000.0,
        "Net Income Including Noncontrolling Interests": 89331000.0,
        "Net Income Continuous Operations": 89331000.0,
        "Tax Provision": 22957000.0,
        "Pretax Income": 112288000.0,
        "Other Income Expense": 4546000.0,
        "Other Non Operating Income Expenses": 4035000.0,
        "Earnings From Equity Interest": 511000.0,
        "Operating Income": 107742000.0,
        "Operating Expense": 59772000.0,
        "Research And Development": 238000.0,
        "Selling General And Administration": 59534000.0,
        "General And Administrative Expense": 59534000.0,
        "Other Gand A": 59534000.0,
        "Gross Profit": 167514000.0,
        "Cost Of Revenue": 381633000.0,
        "Total Revenue": 549147000.0,
        "Operating Revenue": 549147000.0
    }
}