{
    "2023-03-31": {
        "Tax Effect Of Unusual Items": NaN,
        "Tax Rate For Calcs": NaN,
        "Normalized EBITDA": NaN,
        "Total Unusual Items": NaN,
        "Total Unusual Items Excluding Goodwill": NaN,
        "Net Income From Continuing Operation Net Minority Interest": NaN,
        "Reconciled Depreciation": NaN,
        "Reconciled Cost Of Revenue": NaN,
        "EBITDA": NaN,
        "EBIT": NaN,
        "Net Interest Income": NaN,
        "Interest Income": NaN,
        "Normalized Income": NaN,
        "Net Income From Continuing And Discontinued Operation": NaN,
        "Total Expenses": NaN,
        "Total Operating Income As Reported": NaN,
        "Diluted Average Shares": NaN,
        "Basic Average Shares": NaN,
        "Diluted EPS": NaN,
        "Basic EPS": NaN,
        "Diluted NI Availto Com Stockholders": NaN,
        "Net Income Common Stockholders": NaN,
        "Net Income": NaN,
        "Net Income Including Noncontrolling Interests": NaN,
        "Net Income Continuous Operations": NaN,
        "Tax Provision": NaN,
        "Pretax Income": NaN,
        "Other Income Expense": NaN,
        "Other Non Operating Income Expenses": NaN,
        "Gain On Sale Of Security": NaN,
        "Net Non Operating Interest Income Expense": NaN,
        "Interest Income Non Operating": NaN,
        "Operating Income": NaN,
        "Operating Expense": NaN,
        "Research And Development": NaN,
        "Selling General And Administration": NaN,
        "Selling And Marketing Expense": 30347000.0,
        "General And Administrative Expense": 203980000.0,
        "Other Gand A": 203980000.0,
        "Gross Profit": NaN,
        "Cost Of Revenue": NaN,
        "Total Revenue": NaN,
        "Operating Revenue": NaN
    },
    "2022-12-31": {
        "Tax Effect Of Unusual Items": NaN,
        "Tax Rate For Calcs": NaN,
        "Normalized EBITDA": NaN,
        "Total Unusual Items": NaN,
        "Total Unusual Items Excluding Goodwill": NaN,
        "Net Income From Continuing Operation Net Minority Interest": NaN,
        "Reconciled Depreciation": NaN,
        "Reconciled Cost Of Revenue": NaN,
        "EBITDA": NaN,
        "EBIT": NaN,
        "Net Interest Income": NaN,
        "Interest Income": NaN,
        "Normalized Income": NaN,
        "Net Income From Continuing And Discontinued Operation": NaN,
        "Total Expenses": NaN,
        "Total Operating Income As Reported": NaN,
        "Diluted Average Shares": NaN,
        "Basic Average Shares": NaN,
        "Diluted EPS": NaN,
        "Basic EPS": NaN,
        "Diluted NI Availto Com Stockholders": NaN,
        "Net Income Common Stockholders": NaN,
        "Net Income": NaN,
        "Net Income Including Noncontrolling Interests": NaN,
        "Net Income Continuous Operations": NaN,
        "Tax Provision": NaN,
        "Pretax Income": NaN,
        "Other Income Expense": NaN,
        "Other Non Operating Income Expenses": NaN,
        "Gain On Sale Of Security": NaN,
        "Net Non Operating Interest Income Expense": NaN,
        "Interest Income Non Operating": NaN,
        "Operating Income": NaN,
        "Operating Expense": NaN,
        "Research And Development": NaN,
        "Selling General And Administration": NaN,
        "Selling And Marketing Expense": 57662000.0,
        "General And Administrative Expense": 204422000.0,
        "Other Gand A": 204422000.0,
        "Gross Profit": NaN,
        "Cost Of Revenue": NaN,
        "Total Revenue": NaN,
        "Operating Revenue": NaN
    },
    "2022-09-30": {
        "Tax Effect Of Unusual Items": -1284109.0,
        "Tax Rate For Calcs": 0.043,
        "Normalized EBITDA": 308734000.0,
        "Total Unusual Items": -29863000.0,
        "Total Unusual Items Excluding Goodwill": -29863000.0,
        "Net Income From Continuing Operation Net Minority Interest": 210848000.0,
        "Reconciled Depreciation": 39498000.0,
        "Reconciled Cost Of Revenue": 469935000.0,
        "EBITDA": 278871000.0,
        "EBIT": 239373000.0,
        "Net Interest Income": 10472000.0,
        "Interest Income": 10472000.0,
        "Normalized Income": 239426891.0,
        "Net Income From Continuing And Discontinued Operation": 210848000.0,
        "Total Expenses": 901061000.0,
        "Total Operating Income As Reported": 239373000.0,
        "Diluted Average Shares": 193105000.0,
        "Basic Average Shares": 192672000.0,
        "Diluted EPS": 1.09,
        "Basic EPS": 1.09,
        "Diluted NI Availto Com Stockholders": 210848000.0,
        "Net Income Common Stockholders": 210848000.0,
        "Net Income": 210848000.0,
        "Net Income Including Noncontrolling Interests": 210848000.0,
        "Net Income Continuous Operations": 210848000.0,
        "Tax Provision": 9419000.0,
        "Pretax Income": 220267000.0,
        "Other Income Expense": -29578000.0,
        "Other Non Operating Income Expenses": 285000.0,
        "Gain On Sale Of Security": -29863000.0,
        "Net Non Operating Interest Income Expense": 10472000.0,
        "Interest Income Non Operating": 10472000.0,
        "Operating Income": 239373000.0,
        "Operating Expense": 431126000.0,
        "Research And Development": 208692000.0,
        "Selling General And Administration": 222434000.0,
        "Selling And Marketing Expense": 32888000.0,
        "General And Administrative Expense": 189546000.0,
        "Other Gand A": 189546000.0,
        "Gross Profit": 670499000.0,
        "Cost Of Revenue": 469935000.0,
        "Total Revenue": 1140434000.0,
        "Operating Revenue": 1140434000.0
    },
    "2022-06-30": {
        "Tax Effect Of Unusual Items": -1705364.0,
        "Tax Rate For Calcs": 0.076,
        "Normalized EBITDA": 356823000.0,
        "Total Unusual Items": -22439000.0,
        "Total Unusual Items Excluding Goodwill": -22439000.0,
        "Net Income From Continuing Operation Net Minority Interest": 257873000.0,
        "Reconciled Depreciation": 41644000.0,
        "Reconciled Cost Of Revenue": 512007000.0,
        "EBITDA": 334384000.0,
        "EBIT": 292740000.0,
        "Net Interest Income": 8495000.0,
        "Interest Income": 8495000.0,
        "Normalized Income": 278606636.0,
        "Net Income From Continuing And Discontinued Operation": 257873000.0,
        "Total Expenses": 948093000.0,
        "Total Operating Income As Reported": 292740000.0,
        "Diluted Average Shares": 193450000.0,
        "Basic Average Shares": 193074000.0,
        "Diluted EPS": 1.33,
        "Basic EPS": 1.34,
        "Diluted NI Availto Com Stockholders": 257873000.0,
        "Net Income Common Stockholders": 257873000.0,
        "Net Income": 257873000.0,
        "Net Income Including Noncontrolling Interests": 257873000.0,
        "Net Income Continuous Operations": 257873000.0,
        "Tax Provision": 21093000.0,
        "Pretax Income": 278966000.0,
        "Other Income Expense": -22269000.0,
        "Other Non Operating Income Expenses": 170000.0,
        "Gain On Sale Of Security": -22439000.0,
        "Net Non Operating Interest Income Expense": 8495000.0,
        "Interest Income Non Operating": 8495000.0,
        "Operating Income": 292740000.0,
        "Operating Expense": 436086000.0,
        "Research And Development": 201518000.0,
        "Selling General And Administration": 234568000.0,
        "Selling And Marketing Expense": 43357000.0,
        "General And Administrative Expense": 191211000.0,
        "Other Gand A": 191211000.0,
        "Gross Profit": 728826000.0,
        "Cost Of Revenue": 512007000.0,
        "Total Revenue": 1240833000.0,
        "Operating Revenue": 1240833000.0
    },
    "2023-06-30": {
        "Tax Effect Of Unusual Items": NaN,
        "Tax Rate For Calcs": NaN,
        "Normalized EBITDA": NaN,
        "Total Unusual Items": NaN,
        "Total Unusual Items Excluding Goodwill": NaN,
        "Net Income From Continuing Operation Net Minority Interest": NaN,
        "Reconciled Depreciation": NaN,
        "Reconciled Cost Of Revenue": NaN,
        "EBITDA": NaN,
        "EBIT": NaN,
        "Net Interest Income": NaN,
        "Interest Income": NaN,
        "Normalized Income": NaN,
        "Net Income From Continuing And Discontinued Operation": NaN,
        "Total Expenses": NaN,
        "Total Operating Income As Reported": NaN,
        "Diluted Average Shares": NaN,
        "Basic Average Shares": NaN,
        "Diluted EPS": NaN,
        "Basic EPS": NaN,
        "Diluted NI Availto Com Stockholders": NaN,
        "Net Income Common Stockholders": NaN,
        "Net Income": NaN,
        "Net Income Including Noncontrolling Interests": NaN,
        "Net Income Continuous Operations": NaN,
        "Tax Provision": NaN,
        "Pretax Income": NaN,
        "Other Income Expense": NaN,
        "Other Non Operating Income Expenses": NaN,
        "Gain On Sale Of Security": NaN,
        "Net Non Operating Interest Income Expense": NaN,
        "Interest Income Non Operating": NaN,
        "Operating Income": NaN,
        "Operating Expense": NaN,
        "Research And Development": NaN,
        "Selling General And Administration": NaN,
        "Selling And Marketing Expense": 46344000.0,
        "General And Administrative Expense": 204349000.0,
        "Other Gand A": 204349000.0,
        "Gross Profit": NaN,
        "Cost Of Revenue": NaN,
        "Total Revenue": NaN,
        "Operating Revenue": NaN
    },
    "2022-03-31": {
        "Diluted EPS": 1.09,
        "Total Revenue": NaN,
        "Gross Profit": 662,
        "Operating Income": 229,
        "EBIT": 270,
        "Net Income": 212
    },
    "2021-12-31": {
        "Diluted EPS": 1.49,
        "Total Revenue": NaN,
        "Gross Profit": 772,
        "Operating Income": 315,
        "EBIT": 356,
        "Net Income": 286
    },
    "2021-09-30": {
        "Diluted EPS": 1.34,
        "Total Revenue": NaN,
        "Gross Profit": 696,
        "Operating Income": 283,
        "EBIT": 322,
        "Net Income": 259
    },
    "2021-06-30": {
        "Diluted EPS": 1.64,
        "Total Revenue": NaN,
        "Gross Profit": 781,
        "Operating Income": 371,
        "EBIT": 409,
        "Net Income": 317
    },
    "2021-03-31": {
        "Diluted EPS": 1.14,
        "Total Revenue": NaN,
        "Gross Profit": 642,
        "Operating Income": 250,
        "EBIT": 287,
        "Net Income": 220
    },
    "2020-12-31": {
        "Diluted EPS": 1.74,
        "Total Revenue": NaN,
        "Gross Profit": 791,
        "Operating Income": 371,
        "EBIT": 408,
        "Net Income": 334
    },
    "2020-09-30": {
        "Diluted EPS": 1.63,
        "Total Revenue": NaN,
        "Gross Profit": 668,
        "Operating Income": 317,
        "EBIT": 350,
        "Net Income": 313
    },
    "2020-06-30": {
        "Diluted EPS": 0.96,
        "Total Revenue": 870,
        "Gross Profit": 515,
        "Operating Income": 188,
        "EBIT": 218,
        "Net Income": 184
    },
    "2020-03-31": {
        "Diluted EPS": 0.84,
        "Total Revenue": 856,
        "Gross Profit": 507,
        "Operating Income": 177,
        "EBIT": 206,
        "Net Income": 161
    },
    "2019-12-31": {
        "Diluted EPS": 1.89,
        "Total Revenue": NaN,
        "Gross Profit": 639,
        "Operating Income": 277,
        "EBIT": 305,
        "Net Income": 361
    },
    "2019-09-30": {
        "Diluted EPS": 1.19,
        "Total Revenue": 934,
        "Gross Profit": 567,
        "Operating Income": 261,
        "EBIT": 288,
        "Net Income": 228
    },
    "2019-06-30": {
        "Diluted EPS": 1.17,
        "Total Revenue": 955,
        "Gross Profit": 575,
        "Operating Income": 256,
        "EBIT": 283,
        "Net Income": 224
    },
    "2019-03-31": {
        "Diluted EPS": 0.74,
        "Total Revenue": 766,
        "Gross Profit": 452,
        "Operating Income": 151,
        "EBIT": 175,
        "Net Income": 140
    },
    "2018-12-31": {
        "Diluted EPS": 1.01,
        "Total Revenue": 932,
        "Gross Profit": 549,
        "Operating Income": 223,
        "EBIT": 247,
        "Net Income": 190
    },
    "2018-09-30": {
        "Diluted EPS": 0.97,
        "Total Revenue": 810,
        "Gross Profit": 481,
        "Operating Income": 196,
        "EBIT": 219,
        "Net Income": 184
    },
    "2018-06-30": {
        "Diluted EPS": 1.0,
        "Total Revenue": 894,
        "Gross Profit": 523,
        "Operating Income": 218,
        "EBIT": 243,
        "Net Income": 190
    },
    "2018-03-31": {
        "Diluted EPS": 0.68,
        "Total Revenue": 711,
        "Gross Profit": 427,
        "Operating Income": 142,
        "EBIT": 165,
        "Net Income": 129
    },
    "2017-12-31": {
        "Diluted EPS": 0.76,
        "Total Revenue": 897,
        "Gross Profit": 503,
        "Operating Income": 183,
        "EBIT": 206,
        "Net Income": 143
    },
    "2017-09-30": {
        "Diluted EPS": 0.8,
        "Total Revenue": 751,
        "Gross Profit": 438,
        "Operating Income": 174,
        "EBIT": 195,
        "Net Income": 151
    },
    "2017-06-30": {
        "Diluted EPS": 0.94,
        "Total Revenue": 831,
        "Gross Profit": 484,
        "Operating Income": 210,
        "EBIT": 231,
        "Net Income": 177
    },
    "2017-03-31": {
        "Diluted EPS": 1.26,
        "Total Revenue": 642,
        "Gross Profit": 373,
        "Operating Income": 117,
        "EBIT": 139,
        "Net Income": 238
    },
    "2016-12-31": {
        "Diluted EPS": 0.76,
        "Total Revenue": 888,
        "Gross Profit": 480,
        "Operating Income": 169,
        "EBIT": 193,
        "Net Income": 144
    },
    "2016-09-30": {
        "Diluted EPS": 0.66,
        "Total Revenue": 722,
        "Gross Profit": 406,
        "Operating Income": 160,
        "EBIT": 181,
        "Net Income": 125
    },
    "2016-06-30": {
        "Diluted EPS": 0.85,
        "Total Revenue": 812,
        "Gross Profit": 463,
        "Operating Income": 201,
        "EBIT": 222,
        "Net Income": 161
    },
    "2016-03-31": {
        "Diluted EPS": 0.46,
        "Total Revenue": 624,
        "Gross Profit": 340,
        "Operating Income": 104,
        "EBIT": 124,
        "Net Income": 88
    },
    "2015-12-31": {
        "Diluted EPS": 0.69,
        "Total Revenue": 781,
        "Gross Profit": 413,
        "Operating Income": 146,
        "EBIT": 166,
        "Net Income": 132
    },
    "2015-09-30": {
        "Diluted EPS": 0.63,
        "Total Revenue": 680,
        "Gross Profit": 362,
        "Operating Income": 125,
        "EBIT": 146,
        "Net Income": 119
    },
    "2015-06-30": {
        "Diluted EPS": 0.72,
        "Total Revenue": 774,
        "Gross Profit": 419,
        "Operating Income": 167,
        "EBIT": 186,
        "Net Income": 138
    },
    "2015-03-31": {
        "Diluted EPS": 0.35,
        "Total Revenue": 585,
        "Gross Profit": 344,
        "Operating Income": 112,
        "EBIT": 131,
        "Net Income": 67
    },
    "2014-12-31": {
        "Diluted EPS": 1.1,
        "Total Revenue": 803,
        "Gross Profit": 431,
        "Operating Income": 176,
        "EBIT": 197,
        "Net Income": 210
    },
    "2014-09-30": {
        "Diluted EPS": -0.76,
        "Total Revenue": 706,
        "Gross Profit": 398,
        "Operating Income": 176,
        "EBIT": 194,
        "Net Income": -147
    },
    "2014-06-30": {
        "Diluted EPS": 0.93,
        "Total Revenue": 778,
        "Gross Profit": 444,
        "Operating Income": 219,
        "EBIT": 238,
        "Net Income": 182
    },
    "2014-03-31": {
        "Diluted EPS": 0.61,
        "Total Revenue": 583,
        "Gross Profit": 331,
        "Operating Income": 120,
        "EBIT": 139,
        "Net Income": 119
    },
    "2013-12-31": {
        "Diluted EPS": 0.83,
        "Total Revenue": 760,
        "Gross Profit": 395,
        "Operating Income": 172,
        "EBIT": 191,
        "Net Income": 164
    },
    "2013-09-30": {
        "Diluted EPS": 0.96,
        "Total Revenue": 644,
        "Gross Profit": 353,
        "Operating Income": 152,
        "EBIT": 172,
        "Net Income": 188
    },
    "2013-06-30": {
        "Diluted EPS": 0.88,
        "Total Revenue": 697,
        "Gross Profit": 384,
        "Operating Income": 170,
        "EBIT": 189,
        "Net Income": 172
    },
    "2013-03-31": {
        "Diluted EPS": 0.45,
        "Total Revenue": 532,
        "Gross Profit": 276,
        "Operating Income": 80,
        "EBIT": 101,
        "Net Income": 89
    },
    "2012-12-31": {
        "Diluted EPS": 0.65,
        "Total Revenue": 769,
        "Gross Profit": 374,
        "Operating Income": 150,
        "EBIT": 179,
        "Net Income": 129
    },
    "2012-09-30": {
        "Diluted EPS": 0.72,
        "Total Revenue": 672,
        "Gross Profit": 359,
        "Operating Income": 160,
        "EBIT": 170,
        "Net Income": 140
    },
    "2012-06-30": {
        "Diluted EPS": 0.95,
        "Total Revenue": 718,
        "Gross Profit": 422,
        "Operating Income": 204,
        "EBIT": 230,
        "Net Income": 186
    },
    "2012-03-31": {
        "Diluted EPS": 0.44,
        "Total Revenue": 557,
        "Gross Profit": 284,
        "Operating Income": 90,
        "EBIT": 116,
        "Net Income": 87
    },
    "2011-12-31": {
        "Diluted EPS": 0.85,
        "Total Revenue": 910,
        "Gross Profit": 434,
        "Operating Income": 200,
        "EBIT": 234,
        "Net Income": 166
    },
    "2011-09-30": {
        "Diluted EPS": 0.77,
        "Total Revenue": 667,
        "Gross Profit": 344,
        "Operating Income": 147,
        "EBIT": 169,
        "Net Income": 150
    },
    "2011-06-30": {
        "Diluted EPS": 0.56,
        "Total Revenue": 674,
        "Gross Profit": 322,
        "Operating Income": 132,
        "EBIT": 147,
        "Net Income": 109
    },
    "2011-03-31": {
        "Diluted EPS": 0.49,
        "Total Revenue": 508,
        "Gross Profit": 238,
        "Operating Income": 75,
        "EBIT": 97,
        "Net Income": 95
    },
    "2010-12-31": {
        "Diluted EPS": 0.66,
        "Total Revenue": 838,
        "Gross Profit": 380,
        "Operating Income": 185,
        "EBIT": 207,
        "Net Income": 133
    },
    "2010-09-30": {
        "Diluted EPS": 1.43,
        "Total Revenue": 692,
        "Gross Profit": 344,
        "Operating Income": 167,
        "EBIT": 187,
        "Net Income": 280
    },
    "2010-06-30": {
        "Diluted EPS": 0.67,
        "Total Revenue": 729,
        "Gross Profit": 392,
        "Operating Income": 202,
        "EBIT": 232,
        "Net Income": 135
    },
    "2010-03-31": {
        "Diluted EPS": 0.19,
        "Total Revenue": 431,
        "Gross Profit": 231,
        "Operating Income": 83,
        "EBIT": 105,
        "Net Income": 37
    },
    "2009-12-31": {
        "Diluted EPS": 1.38,
        "Total Revenue": NaN,
        "Gross Profit": 487,
        "Operating Income": 292,
        "EBIT": 323,
        "Net Income": 278
    },
    "2009-09-30": {
        "Diluted EPS": 1.07,
        "Total Revenue": 781,
        "Gross Profit": 410,
        "Operating Income": 237,
        "EBIT": 261,
        "Net Income": 215
    },
    "2009-06-30": {
        "Diluted EPS": 0.81,
        "Total Revenue": 669,
        "Gross Profit": 352,
        "Operating Income": 199,
        "EBIT": 220,
        "Net Income": 162
    },
    "2009-03-31": {
        "Diluted EPS": 0.24,
        "Total Revenue": 437,
        "Gross Profit": 196,
        "Operating Income": 58,
        "EBIT": 80,
        "Net Income": 49
    },
    "2023-09-30": {
        "Tax Effect Of Unusual Items": NaN,
        "Tax Rate For Calcs": NaN,
        "Normalized EBITDA": NaN,
        "Total Unusual Items": NaN,
        "Total Unusual Items Excluding Goodwill": NaN,
        "Net Income From Continuing Operation Net Minority Interest": NaN,
        "Reconciled Depreciation": NaN,
        "Reconciled Cost Of Revenue": NaN,
        "EBITDA": NaN,
        "EBIT": NaN,
        "Net Interest Income": NaN,
        "Interest Income": NaN,
        "Normalized Income": NaN,
        "Net Income From Continuing And Discontinued Operation": NaN,
        "Total Expenses": NaN,
        "Total Operating Income As Reported": NaN,
        "Diluted Average Shares": NaN,
        "Basic Average Shares": NaN,
        "Diluted EPS": NaN,
        "Basic EPS": NaN,
        "Diluted NI Availto Com Stockholders": NaN,
        "Net Income Common Stockholders": NaN,
        "Net Income": NaN,
        "Net Income Including Noncontrolling Interests": NaN,
        "Net Income Continuous Operations": NaN,
        "Tax Provision": NaN,
        "Pretax Income": NaN,
        "Other Income Expense": NaN,
        "Other Non Operating Income Expenses": NaN,
        "Gain On Sale Of Security": NaN,
        "Net Non Operating Interest Income Expense": NaN,
        "Interest Income Non Operating": NaN,
        "Operating Income": NaN,
        "Operating Expense": NaN,
        "Research And Development": NaN,
        "Selling General And Administration": NaN,
        "Selling And Marketing Expense": 35158000.0,
        "General And Administrative Expense": 201470000.0,
        "Other Gand A": 201470000.0,
        "Gross Profit": NaN,
        "Cost Of Revenue": NaN,
        "Total Revenue": NaN,
        "Operating Revenue": NaN
    },
    "2023-12-31": {
        "Tax Effect Of Unusual Items": NaN,
        "Tax Rate For Calcs": NaN,
        "Normalized EBITDA": NaN,
        "Total Unusual Items": NaN,
        "Total Unusual Items Excluding Goodwill": NaN,
        "Net Income From Continuing Operation Net Minority Interest": NaN,
        "Reconciled Depreciation": NaN,
        "Reconciled Cost Of Revenue": NaN,
        "EBITDA": NaN,
        "EBIT": NaN,
        "Net Interest Income": NaN,
        "Interest Income": NaN,
        "Normalized Income": NaN,
        "Net Income From Continuing And Discontinued Operation": NaN,
        "Total Expenses": NaN,
        "Total Operating Income As Reported": NaN,
        "Diluted Average Shares": NaN,
        "Basic Average Shares": NaN,
        "Diluted EPS": NaN,
        "Basic EPS": NaN,
        "Diluted NI Availto Com Stockholders": NaN,
        "Net Income Common Stockholders": NaN,
        "Net Income": NaN,
        "Net Income Including Noncontrolling Interests": NaN,
        "Net Income Continuous Operations": NaN,
        "Tax Provision": NaN,
        "Pretax Income": NaN,
        "Other Income Expense": NaN,
        "Other Non Operating Income Expenses": NaN,
        "Gain On Sale Of Security": NaN,
        "Net Non Operating Interest Income Expense": NaN,
        "Interest Income Non Operating": NaN,
        "Operating Income": NaN,
        "Operating Expense": NaN,
        "Research And Development": NaN,
        "Selling General And Administration": NaN,
        "Selling And Marketing Expense": 61260000.0,
        "General And Administrative Expense": 225190000.0,
        "Other Gand A": 225190000.0,
        "Gross Profit": NaN,
        "Cost Of Revenue": NaN,
        "Total Revenue": NaN,
        "Operating Revenue": NaN
    },
    "2024-03-31": {
        "Tax Effect Of Unusual Items": 355992.0,
        "Tax Rate For Calcs": 0.156,
        "Normalized EBITDA": 340953000.0,
        "Total Unusual Items": 2282000.0,
        "Total Unusual Items Excluding Goodwill": 2282000.0,
        "Net Income From Continuing Operation Net Minority Interest": 275961000.0,
        "Reconciled Depreciation": 44825000.0,
        "Reconciled Cost Of Revenue": 579510000.0,
        "EBITDA": 343235000.0,
        "EBIT": 298410000.0,
        "Net Interest Income": 25027000.0,
        "Interest Income": 25027000.0,
        "Normalized Income": 274034992.0,
        "Net Income From Continuing And Discontinued Operation": 275961000.0,
        "Total Expenses": 1083239000.0,
        "Total Operating Income As Reported": 298410000.0,
        "Diluted Average Shares": 192698000.0,
        "Basic Average Shares": 191890000.0,
        "Diluted EPS": 1.43,
        "Basic EPS": 1.44,
        "Diluted NI Availto Com Stockholders": 275961000.0,
        "Net Income Common Stockholders": 275961000.0,
        "Net Income": 275961000.0,
        "Net Income Including Noncontrolling Interests": 275961000.0,
        "Net Income Continuous Operations": 275961000.0,
        "Tax Provision": 51079000.0,
        "Pretax Income": 327040000.0,
        "Other Income Expense": 3603000.0,
        "Other Non Operating Income Expenses": 1321000.0,
        "Gain On Sale Of Security": 2282000.0,
        "Net Non Operating Interest Income Expense": 25027000.0,
        "Interest Income Non Operating": 25027000.0,
        "Operating Income": 298410000.0,
        "Operating Expense": 503729000.0,
        "Research And Development": 242535000.0,
        "Selling General And Administration": 261194000.0,
        "Selling And Marketing Expense": NaN,
        "General And Administrative Expense": NaN,
        "Other Gand A": NaN,
        "Gross Profit": 802139000.0,
        "Cost Of Revenue": 579510000.0,
        "Total Revenue": 1381649000.0,
        "Operating Revenue": 1381649000.0
    },
    "2024-06-30": {
        "Tax Effect Of Unusual Items": -864212.0,
        "Tax Rate For Calcs": 0.179,
        "Normalized EBITDA": 390967000.0,
        "Total Unusual Items": -4828000.0,
        "Total Unusual Items Excluding Goodwill": -4828000.0,
        "Net Income From Continuing Operation Net Minority Interest": 300630000.0,
        "Reconciled Depreciation": 44112000.0,
        "Reconciled Cost Of Revenue": 643780000.0,
        "EBITDA": 386139000.0,
        "EBIT": 342027000.0,
        "Net Interest Income": 29286000.0,
        "Interest Income": 29286000.0,
        "Normalized Income": 304593788.0,
        "Net Income From Continuing And Discontinued Operation": 300630000.0,
        "Total Expenses": 1164644000.0,
        "Total Operating Income As Reported": 342027000.0,
        "Diluted Average Shares": 192899000.0,
        "Basic Average Shares": 192074000.0,
        "Diluted EPS": 1.56,
        "Basic EPS": 1.57,
        "Diluted NI Availto Com Stockholders": 300630000.0,
        "Net Income Common Stockholders": 300630000.0,
        "Net Income": 300630000.0,
        "Net Income Including Noncontrolling Interests": 300630000.0,
        "Net Income Continuous Operations": 300630000.0,
        "Tax Provision": 65342000.0,
        "Pretax Income": 365972000.0,
        "Other Income Expense": -5341000.0,
        "Other Non Operating Income Expenses": -513000.0,
        "Gain On Sale Of Security": -4828000.0,
        "Net Non Operating Interest Income Expense": 29286000.0,
        "Interest Income Non Operating": 29286000.0,
        "Operating Income": 342027000.0,
        "Operating Expense": 520864000.0,
        "Research And Development": 243151000.0,
        "Selling General And Administration": 277713000.0,
        "Selling And Marketing Expense": NaN,
        "General And Administrative Expense": NaN,
        "Other Gand A": NaN,
        "Gross Profit": 862891000.0,
        "Cost Of Revenue": 643780000.0,
        "Total Revenue": 1506671000.0,
        "Operating Revenue": 1506671000.0
    },
    "2024-09-30": {
        "Tax Effect Of Unusual Items": 3245449.0,
        "Tax Rate For Calcs": 0.179,
        "Normalized EBITDA": 463599000.0,
        "Total Unusual Items": 18131000.0,
        "Total Unusual Items Excluding Goodwill": 18131000.0,
        "Net Income From Continuing Operation Net Minority Interest": 399111000.0,
        "Reconciled Depreciation": 44255000.0,
        "Reconciled Cost Of Revenue": 634423000.0,
        "EBITDA": 481730000.0,
        "EBIT": 437475000.0,
        "Net Interest Income": 28830000.0,
        "Interest Income": 28830000.0,
        "Normalized Income": 384225449.0,
        "Net Income From Continuing And Discontinued Operation": 399111000.0,
        "Total Expenses": 1148547000.0,
        "Total Operating Income As Reported": 437475000.0,
        "Diluted Average Shares": 193171000.0,
        "Basic Average Shares": 192201000.0,
        "Diluted EPS": 2.07,
        "Basic EPS": 2.08,
        "Diluted NI Availto Com Stockholders": 399111000.0,
        "Net Income Common Stockholders": 399111000.0,
        "Net Income": 399111000.0,
        "Net Income Including Noncontrolling Interests": 399111000.0,
        "Net Income Continuous Operations": 399111000.0,
        "Tax Provision": 87139000.0,
        "Pretax Income": 486250000.0,
        "Other Income Expense": 19945000.0,
        "Other Non Operating Income Expenses": 1814000.0,
        "Gain On Sale Of Security": 18131000.0,
        "Net Non Operating Interest Income Expense": 28830000.0,
        "Interest Income Non Operating": 28830000.0,
        "Operating Income": 437475000.0,
        "Operating Expense": 514124000.0,
        "Research And Development": 249162000.0,
        "Selling General And Administration": 264962000.0,
        "Selling And Marketing Expense": NaN,
        "General And Administrative Expense": NaN,
        "Other Gand A": NaN,
        "Gross Profit": 951599000.0,
        "Cost Of Revenue": 634423000.0,
        "Total Revenue": 1586022000.0,
        "Operating Revenue": 1586022000.0
    },
    "2024-12-31": {
        "Tax Effect Of Unusual Items": -5636659.410855,
        "Tax Rate For Calcs": 0.155782,
        "Normalized EBITDA": 598807000.0,
        "Total Unusual Items": -36183000.0,
        "Total Unusual Items Excluding Goodwill": -36183000.0,
        "Net Income From Continuing Operation Net Minority Interest": 435733000.0,
        "Reconciled Depreciation": 46543000.0,
        "Reconciled Cost Of Revenue": 742636000.0,
        "EBITDA": 562624000.0,
        "EBIT": 516081000.0,
        "Net Interest Income": 30377000.0,
        "Interest Income": 30377000.0,
        "Normalized Income": 466279340.589145,
        "Net Income From Continuing And Discontinued Operation": 435733000.0,
        "Total Expenses": 1306480000.0,
        "Total Operating Income As Reported": 516081000.0,
        "Diluted Average Shares": 193759000.0,
        "Basic Average Shares": 192075000.0,
        "Diluted EPS": 2.25,
        "Basic EPS": 2.27,
        "Diluted NI Availto Com Stockholders": 435733000.0,
        "Net Income Common Stockholders": 435733000.0,
        "Net Income": 435733000.0,
        "Net Income Including Noncontrolling Interests": 435733000.0,
        "Net Income Continuous Operations": 435733000.0,
        "Tax Provision": 80405000.0,
        "Pretax Income": 516138000.0,
        "Other Income Expense": -30320000.0,
        "Other Non Operating Income Expenses": 5863000.0,
        "Gain On Sale Of Security": -36183000.0,
        "Net Non Operating Interest Income Expense": 30377000.0,
        "Interest Income Non Operating": 30377000.0,
        "Operating Income": 516081000.0,
        "Operating Expense": 563844000.0,
        "Research And Development": 258753000.0,
        "Selling General And Administration": 305091000.0,
        "Selling And Marketing Expense": NaN,
        "General And Administrative Expense": NaN,
        "Other Gand A": NaN,
        "Gross Profit": 1079925000.0,
        "Cost Of Revenue": 742636000.0,
        "Total Revenue": 1822561000.0,
        "Operating Revenue": 1822561000.0
    },
    "2025-03-31": {
        "Tax Effect Of Unusual Items": 3590200.0,
        "Tax Rate For Calcs": 0.145,
        "Normalized EBITDA": 354362000.0,
        "Total Unusual Items": 24760000.0,
        "Total Unusual Items Excluding Goodwill": 24760000.0,
        "Net Income From Continuing Operation Net Minority Interest": 332769000.0,
        "Reconciled Depreciation": 46298000.0,
        "Reconciled Cost Of Revenue": 650554000.0,
        "EBITDA": 379122000.0,
        "EBIT": 332824000.0,
        "Net Interest Income": 30507000.0,
        "Interest Income": 30507000.0,
        "Normalized Income": 311599200.0,
        "Net Income From Continuing And Discontinued Operation": 332769000.0,
        "Total Expenses": 1202275000.0,
        "Total Operating Income As Reported": 332824000.0,
        "Diluted Average Shares": 193717000.0,
        "Basic Average Shares": 192544000.0,
        "Diluted EPS": 1.72,
        "Basic EPS": 1.73,
        "Diluted NI Availto Com Stockholders": 332769000.0,
        "Net Income Common Stockholders": 332769000.0,
        "Net Income": 332769000.0,
        "Net Income Including Noncontrolling Interests": 332769000.0,
        "Net Income Continuous Operations": 332769000.0,
        "Tax Provision": 56309000.0,
        "Pretax Income": 389078000.0,
        "Other Income Expense": 25747000.0,
        "Other Non Operating Income Expenses": 987000.0,
        "Gain On Sale Of Security": 24760000.0,
        "Net Non Operating Interest Income Expense": 30507000.0,
        "Interest Income Non Operating": 30507000.0,
        "Operating Income": 332824000.0,
        "Operating Expense": 551721000.0,
        "Research And Development": 268120000.0,
        "Selling General And Administration": 283601000.0,
        "Selling And Marketing Expense": NaN,
        "General And Administrative Expense": NaN,
        "Other Gand A": NaN,
        "Gross Profit": 884545000.0,
        "Cost Of Revenue": 650554000.0,
        "Total Revenue": 1535099000.0,
        "Operating Revenue": 1535099000.0
    }
}