{
    "2023-03-31": {
        "Tax Effect Of Unusual Items": NaN,
        "Tax Rate For Calcs": NaN,
        "Normalized EBITDA": NaN,
        "Net Income From Continuing Operation Net Minority Interest": NaN,
        "Reconciled Cost Of Revenue": NaN,
        "EBITDA": NaN,
        "EBIT": NaN,
        "Net Interest Income": NaN,
        "Interest Expense": NaN,
        "Interest Income": NaN,
        "Normalized Income": NaN,
        "Net Income From Continuing And Discontinued Operation": NaN,
        "Total Expenses": NaN,
        "Total Operating Income As Reported": NaN,
        "Diluted Average Shares": NaN,
        "Basic Average Shares": NaN,
        "Diluted EPS": NaN,
        "Basic EPS": NaN,
        "Diluted NI Availto Com Stockholders": NaN,
        "Net Income Common Stockholders": NaN,
        "Net Income": NaN,
        "Minority Interests": NaN,
        "Net Income Including Noncontrolling Interests": NaN,
        "Net Income Continuous Operations": NaN,
        "Tax Provision": NaN,
        "Pretax Income": NaN,
        "Other Income Expense": NaN,
        "Other Non Operating Income Expenses": NaN,
        "Net Non Operating Interest Income Expense": NaN,
        "Interest Expense Non Operating": NaN,
        "Interest Income Non Operating": NaN,
        "Operating Income": NaN,
        "Operating Expense": NaN,
        "Other Operating Expenses": -49000000.0,
        "Research And Development": NaN,
        "Selling General And Administration": NaN,
        "Gross Profit": NaN,
        "Cost Of Revenue": NaN,
        "Total Revenue": NaN,
        "Operating Revenue": NaN
    },
    "2022-12-31": {
        "Tax Effect Of Unusual Items": NaN,
        "Tax Rate For Calcs": NaN,
        "Normalized EBITDA": NaN,
        "Net Income From Continuing Operation Net Minority Interest": NaN,
        "Reconciled Cost Of Revenue": NaN,
        "EBITDA": NaN,
        "EBIT": NaN,
        "Net Interest Income": NaN,
        "Interest Expense": NaN,
        "Interest Income": NaN,
        "Normalized Income": NaN,
        "Net Income From Continuing And Discontinued Operation": NaN,
        "Total Expenses": NaN,
        "Total Operating Income As Reported": NaN,
        "Diluted Average Shares": NaN,
        "Basic Average Shares": NaN,
        "Diluted EPS": NaN,
        "Basic EPS": NaN,
        "Diluted NI Availto Com Stockholders": NaN,
        "Net Income Common Stockholders": NaN,
        "Net Income": NaN,
        "Minority Interests": NaN,
        "Net Income Including Noncontrolling Interests": NaN,
        "Net Income Continuous Operations": NaN,
        "Tax Provision": NaN,
        "Pretax Income": NaN,
        "Net Non Operating Interest Income Expense": NaN,
        "Interest Expense Non Operating": NaN,
        "Interest Income Non Operating": NaN,
        "Operating Income": NaN,
        "Operating Expense": NaN,
        "Other Operating Expenses": NaN,
        "Research And Development": NaN,
        "Selling General And Administration": NaN,
        "General And Administrative Expense": -12625000000.0,
        "Other Gand A": -33624000000.0,
        "Gross Profit": NaN,
        "Cost Of Revenue": NaN,
        "Total Revenue": NaN,
        "Operating Revenue": NaN
    },
    "2022-09-30": {
        "Tax Effect Of Unusual Items": NaN,
        "Tax Rate For Calcs": NaN,
        "Normalized EBITDA": NaN,
        "Net Income From Continuing Operation Net Minority Interest": NaN,
        "Reconciled Cost Of Revenue": NaN,
        "EBITDA": NaN,
        "EBIT": NaN,
        "Net Interest Income": NaN,
        "Interest Expense": NaN,
        "Interest Income": NaN,
        "Normalized Income": NaN,
        "Net Income From Continuing And Discontinued Operation": NaN,
        "Total Expenses": NaN,
        "Total Operating Income As Reported": NaN,
        "Diluted Average Shares": 6948900.0,
        "Basic Average Shares": 6948900.0,
        "Diluted EPS": 2313.0,
        "Basic EPS": 2313.0,
        "Diluted NI Availto Com Stockholders": NaN,
        "Net Income Common Stockholders": NaN,
        "Net Income": NaN,
        "Minority Interests": NaN,
        "Net Income Including Noncontrolling Interests": NaN,
        "Net Income Continuous Operations": NaN,
        "Tax Provision": NaN,
        "Pretax Income": NaN,
        "Net Non Operating Interest Income Expense": NaN,
        "Interest Expense Non Operating": NaN,
        "Interest Income Non Operating": NaN,
        "Operating Income": NaN,
        "Operating Expense": NaN,
        "Other Operating Expenses": -92000000.0,
        "Research And Development": NaN,
        "Selling General And Administration": NaN,
        "General And Administrative Expense": 17532000000.0,
        "Other Gand A": 17532000000.0,
        "Gross Profit": NaN,
        "Cost Of Revenue": NaN,
        "Total Revenue": NaN,
        "Operating Revenue": NaN
    },
    "2022-06-30": {
        "Tax Effect Of Unusual Items": 0.0,
        "Tax Rate For Calcs": 0.270671,
        "Normalized EBITDA": 26215000000.0,
        "Net Income From Continuing Operation Net Minority Interest": 17465000000.0,
        "Reconciled Cost Of Revenue": 50575000000.0,
        "EBITDA": 26215000000.0,
        "EBIT": 26215000000.0,
        "Net Interest Income": 1759000000.0,
        "Interest Expense": 2341000000.0,
        "Interest Income": 4100000000.0,
        "Normalized Income": 17465000000.0,
        "Net Income From Continuing And Discontinued Operation": 17465000000.0,
        "Total Expenses": 74404000000.0,
        "Total Operating Income As Reported": 22115000000.0,
        "Diluted Average Shares": 6948900.0,
        "Basic Average Shares": 6948900.0,
        "Diluted EPS": 2513.0,
        "Basic EPS": 2513.0,
        "Diluted NI Availto Com Stockholders": 17465000000.0,
        "Net Income Common Stockholders": 17465000000.0,
        "Net Income": 17465000000.0,
        "Minority Interests": 53000000.0,
        "Net Income Including Noncontrolling Interests": 17412000000.0,
        "Net Income Continuous Operations": 17412000000.0,
        "Tax Provision": 6462000000.0,
        "Pretax Income": 23874000000.0,
        "Net Non Operating Interest Income Expense": 1759000000.0,
        "Interest Expense Non Operating": 2341000000.0,
        "Interest Income Non Operating": 4100000000.0,
        "Operating Income": 22115000000.0,
        "Operating Expense": 23829000000.0,
        "Other Operating Expenses": -334000000.0,
        "Research And Development": 2956000000.0,
        "Selling General And Administration": 21207000000.0,
        "General And Administrative Expense": NaN,
        "Other Gand A": NaN,
        "Gross Profit": 45944000000.0,
        "Cost Of Revenue": 50575000000.0,
        "Total Revenue": 96519000000.0,
        "Operating Revenue": 92869000000.0
    },
    "2022-03-31": {
        "Diluted EPS": 1.81,
        "Total Revenue": 68,
        "Gross Profit": 33,
        "Operating Income": 17,
        "EBIT": 17,
        "Net Income": 13
    },
    "2021-12-31": {
        "Diluted EPS": 0.66,
        "Total Revenue": 103,
        "Gross Profit": 45,
        "Operating Income": 13,
        "EBIT": 13,
        "Net Income": 5
    },
    "2021-09-30": {
        "Diluted EPS": 3.2,
        "Total Revenue": 109,
        "Gross Profit": 53,
        "Operating Income": 34,
        "EBIT": 34,
        "Net Income": 22
    },
    "2021-06-30": {
        "Diluted EPS": 1.88,
        "Total Revenue": 74,
        "Gross Profit": 33,
        "Operating Income": 17,
        "EBIT": 17,
        "Net Income": 13
    },
    "2021-03-31": {
        "Diluted EPS": 2.8,
        "Total Revenue": 87,
        "Gross Profit": 39,
        "Operating Income": 23,
        "EBIT": 23,
        "Net Income": 19
    },
    "2020-12-31": {
        "Diluted EPS": 1.34,
        "Total Revenue": 73,
        "Gross Profit": 31,
        "Operating Income": 18,
        "EBIT": 18,
        "Net Income": 9
    },
    "2020-09-30": {
        "Diluted EPS": 3.1,
        "Total Revenue": 113,
        "Gross Profit": 49,
        "Operating Income": 29,
        "EBIT": 29,
        "Net Income": 22
    },
    "2020-06-30": {
        "Diluted EPS": 1.6,
        "Total Revenue": 74,
        "Gross Profit": 31,
        "Operating Income": 14,
        "EBIT": 14,
        "Net Income": 11
    },
    "2020-03-31": {
        "Diluted EPS": 1.18,
        "Total Revenue": 65,
        "Gross Profit": 22,
        "Operating Income": 9,
        "EBIT": 9,
        "Net Income": 8
    },
    "2019-12-31": {
        "Diluted EPS": -0.22,
        "Total Revenue": 47,
        "Gross Profit": 13,
        "Operating Income": 1,
        "EBIT": 1,
        "Net Income": -1
    },
    "2019-09-30": {
        "Diluted EPS": 1.08,
        "Total Revenue": 65,
        "Gross Profit": 18,
        "Operating Income": 9,
        "EBIT": 9,
        "Net Income": 7
    },
    "2019-06-30": {
        "Diluted EPS": 1.4,
        "Total Revenue": 68,
        "Gross Profit": 18,
        "Operating Income": 11,
        "EBIT": 11,
        "Net Income": 9
    },
    "2019-03-31": {
        "Diluted EPS": 2.33,
        "Total Revenue": 110,
        "Gross Profit": 27,
        "Operating Income": 19,
        "EBIT": 19,
        "Net Income": 16
    },
    "2018-09-30": {
        "Diluted EPS": 0.82,
        "Total Revenue": 40,
        "Gross Profit": 13,
        "Operating Income": 6,
        "EBIT": 6,
        "Net Income": 6
    },
    "2018-06-30": {
        "Diluted EPS": 0.86,
        "Total Revenue": 57,
        "Gross Profit": 18,
        "Operating Income": 7,
        "EBIT": 7,
        "Net Income": 6
    },
    "2017-12-31": {
        "Diluted EPS": 0.66,
        "Total Revenue": 62,
        "Gross Profit": 16,
        "Operating Income": 3,
        "EBIT": 3,
        "Net Income": 5
    },
    "2017-09-30": {
        "Diluted EPS": 0.34,
        "Total Revenue": 21,
        "Gross Profit": 8,
        "Operating Income": 3,
        "EBIT": 3,
        "Net Income": 2
    },
    "2017-06-30": {
        "Diluted EPS": 0.45,
        "Total Revenue": 24,
        "Gross Profit": 10,
        "Operating Income": 4,
        "EBIT": 4,
        "Net Income": 3
    },
    "2017-03-31": {
        "Diluted EPS": 0.28,
        "Total Revenue": 21,
        "Gross Profit": 8,
        "Operating Income": 3,
        "EBIT": 3,
        "Net Income": 2
    },
    "2016-12-31": {
        "Diluted EPS": 0.08,
        "Total Revenue": 14,
        "Gross Profit": 6,
        "Operating Income": 2,
        "EBIT": 2,
        "Net Income": 1
    },
    "2016-09-30": {
        "Diluted EPS": 0.37,
        "Total Revenue": 13,
        "Gross Profit": 8,
        "Operating Income": 3,
        "EBIT": 3,
        "Net Income": 3
    },
    "2016-06-30": {
        "Diluted EPS": -0.2,
        "Total Revenue": 8,
        "Gross Profit": 2,
        "Operating Income": -1,
        "EBIT": -1,
        "Net Income": -1
    },
    "2016-03-31": {
        "Diluted EPS": -0.22,
        "Total Revenue": 8,
        "Gross Profit": 2,
        "Operating Income": 0,
        "EBIT": 0,
        "Net Income": -2
    },
    "2015-12-31": {
        "Diluted EPS": -1.1,
        "Total Revenue": 7,
        "Gross Profit": 1,
        "Operating Income": -8,
        "EBIT": -8,
        "Net Income": -8
    },
    "2015-09-30": {
        "Diluted EPS": -0.31,
        "Total Revenue": 8,
        "Gross Profit": 1,
        "Operating Income": -2,
        "EBIT": -2,
        "Net Income": -2
    },
    "2015-06-30": {
        "Diluted EPS": -0.36,
        "Total Revenue": 8,
        "Gross Profit": 2,
        "Operating Income": -2,
        "EBIT": -2,
        "Net Income": -2
    },
    "2015-03-31": {
        "Diluted EPS": -0.33,
        "Total Revenue": 8,
        "Gross Profit": 1,
        "Operating Income": -2,
        "EBIT": -2,
        "Net Income": -2
    },
    "2014-12-31": {
        "Diluted EPS": 0.0,
        "Total Revenue": 0,
        "Gross Profit": -6,
        "Operating Income": -9,
        "EBIT": -9,
        "Net Income": 0
    },
    "2014-09-30": {
        "Diluted EPS": -0.4,
        "Total Revenue": 9,
        "Gross Profit": 2,
        "Operating Income": -3,
        "EBIT": -3,
        "Net Income": -3
    },
    "2014-06-30": {
        "Diluted EPS": -0.44,
        "Total Revenue": 10,
        "Gross Profit": 1,
        "Operating Income": -3,
        "EBIT": -3,
        "Net Income": -3
    },
    "2014-03-31": {
        "Diluted EPS": -0.4,
        "Total Revenue": 10,
        "Gross Profit": 1,
        "Operating Income": -3,
        "EBIT": -3,
        "Net Income": -3
    },
    "2013-12-31": {
        "Diluted EPS": -1.68,
        "Total Revenue": 5,
        "Gross Profit": -1,
        "Operating Income": -4,
        "EBIT": -4,
        "Net Income": -12
    },
    "2013-09-30": {
        "Diluted EPS": -0.24,
        "Total Revenue": 12,
        "Gross Profit": 3,
        "Operating Income": -1,
        "EBIT": -1,
        "Net Income": -2
    },
    "2013-06-30": {
        "Diluted EPS": -0.2,
        "Total Revenue": 11,
        "Gross Profit": 4,
        "Operating Income": -2,
        "EBIT": -2,
        "Net Income": -1
    },
    "2013-03-31": {
        "Diluted EPS": 0.2,
        "Total Revenue": 11,
        "Gross Profit": 4,
        "Operating Income": -1,
        "EBIT": -1,
        "Net Income": 1
    },
    "2012-12-31": {
        "Diluted EPS": -1.6,
        "Total Revenue": 8,
        "Gross Profit": 5,
        "Operating Income": 3,
        "EBIT": 3,
        "Net Income": -12
    },
    "2012-09-30": {
        "Diluted EPS": -0.2,
        "Total Revenue": 13,
        "Gross Profit": 5,
        "Operating Income": 0,
        "EBIT": 0,
        "Net Income": -1
    },
    "2012-06-30": {
        "Diluted EPS": -0.16,
        "Total Revenue": 12,
        "Gross Profit": 4,
        "Operating Income": -2,
        "EBIT": -2,
        "Net Income": -1
    },
    "2012-03-31": {
        "Diluted EPS": 0.16,
        "Total Revenue": 14,
        "Gross Profit": 8,
        "Operating Income": 1,
        "EBIT": 1,
        "Net Income": 1
    },
    "2011-12-31": {
        "Diluted EPS": 0.84,
        "Total Revenue": 10,
        "Gross Profit": 6,
        "Operating Income": -1,
        "EBIT": -1,
        "Net Income": 6
    },
    "2011-09-30": {
        "Diluted EPS": 0.44,
        "Total Revenue": 13,
        "Gross Profit": 8,
        "Operating Income": 3,
        "EBIT": 3,
        "Net Income": 3
    },
    "2011-06-30": {
        "Diluted EPS": 0.24,
        "Total Revenue": 14,
        "Gross Profit": 8,
        "Operating Income": 2,
        "EBIT": 2,
        "Net Income": 2
    },
    "2011-03-31": {
        "Diluted EPS": 0.32,
        "Total Revenue": 13,
        "Gross Profit": 8,
        "Operating Income": 2,
        "EBIT": 2,
        "Net Income": 2
    },
    "2010-12-31": {
        "Diluted EPS": 0.08,
        "Total Revenue": 8,
        "Gross Profit": 8,
        "Operating Income": 3,
        "EBIT": 3,
        "Net Income": 1
    },
    "2010-09-30": {
        "Diluted EPS": 0.32,
        "Total Revenue": 12,
        "Gross Profit": 8,
        "Operating Income": 3,
        "EBIT": 3,
        "Net Income": 2
    },
    "2010-06-30": {
        "Diluted EPS": 0.08,
        "Total Revenue": 10,
        "Gross Profit": 6,
        "Operating Income": 0,
        "EBIT": 0,
        "Net Income": 0
    },
    "2010-03-31": {
        "Diluted EPS": 0.04,
        "Total Revenue": 10,
        "Gross Profit": 6,
        "Operating Income": 1,
        "EBIT": 1,
        "Net Income": 0
    },
    "2009-12-31": {
        "Diluted EPS": 0.0,
        "Total Revenue": 13,
        "Gross Profit": 13,
        "Operating Income": 13,
        "EBIT": 13,
        "Net Income": 0
    },
    "2009-09-30": {
        "Diluted EPS": 0.0,
        "Total Revenue": 12,
        "Gross Profit": 7,
        "Operating Income": 1,
        "EBIT": 1,
        "Net Income": 0
    },
    "2009-06-30": {
        "Diluted EPS": 0.24,
        "Total Revenue": 11,
        "Gross Profit": 11,
        "Operating Income": 11,
        "EBIT": 11,
        "Net Income": 2
    },
    "2009-03-31": {
        "Diluted EPS": 0.0,
        "Total Revenue": 13,
        "Gross Profit": 9,
        "Operating Income": 4,
        "EBIT": 4,
        "Net Income": 4
    },
    "2023-06-30": {
        "Tax Effect Of Unusual Items": NaN,
        "Tax Rate For Calcs": NaN,
        "Normalized EBITDA": NaN,
        "Net Income From Continuing Operation Net Minority Interest": NaN,
        "Reconciled Cost Of Revenue": NaN,
        "EBITDA": NaN,
        "EBIT": NaN,
        "Net Interest Income": NaN,
        "Interest Expense": NaN,
        "Interest Income": NaN,
        "Normalized Income": NaN,
        "Net Income From Continuing And Discontinued Operation": NaN,
        "Total Expenses": NaN,
        "Total Operating Income As Reported": NaN,
        "Diluted Average Shares": 6948900.0,
        "Basic Average Shares": 6948900.0,
        "Diluted EPS": 6478.0,
        "Basic EPS": 6478.0,
        "Diluted NI Availto Com Stockholders": NaN,
        "Net Income Common Stockholders": NaN,
        "Net Income": NaN,
        "Minority Interests": NaN,
        "Net Income Including Noncontrolling Interests": NaN,
        "Net Income Continuous Operations": NaN,
        "Tax Provision": NaN,
        "Pretax Income": NaN,
        "Other Income Expense": NaN,
        "Other Non Operating Income Expenses": NaN,
        "Net Non Operating Interest Income Expense": NaN,
        "Interest Expense Non Operating": NaN,
        "Interest Income Non Operating": NaN,
        "Operating Income": NaN,
        "Operating Expense": NaN,
        "Other Operating Expenses": 3000000.0,
        "Research And Development": NaN,
        "Selling General And Administration": NaN,
        "Gross Profit": NaN,
        "Cost Of Revenue": NaN,
        "Total Revenue": NaN,
        "Operating Revenue": NaN
    },
    "2023-09-30": {
        "Tax Effect Of Unusual Items": NaN,
        "Tax Rate For Calcs": NaN,
        "Normalized EBITDA": NaN,
        "Net Income From Continuing Operation Net Minority Interest": NaN,
        "Reconciled Cost Of Revenue": NaN,
        "EBITDA": NaN,
        "EBIT": NaN,
        "Net Interest Income": NaN,
        "Interest Expense": NaN,
        "Interest Income": NaN,
        "Normalized Income": NaN,
        "Net Income From Continuing And Discontinued Operation": NaN,
        "Total Expenses": NaN,
        "Total Operating Income As Reported": NaN,
        "Diluted Average Shares": 6948900.0,
        "Basic Average Shares": 6948900.0,
        "Diluted EPS": 4168.0,
        "Basic EPS": 4168.0,
        "Diluted NI Availto Com Stockholders": NaN,
        "Net Income Common Stockholders": NaN,
        "Net Income": NaN,
        "Minority Interests": NaN,
        "Net Income Including Noncontrolling Interests": NaN,
        "Net Income Continuous Operations": NaN,
        "Tax Provision": NaN,
        "Pretax Income": NaN,
        "Other Income Expense": 760000000.0,
        "Other Non Operating Income Expenses": 760000000.0,
        "Net Non Operating Interest Income Expense": NaN,
        "Interest Expense Non Operating": NaN,
        "Interest Income Non Operating": NaN,
        "Operating Income": NaN,
        "Operating Expense": NaN,
        "Other Operating Expenses": -760000000.0,
        "Research And Development": NaN,
        "Selling General And Administration": NaN,
        "Gross Profit": NaN,
        "Cost Of Revenue": NaN,
        "Total Revenue": NaN,
        "Operating Revenue": NaN
    },
    "2023-12-31": {
        "Tax Effect Of Unusual Items": 0.0,
        "Tax Rate For Calcs": 0.176743,
        "Normalized EBITDA": 18192000000.0,
        "Net Income From Continuing Operation Net Minority Interest": 21576000000.0,
        "Reconciled Cost Of Revenue": 93330000000.0,
        "EBITDA": 18192000000.0,
        "EBIT": 18192000000.0,
        "Net Interest Income": 2735000000.0,
        "Interest Expense": -7976000000.0,
        "Interest Income": -5241000000.0,
        "Normalized Income": 21576000000.0,
        "Net Income From Continuing And Discontinued Operation": 21576000000.0,
        "Total Expenses": 118460000000.0,
        "Total Operating Income As Reported": 26431000000.0,
        "Diluted Average Shares": NaN,
        "Basic Average Shares": NaN,
        "Diluted EPS": NaN,
        "Basic EPS": NaN,
        "Diluted NI Availto Com Stockholders": 21576000000.0,
        "Net Income Common Stockholders": 21576000000.0,
        "Net Income": 21576000000.0,
        "Minority Interests": 33000000.0,
        "Net Income Including Noncontrolling Interests": 21543000000.0,
        "Net Income Continuous Operations": 21543000000.0,
        "Tax Provision": 4625000000.0,
        "Pretax Income": 26168000000.0,
        "Other Income Expense": NaN,
        "Other Non Operating Income Expenses": NaN,
        "Net Non Operating Interest Income Expense": 2735000000.0,
        "Interest Expense Non Operating": -7976000000.0,
        "Interest Income Non Operating": -5241000000.0,
        "Operating Income": 27070000000.0,
        "Operating Expense": 25130000000.0,
        "Other Operating Expenses": NaN,
        "Research And Development": 3748000000.0,
        "Selling General And Administration": 15867000000.0,
        "Gross Profit": 52200000000.0,
        "Cost Of Revenue": 93330000000.0,
        "Total Revenue": 145530000000.0,
        "Operating Revenue": 140436000000.0
    },
    "2024-03-31": {
        "Tax Effect Of Unusual Items": 0.0,
        "Tax Rate For Calcs": 0.17278,
        "Normalized EBITDA": 33166000000.0,
        "Net Income From Continuing Operation Net Minority Interest": 26866000000.0,
        "Reconciled Cost Of Revenue": 73628000000.0,
        "EBITDA": 33166000000.0,
        "EBIT": 33166000000.0,
        "Net Interest Income": 5629000000.0,
        "Interest Expense": 668000000.0,
        "Interest Income": 6297000000.0,
        "Normalized Income": 26866000000.0,
        "Net Income From Continuing And Discontinued Operation": 26866000000.0,
        "Total Expenses": 92910000000.0,
        "Total Operating Income As Reported": 26869000000.0,
        "Diluted Average Shares": 6948900.0,
        "Basic Average Shares": 6948900.0,
        "Diluted EPS": 3866.0,
        "Basic EPS": 3866.0,
        "Diluted NI Availto Com Stockholders": 26866000000.0,
        "Net Income Common Stockholders": 26866000000.0,
        "Net Income": 26866000000.0,
        "Minority Interests": -17000000.0,
        "Net Income Including Noncontrolling Interests": 26883000000.0,
        "Net Income Continuous Operations": 26883000000.0,
        "Tax Provision": 5615000000.0,
        "Pretax Income": 32498000000.0,
        "Other Income Expense": NaN,
        "Other Non Operating Income Expenses": NaN,
        "Net Non Operating Interest Income Expense": 5629000000.0,
        "Interest Expense Non Operating": 668000000.0,
        "Interest Income Non Operating": 6297000000.0,
        "Operating Income": 26869000000.0,
        "Operating Expense": 19282000000.0,
        "Other Operating Expenses": -66000000.0,
        "Research And Development": 3601000000.0,
        "Selling General And Administration": 15747000000.0,
        "Gross Profit": 46151000000.0,
        "Cost Of Revenue": 73628000000.0,
        "Total Revenue": 119779000000.0,
        "Operating Revenue": 116613000000.0
    },
    "2024-06-30": {
        "Tax Effect Of Unusual Items": 0.0,
        "Tax Rate For Calcs": 0.372738,
        "Normalized EBITDA": 23856000000.0,
        "Net Income From Continuing Operation Net Minority Interest": 12569000000.0,
        "Reconciled Cost Of Revenue": 76006000000.0,
        "EBITDA": 23856000000.0,
        "EBIT": 23856000000.0,
        "Net Interest Income": 5068000000.0,
        "Interest Expense": 3799000000.0,
        "Interest Income": 8867000000.0,
        "Normalized Income": 12569000000.0,
        "Net Income From Continuing And Discontinued Operation": 12569000000.0,
        "Total Expenses": 107978000000.0,
        "Total Operating Income As Reported": 14989000000.0,
        "Diluted Average Shares": 6948900.0,
        "Basic Average Shares": 6948900.0,
        "Diluted EPS": 1809.0,
        "Basic EPS": 1809.0,
        "Diluted NI Availto Com Stockholders": 12569000000.0,
        "Net Income Common Stockholders": 12569000000.0,
        "Net Income": 12569000000.0,
        "Minority Interests": -12000000.0,
        "Net Income Including Noncontrolling Interests": 12581000000.0,
        "Net Income Continuous Operations": 12581000000.0,
        "Tax Provision": 7476000000.0,
        "Pretax Income": 20057000000.0,
        "Other Income Expense": NaN,
        "Other Non Operating Income Expenses": NaN,
        "Net Non Operating Interest Income Expense": 5068000000.0,
        "Interest Expense Non Operating": 3799000000.0,
        "Interest Income Non Operating": 8867000000.0,
        "Operating Income": 14989000000.0,
        "Operating Expense": 31972000000.0,
        "Other Operating Expenses": -422000000.0,
        "Research And Development": 4286000000.0,
        "Selling General And Administration": 28108000000.0,
        "Gross Profit": 46961000000.0,
        "Cost Of Revenue": 76006000000.0,
        "Total Revenue": 122967000000.0,
        "Operating Revenue": 118464000000.0
    },
    "2024-09-30": {
        "Tax Effect Of Unusual Items": 0.0,
        "Tax Rate For Calcs": 0.213971,
        "Normalized EBITDA": 33500000000.0,
        "Net Income From Continuing Operation Net Minority Interest": 22385000000.0,
        "Reconciled Cost Of Revenue": 76261000000.0,
        "EBITDA": 33500000000.0,
        "EBIT": 33500000000.0,
        "Net Interest Income": 839000000.0,
        "Interest Expense": 5085000000.0,
        "Interest Income": 5924000000.0,
        "Normalized Income": 22385000000.0,
        "Net Income From Continuing And Discontinued Operation": 22385000000.0,
        "Total Expenses": 100292000000.0,
        "Total Operating Income As Reported": 27576000000.0,
        "Diluted Average Shares": 6948900.0,
        "Basic Average Shares": 6948900.0,
        "Diluted EPS": 3221.0,
        "Basic EPS": 3221.0,
        "Diluted NI Availto Com Stockholders": 22385000000.0,
        "Net Income Common Stockholders": 22385000000.0,
        "Net Income": 22385000000.0,
        "Minority Interests": 50000000.0,
        "Net Income Including Noncontrolling Interests": 22335000000.0,
        "Net Income Continuous Operations": 22335000000.0,
        "Tax Provision": 6080000000.0,
        "Pretax Income": 28415000000.0,
        "Other Income Expense": -508000000.0,
        "Other Non Operating Income Expenses": -508000000.0,
        "Net Non Operating Interest Income Expense": 839000000.0,
        "Interest Expense Non Operating": 5085000000.0,
        "Interest Income Non Operating": 5924000000.0,
        "Operating Income": 28084000000.0,
        "Operating Expense": 24031000000.0,
        "Other Operating Expenses": NaN,
        "Research And Development": 3706000000.0,
        "Selling General And Administration": 20325000000.0,
        "Gross Profit": 52115000000.0,
        "Cost Of Revenue": 76261000000.0,
        "Total Revenue": 128376000000.0,
        "Operating Revenue": 122181000000.0
    },
    "2024-12-31": {
        "Tax Effect Of Unusual Items": 0.0,
        "Tax Rate For Calcs": 0.089569,
        "Normalized EBITDA": 15960000000.0,
        "Net Income From Continuing Operation Net Minority Interest": 23100000000.0,
        "Reconciled Cost Of Revenue": 81008000000.0,
        "EBITDA": 15960000000.0,
        "EBIT": 15960000000.0,
        "Net Interest Income": 5388000000.0,
        "Interest Expense": -9417000000.0,
        "Interest Income": -4029000000.0,
        "Normalized Income": 23100000000.0,
        "Net Income From Continuing And Discontinued Operation": 23100000000.0,
        "Total Expenses": 112397000000.0,
        "Total Operating Income As Reported": 15950000000.0,
        "Diluted Average Shares": NaN,
        "Basic Average Shares": NaN,
        "Diluted EPS": NaN,
        "Basic EPS": NaN,
        "Diluted NI Availto Com Stockholders": 23100000000.0,
        "Net Income Common Stockholders": 23100000000.0,
        "Net Income": 23100000000.0,
        "Minority Interests": -4000000.0,
        "Net Income Including Noncontrolling Interests": 23104000000.0,
        "Net Income Continuous Operations": 23104000000.0,
        "Tax Provision": 2273000000.0,
        "Pretax Income": 25377000000.0,
        "Other Income Expense": 2663000000.0,
        "Other Non Operating Income Expenses": 788000000.0,
        "Net Non Operating Interest Income Expense": 5388000000.0,
        "Interest Expense Non Operating": -9417000000.0,
        "Interest Income Non Operating": -4029000000.0,
        "Operating Income": 17326000000.0,
        "Operating Expense": 31389000000.0,
        "Other Operating Expenses": NaN,
        "Research And Development": 3668000000.0,
        "Selling General And Administration": 21734000000.0,
        "Gross Profit": 48715000000.0,
        "Cost Of Revenue": 81008000000.0,
        "Total Revenue": 129723000000.0,
        "Operating Revenue": 125408000000.0
    }
}