{
    "2023-06-30": {
        "Tax Effect Of Unusual Items": -301935483.870968,
        "Tax Rate For Calcs": 0.299539,
        "Total Unusual Items": -1008000000.0,
        "Total Unusual Items Excluding Goodwill": -1008000000.0,
        "Net Income From Continuing Operation Net Minority Interest": 1216000000.0,
        "Reconciled Depreciation": 1594000000.0,
        "Net Interest Income": 1684000000.0,
        "Interest Expense": 15152000000.0,
        "Interest Income": 16836000000.0,
        "Normalized Income": 1922064516.129032,
        "Net Income From Continuing And Discontinued Operation": 1216000000.0,
        "Diluted Average Shares": 347200000.0,
        "Basic Average Shares": 342300000.0,
        "Diluted EPS": 3.08,
        "Basic EPS": 3.09,
        "Diluted NI Availto Com Stockholders": 1071000000.0,
        "Net Income Common Stockholders": 1071000000.0,
        "Preferred Stock Dividends": 145000000.0,
        "Net Income": 1216000000.0,
        "Net Income Including Noncontrolling Interests": 1216000000.0,
        "Net Income Continuous Operations": 1216000000.0,
        "Tax Provision": 520000000.0,
        "Pretax Income": 1736000000.0,
        "Special Income Charges": -1008000000.0,
        "Other Special Charges": 19000000.0,
        "Write Off": NaN,
        "Impairment Of Capital Assets": 989000000.0,
        "Gain On Sale Of Security": 0.0,
        "Depreciation Amortization Depletion Income Statement": 605000000.0,
        "Depreciation And Amortization In Income Statement": 605000000.0,
        "Selling General And Administration": 3765000000.0,
        "Selling And Marketing Expense": 146000000.0,
        "General And Administrative Expense": 3619000000.0,
        "Salaries And Wages": 3619000000.0,
        "Total Revenue": 10895000000.0,
        "Operating Revenue": 10895000000.0,
        "Occupancy And Equipment": 253000000.0,
        "Professional Expense And Contract Services Expense": 392000000.0,
        "Other Non Interest Expense": 2521000000.0
    },
    "2023-03-31": {
        "Tax Effect Of Unusual Items": NaN,
        "Tax Rate For Calcs": NaN,
        "Total Unusual Items": NaN,
        "Total Unusual Items Excluding Goodwill": NaN,
        "Net Income From Continuing Operation Net Minority Interest": NaN,
        "Reconciled Depreciation": NaN,
        "Net Interest Income": NaN,
        "Interest Expense": NaN,
        "Interest Income": NaN,
        "Normalized Income": NaN,
        "Net Income From Continuing And Discontinued Operation": NaN,
        "Diluted Average Shares": NaN,
        "Basic Average Shares": NaN,
        "Diluted EPS": NaN,
        "Basic EPS": NaN,
        "Diluted NI Availto Com Stockholders": NaN,
        "Net Income Common Stockholders": NaN,
        "Preferred Stock Dividends": NaN,
        "Net Income": NaN,
        "Net Income Including Noncontrolling Interests": NaN,
        "Net Income Continuous Operations": NaN,
        "Tax Provision": NaN,
        "Pretax Income": NaN,
        "Special Income Charges": NaN,
        "Other Special Charges": NaN,
        "Write Off": 355000000.0,
        "Impairment Of Capital Assets": NaN,
        "Gain On Sale Of Security": NaN,
        "Depreciation Amortization Depletion Income Statement": NaN,
        "Depreciation And Amortization In Income Statement": NaN,
        "Selling General And Administration": NaN,
        "Selling And Marketing Expense": NaN,
        "General And Administrative Expense": NaN,
        "Salaries And Wages": NaN,
        "Total Revenue": NaN,
        "Operating Revenue": NaN,
        "Occupancy And Equipment": NaN,
        "Professional Expense And Contract Services Expense": NaN,
        "Other Non Interest Expense": NaN
    },
    "2022-12-31": {
        "Tax Effect Of Unusual Items": -47066666.666667,
        "Tax Rate For Calcs": 0.133333,
        "Total Unusual Items": -353000000.0,
        "Total Unusual Items Excluding Goodwill": -353000000.0,
        "Net Income From Continuing Operation Net Minority Interest": 1326000000.0,
        "Reconciled Depreciation": 727000000.0,
        "Net Interest Income": 2074000000.0,
        "Interest Expense": 10337000000.0,
        "Interest Income": 12411000000.0,
        "Normalized Income": 1631933333.333333,
        "Net Income From Continuing And Discontinued Operation": 1326000000.0,
        "Diluted Average Shares": 356700000.0,
        "Basic Average Shares": 349500000.0,
        "Diluted EPS": 3.32,
        "Basic EPS": 3.35,
        "Diluted NI Availto Com Stockholders": 1185000000.0,
        "Net Income Common Stockholders": 1185000000.0,
        "Preferred Stock Dividends": 141000000.0,
        "Net Income": 1326000000.0,
        "Net Income Including Noncontrolling Interests": 1326000000.0,
        "Net Income Continuous Operations": 1326000000.0,
        "Tax Provision": 204000000.0,
        "Pretax Income": 1530000000.0,
        "Special Income Charges": -353000000.0,
        "Other Special Charges": 169000000.0,
        "Write Off": NaN,
        "Impairment Of Capital Assets": 184000000.0,
        "Gain On Sale Of Security": 0.0,
        "Depreciation Amortization Depletion Income Statement": 727000000.0,
        "Depreciation And Amortization In Income Statement": 727000000.0,
        "Selling General And Administration": 3980000000.0,
        "Selling And Marketing Expense": 216000000.0,
        "General And Administrative Expense": 3764000000.0,
        "Salaries And Wages": 3764000000.0,
        "Total Revenue": 10593000000.0,
        "Operating Revenue": 10593000000.0
    },
    "2022-09-30": {
        "Tax Effect Of Unusual Items": -34935303.514377,
        "Tax Rate For Calcs": 0.182907,
        "Total Unusual Items": -191000000.0,
        "Total Unusual Items Excluding Goodwill": -191000000.0,
        "Net Income From Continuing Operation Net Minority Interest": 3069000000.0,
        "Reconciled Depreciation": 666000000.0,
        "Net Interest Income": 2043000000.0,
        "Interest Expense": 6507000000.0,
        "Interest Income": 8550000000.0,
        "Normalized Income": 3225064696.485623,
        "Net Income From Continuing And Discontinued Operation": 3069000000.0,
        "Diluted Average Shares": 359200000.0,
        "Basic Average Shares": 352800000.0,
        "Diluted EPS": 8.25,
        "Basic EPS": 8.35,
        "Diluted NI Availto Com Stockholders": 2962000000.0,
        "Net Income Common Stockholders": 2962000000.0,
        "Preferred Stock Dividends": 107000000.0,
        "Net Income": 3069000000.0,
        "Net Income Including Noncontrolling Interests": 3069000000.0,
        "Net Income Continuous Operations": 3069000000.0,
        "Tax Provision": 687000000.0,
        "Pretax Income": 3756000000.0,
        "Special Income Charges": -191000000.0,
        "Other Special Charges": 191000000.0,
        "Write Off": NaN,
        "Impairment Of Capital Assets": 106000000.0,
        "Gain On Sale Of Security": 0.0,
        "Depreciation Amortization Depletion Income Statement": 666000000.0,
        "Depreciation And Amortization In Income Statement": 666000000.0,
        "Selling General And Administration": 3805000000.0,
        "Selling And Marketing Expense": 199000000.0,
        "General And Administrative Expense": 3606000000.0,
        "Salaries And Wages": 3606000000.0,
        "Total Revenue": 11975000000.0,
        "Operating Revenue": 11975000000.0
    },
    "2022-06-30": {
        "Tax Effect Of Unusual Items": -15842832.957111,
        "Tax Rate For Calcs": 0.174097,
        "Total Unusual Items": -91000000.0,
        "Total Unusual Items Excluding Goodwill": -91000000.0,
        "Net Income From Continuing Operation Net Minority Interest": 2927000000.0,
        "Reconciled Depreciation": 570000000.0,
        "Net Interest Income": 1734000000.0,
        "Interest Expense": 3117000000.0,
        "Interest Income": 4851000000.0,
        "Normalized Income": 3002157167.042889,
        "Net Income From Continuing And Discontinued Operation": 2927000000.0,
        "Diluted Average Shares": 360500000.0,
        "Basic Average Shares": 355000000.0,
        "Diluted EPS": 7.73,
        "Basic EPS": 7.81,
        "Diluted NI Availto Com Stockholders": 2786000000.0,
        "Net Income Common Stockholders": 2786000000.0,
        "Preferred Stock Dividends": 141000000.0,
        "Net Income": 2927000000.0,
        "Net Income Including Noncontrolling Interests": 2927000000.0,
        "Net Income Continuous Operations": 2927000000.0,
        "Tax Provision": 617000000.0,
        "Pretax Income": 3544000000.0,
        "Special Income Charges": -91000000.0,
        "Other Special Charges": 91000000.0,
        "Write Off": NaN,
        "Impairment Of Capital Assets": NaN,
        "Gain On Sale Of Security": 0.0,
        "Depreciation Amortization Depletion Income Statement": 570000000.0,
        "Depreciation And Amortization In Income Statement": 570000000.0,
        "Selling General And Administration": 3930000000.0,
        "Selling And Marketing Expense": 235000000.0,
        "General And Administrative Expense": 3695000000.0,
        "Salaries And Wages": 3695000000.0,
        "Total Revenue": 11864000000.0,
        "Operating Revenue": 11864000000.0
    },
    "2023-09-30": {
        "Tax Effect Of Unusual Items": NaN,
        "Tax Rate For Calcs": NaN,
        "Total Unusual Items": NaN,
        "Total Unusual Items Excluding Goodwill": NaN,
        "Net Income From Continuing Operation Net Minority Interest": NaN,
        "Reconciled Depreciation": NaN,
        "Net Interest Income": NaN,
        "Interest Expense": NaN,
        "Interest Income": NaN,
        "Normalized Income": NaN,
        "Net Income From Continuing And Discontinued Operation": NaN,
        "Diluted Average Shares": 343900000.0,
        "Basic Average Shares": 338700000.0,
        "Diluted EPS": 5.47,
        "Basic EPS": 5.52,
        "Diluted NI Availto Com Stockholders": NaN,
        "Net Income Common Stockholders": NaN,
        "Preferred Stock Dividends": NaN,
        "Net Income": NaN,
        "Net Income Including Noncontrolling Interests": NaN,
        "Net Income Continuous Operations": NaN,
        "Tax Provision": NaN,
        "Pretax Income": NaN,
        "Special Income Charges": NaN,
        "Other Special Charges": NaN,
        "Impairment Of Capital Assets": NaN,
        "Gain On Sale Of Security": NaN,
        "Depreciation Amortization Depletion Income Statement": NaN,
        "Depreciation And Amortization In Income Statement": NaN,
        "Selling General And Administration": NaN,
        "Selling And Marketing Expense": NaN,
        "General And Administrative Expense": NaN,
        "Salaries And Wages": NaN,
        "Total Revenue": NaN,
        "Operating Revenue": NaN,
        "Occupancy And Equipment": NaN,
        "Professional Expense And Contract Services Expense": NaN,
        "Other Non Interest Expense": NaN
    },
    "2023-12-31": {
        "Tax Effect Of Unusual Items": NaN,
        "Tax Rate For Calcs": NaN,
        "Total Unusual Items": NaN,
        "Total Unusual Items Excluding Goodwill": NaN,
        "Net Income From Continuing Operation Net Minority Interest": NaN,
        "Reconciled Depreciation": NaN,
        "Net Interest Income": NaN,
        "Interest Expense": NaN,
        "Interest Income": NaN,
        "Normalized Income": NaN,
        "Net Income From Continuing And Discontinued Operation": NaN,
        "Diluted Average Shares": NaN,
        "Basic Average Shares": NaN,
        "Diluted EPS": NaN,
        "Basic EPS": NaN,
        "Diluted NI Availto Com Stockholders": NaN,
        "Net Income Common Stockholders": NaN,
        "Preferred Stock Dividends": NaN,
        "Net Income": NaN,
        "Net Income Including Noncontrolling Interests": NaN,
        "Net Income Continuous Operations": NaN,
        "Tax Provision": NaN,
        "Pretax Income": NaN,
        "Special Income Charges": NaN,
        "Other Special Charges": NaN,
        "Impairment Of Capital Assets": 265000000.0,
        "Gain On Sale Of Security": NaN,
        "Depreciation Amortization Depletion Income Statement": NaN,
        "Depreciation And Amortization In Income Statement": NaN,
        "Selling General And Administration": NaN,
        "Selling And Marketing Expense": NaN,
        "General And Administrative Expense": NaN,
        "Salaries And Wages": NaN,
        "Total Revenue": NaN,
        "Operating Revenue": NaN,
        "Occupancy And Equipment": NaN,
        "Professional Expense And Contract Services Expense": NaN,
        "Other Non Interest Expense": NaN
    },
    "2024-03-31": {
        "Tax Effect Of Unusual Items": NaN,
        "Tax Rate For Calcs": NaN,
        "Total Unusual Items": NaN,
        "Total Unusual Items Excluding Goodwill": NaN,
        "Net Income From Continuing Operation Net Minority Interest": NaN,
        "Reconciled Depreciation": NaN,
        "Net Interest Income": NaN,
        "Interest Expense": NaN,
        "Interest Income": NaN,
        "Normalized Income": NaN,
        "Net Income From Continuing And Discontinued Operation": NaN,
        "Diluted Average Shares": NaN,
        "Basic Average Shares": NaN,
        "Diluted EPS": NaN,
        "Basic EPS": NaN,
        "Diluted NI Availto Com Stockholders": NaN,
        "Net Income Common Stockholders": NaN,
        "Preferred Stock Dividends": NaN,
        "Net Income": NaN,
        "Net Income Including Noncontrolling Interests": NaN,
        "Net Income Continuous Operations": NaN,
        "Tax Provision": NaN,
        "Pretax Income": NaN,
        "Special Income Charges": NaN,
        "Other Special Charges": NaN,
        "Impairment Of Capital Assets": 80000000.0,
        "Gain On Sale Of Security": NaN,
        "Depreciation Amortization Depletion Income Statement": NaN,
        "Depreciation And Amortization In Income Statement": NaN,
        "Selling General And Administration": NaN,
        "Selling And Marketing Expense": NaN,
        "General And Administrative Expense": NaN,
        "Salaries And Wages": NaN,
        "Total Revenue": NaN,
        "Operating Revenue": NaN,
        "Occupancy And Equipment": NaN,
        "Professional Expense And Contract Services Expense": NaN,
        "Other Non Interest Expense": NaN
    },
    "2024-06-30": {
        "Tax Effect Of Unusual Items": NaN,
        "Tax Rate For Calcs": NaN,
        "Total Unusual Items": NaN,
        "Total Unusual Items Excluding Goodwill": NaN,
        "Net Income From Continuing Operation Net Minority Interest": NaN,
        "Reconciled Depreciation": NaN,
        "Net Interest Income": NaN,
        "Interest Expense": NaN,
        "Interest Income": NaN,
        "Normalized Income": NaN,
        "Net Income From Continuing And Discontinued Operation": NaN,
        "Diluted Average Shares": NaN,
        "Basic Average Shares": NaN,
        "Diluted EPS": NaN,
        "Basic EPS": NaN,
        "Diluted NI Availto Com Stockholders": NaN,
        "Net Income Common Stockholders": NaN,
        "Preferred Stock Dividends": NaN,
        "Net Income": NaN,
        "Net Income Including Noncontrolling Interests": NaN,
        "Net Income Continuous Operations": NaN,
        "Tax Provision": NaN,
        "Pretax Income": NaN,
        "Special Income Charges": NaN,
        "Other Special Charges": NaN,
        "Impairment Of Capital Assets": 99000000.0,
        "Gain On Sale Of Security": NaN,
        "Depreciation Amortization Depletion Income Statement": NaN,
        "Depreciation And Amortization In Income Statement": NaN,
        "Selling General And Administration": NaN,
        "Selling And Marketing Expense": NaN,
        "General And Administrative Expense": NaN,
        "Salaries And Wages": NaN,
        "Total Revenue": NaN,
        "Operating Revenue": NaN,
        "Occupancy And Equipment": NaN,
        "Professional Expense And Contract Services Expense": NaN,
        "Other Non Interest Expense": NaN
    },
    "2024-09-30": {
        "Tax Effect Of Unusual Items": -24006019.563582,
        "Tax Rate For Calcs": 0.250063,
        "Total Unusual Items": -96000000.0,
        "Total Unusual Items Excluding Goodwill": -96000000.0,
        "Net Income From Continuing Operation Net Minority Interest": 2990000000.0,
        "Reconciled Depreciation": 621000000.0,
        "Net Interest Income": 2623000000.0,
        "Interest Expense": 18825000000.0,
        "Interest Income": 21448000000.0,
        "Normalized Income": 3061993980.436418,
        "Net Income From Continuing And Discontinued Operation": 2990000000.0,
        "Diluted Average Shares": 330800000.0,
        "Basic Average Shares": 324800000.0,
        "Diluted EPS": 8.4,
        "Basic EPS": 8.52,
        "Diluted NI Availto Com Stockholders": 2780000000.0,
        "Net Income Common Stockholders": 2780000000.0,
        "Preferred Stock Dividends": 210000000.0,
        "Net Income": 2990000000.0,
        "Net Income Including Noncontrolling Interests": 2990000000.0,
        "Net Income Continuous Operations": 2990000000.0,
        "Tax Provision": 997000000.0,
        "Pretax Income": 3987000000.0,
        "Special Income Charges": -96000000.0,
        "Other Special Charges": 24000000.0,
        "Impairment Of Capital Assets": 72000000.0,
        "Gain On Sale Of Security": 0.0,
        "Depreciation Amortization Depletion Income Statement": 549000000.0,
        "Depreciation And Amortization In Income Statement": 549000000.0,
        "Selling General And Administration": 4281000000.0,
        "Selling And Marketing Expense": 159000000.0,
        "General And Administrative Expense": 4122000000.0,
        "Salaries And Wages": 4122000000.0,
        "Total Revenue": 12699000000.0,
        "Operating Revenue": 12699000000.0,
        "Occupancy And Equipment": 242000000.0,
        "Professional Expense And Contract Services Expense": 400000000.0,
        "Other Non Interest Expense": 2747000000.0
    },
    "2024-12-31": {
        "Tax Effect Of Unusual Items": -3705915.921628,
        "Tax Rate For Calcs": 0.217995,
        "Total Unusual Items": -17000000.0,
        "Total Unusual Items Excluding Goodwill": -17000000.0,
        "Net Income From Continuing Operation Net Minority Interest": 4111000000.0,
        "Reconciled Depreciation": 498000000.0,
        "Net Interest Income": 1583000000.0,
        "Interest Expense": 18371000000.0,
        "Interest Income": 19954000000.0,
        "Normalized Income": 4124294084.078372,
        "Net Income From Continuing And Discontinued Operation": 4111000000.0,
        "Diluted Average Shares": 328400000.0,
        "Basic Average Shares": 322400000.0,
        "Diluted EPS": 11.95,
        "Basic EPS": 12.13,
        "Diluted NI Availto Com Stockholders": 3923000000.0,
        "Net Income Common Stockholders": 3923000000.0,
        "Preferred Stock Dividends": 188000000.0,
        "Net Income": 4111000000.0,
        "Net Income Including Noncontrolling Interests": 4111000000.0,
        "Net Income Continuous Operations": 4111000000.0,
        "Tax Provision": 1146000000.0,
        "Pretax Income": 5257000000.0,
        "Special Income Charges": -17000000.0,
        "Other Special Charges": -11000000.0,
        "Impairment Of Capital Assets": 28000000.0,
        "Gain On Sale Of Security": 0.0,
        "Depreciation Amortization Depletion Income Statement": 698000000.0,
        "Depreciation And Amortization In Income Statement": 698000000.0,
        "Selling General And Administration": 3940000000.0,
        "Selling And Marketing Expense": 181000000.0,
        "General And Administrative Expense": 3759000000.0,
        "Salaries And Wages": 3759000000.0,
        "Total Revenue": 13869000000.0,
        "Operating Revenue": 13869000000.0,
        "Occupancy And Equipment": 240000000.0,
        "Professional Expense And Contract Services Expense": 475000000.0,
        "Other Non Interest Expense": 2891000000.0
    },
    "2025-03-31": {
        "Tax Effect Of Unusual Items": 1771000.0,
        "Tax Rate For Calcs": 0.161,
        "Total Unusual Items": 11000000.0,
        "Total Unusual Items Excluding Goodwill": 11000000.0,
        "Net Income From Continuing Operation Net Minority Interest": 4738000000.0,
        "Reconciled Depreciation": 506000000.0,
        "Net Interest Income": 2895000000.0,
        "Interest Expense": 16488000000.0,
        "Interest Income": 19383000000.0,
        "Normalized Income": 4728771000.0,
        "Net Income From Continuing And Discontinued Operation": 4738000000.0,
        "Diluted Average Shares": 324500000.0,
        "Basic Average Shares": 320800000.0,
        "Diluted EPS": 14.12,
        "Basic EPS": 14.25,
        "Diluted NI Availto Com Stockholders": 4583000000.0,
        "Net Income Common Stockholders": 4583000000.0,
        "Preferred Stock Dividends": 155000000.0,
        "Net Income": 4738000000.0,
        "Net Income Including Noncontrolling Interests": 4738000000.0,
        "Net Income Continuous Operations": 4738000000.0,
        "Tax Provision": 909000000.0,
        "Pretax Income": 5647000000.0,
        "Special Income Charges": 11000000.0,
        "Other Special Charges": -11000000.0,
        "Impairment Of Capital Assets": NaN,
        "Gain On Sale Of Security": 0.0,
        "Depreciation Amortization Depletion Income Statement": 506000000.0,
        "Depreciation And Amortization In Income Statement": 506000000.0,
        "Selling General And Administration": 5032000000.0,
        "Selling And Marketing Expense": 156000000.0,
        "General And Administrative Expense": 4876000000.0,
        "Salaries And Wages": 4876000000.0,
        "Total Revenue": 15062000000.0,
        "Operating Revenue": 15062000000.0,
        "Occupancy And Equipment": 233000000.0,
        "Professional Expense And Contract Services Expense": 424000000.0,
        "Other Non Interest Expense": 2944000000.0
    },
    "2025-06-30": {
        "Tax Effect Of Unusual Items": -249092.375958,
        "Tax Rate For Calcs": 0.249092,
        "Total Unusual Items": -1000000.0,
        "Total Unusual Items Excluding Goodwill": -1000000.0,
        "Net Income From Continuing Operation Net Minority Interest": 3723000000.0,
        "Reconciled Depreciation": 618000000.0,
        "Net Interest Income": 3104000000.0,
        "Interest Expense": 16685000000.0,
        "Interest Income": 19789000000.0,
        "Normalized Income": 3723750907.624042,
        "Net Income From Continuing And Discontinued Operation": 3723000000.0,
        "Diluted Average Shares": 318300000.0,
        "Basic Average Shares": 313700000.0,
        "Diluted EPS": 10.91,
        "Basic EPS": 11.03,
        "Diluted NI Availto Com Stockholders": 3473000000.0,
        "Net Income Common Stockholders": 3473000000.0,
        "Preferred Stock Dividends": 250000000.0,
        "Net Income": 3723000000.0,
        "Net Income Including Noncontrolling Interests": 3723000000.0,
        "Net Income Continuous Operations": 3723000000.0,
        "Tax Provision": 1235000000.0,
        "Pretax Income": 4958000000.0,
        "Special Income Charges": -1000000.0,
        "Other Special Charges": 1000000.0,
        "Impairment Of Capital Assets": NaN,
        "Gain On Sale Of Security": 0.0,
        "Depreciation Amortization Depletion Income Statement": 618000000.0,
        "Depreciation And Amortization In Income Statement": 618000000.0,
        "Selling General And Administration": 4852000000.0,
        "Selling And Marketing Expense": 167000000.0,
        "General And Administrative Expense": 4685000000.0,
        "Salaries And Wages": 4685000000.0,
        "Total Revenue": 14583000000.0,
        "Operating Revenue": 14583000000.0,
        "Occupancy And Equipment": 234000000.0,
        "Professional Expense And Contract Services Expense": 440000000.0,
        "Other Non Interest Expense": 3096000000.0
    },
    "2025-09-30": {
        "Tax Effect Of Unusual Items": -31438056.379822,
        "Tax Rate For Calcs": 0.239985,
        "Total Unusual Items": -131000000.0,
        "Total Unusual Items Excluding Goodwill": -131000000.0,
        "Net Income From Continuing Operation Net Minority Interest": 4098000000.0,
        "Reconciled Depreciation": 531000000.0,
        "Net Interest Income": 3852000000.0,
        "Interest Expense": 16970000000.0,
        "Interest Income": 20822000000.0,
        "Normalized Income": 4197561943.620178,
        "Net Income From Continuing And Discontinued Operation": 4098000000.0,
        "Diluted Average Shares": 315000000.0,
        "Basic Average Shares": 309600000.0,
        "Diluted EPS": 12.25,
        "Basic EPS": 12.42,
        "Diluted NI Availto Com Stockholders": 3860000000.0,
        "Net Income Common Stockholders": 3860000000.0,
        "Preferred Stock Dividends": 238000000.0,
        "Net Income": 4098000000.0,
        "Net Income Including Noncontrolling Interests": 4098000000.0,
        "Net Income Continuous Operations": 4098000000.0,
        "Tax Provision": 1294000000.0,
        "Pretax Income": 5392000000.0,
        "Special Income Charges": -131000000.0,
        "Other Special Charges": 131000000.0,
        "Impairment Of Capital Assets": NaN,
        "Gain On Sale Of Security": 0.0,
        "Depreciation Amortization Depletion Income Statement": 531000000.0,
        "Depreciation And Amortization In Income Statement": 531000000.0,
        "Selling General And Administration": 4851000000.0,
        "Selling And Marketing Expense": 171000000.0,
        "General And Administrative Expense": 4680000000.0,
        "Salaries And Wages": 4680000000.0,
        "Total Revenue": 15184000000.0,
        "Operating Revenue": 15184000000.0,
        "Occupancy And Equipment": 242000000.0,
        "Professional Expense And Contract Services Expense": 432000000.0,
        "Other Non Interest Expense": 3266000000.0
    }
}