{
    "2023-06-30": {
        "Tax Effect Of Unusual Items": NaN,
        "Tax Rate For Calcs": NaN,
        "Normalized EBITDA": NaN,
        "Total Unusual Items": 0.0,
        "Total Unusual Items Excluding Goodwill": 0.0,
        "Net Income From Continuing Operation Net Minority Interest": NaN,
        "Reconciled Depreciation": NaN,
        "Reconciled Cost Of Revenue": NaN,
        "EBITDA": NaN,
        "EBIT": NaN,
        "Net Interest Income": NaN,
        "Interest Income": NaN,
        "Normalized Income": NaN,
        "Net Income From Continuing And Discontinued Operation": NaN,
        "Total Expenses": NaN,
        "Total Operating Income As Reported": NaN,
        "Diluted Average Shares": NaN,
        "Basic Average Shares": NaN,
        "Diluted EPS": NaN,
        "Basic EPS": NaN,
        "Diluted NI Availto Com Stockholders": NaN,
        "Net Income Common Stockholders": NaN,
        "Net Income": NaN,
        "Net Income Including Noncontrolling Interests": NaN,
        "Net Income Continuous Operations": NaN,
        "Tax Provision": NaN,
        "Pretax Income": NaN,
        "Other Income Expense": NaN,
        "Other Non Operating Income Expenses": NaN,
        "Special Income Charges": 0.0,
        "Gain On Sale Of Ppe": 0.0,
        "Net Non Operating Interest Income Expense": NaN,
        "Interest Income Non Operating": NaN,
        "Operating Income": NaN,
        "Operating Expense": NaN,
        "Research And Development": NaN,
        "Selling General And Administration": NaN,
        "Gross Profit": NaN,
        "Cost Of Revenue": NaN,
        "Total Revenue": NaN,
        "Operating Revenue": NaN
    },
    "2023-03-31": {
        "Tax Effect Of Unusual Items": 0.0,
        "Tax Rate For Calcs": 0.21,
        "Normalized EBITDA": -3619000.0,
        "Net Income From Continuing Operation Net Minority Interest": -3961000.0,
        "Reconciled Depreciation": 252000.0,
        "Reconciled Cost Of Revenue": 2374000.0,
        "EBITDA": -3619000.0,
        "EBIT": -3871000.0,
        "Net Interest Income": 113000.0,
        "Interest Income": 113000.0,
        "Normalized Income": -3961000.0,
        "Net Income From Continuing And Discontinued Operation": -3961000.0,
        "Total Expenses": 9253000.0,
        "Total Operating Income As Reported": -3871000.0,
        "Diluted Average Shares": 24685000.0,
        "Basic Average Shares": 24685000.0,
        "Diluted EPS": -0.16,
        "Basic EPS": -0.16,
        "Diluted NI Availto Com Stockholders": -3961000.0,
        "Net Income Common Stockholders": -3961000.0,
        "Net Income": -3961000.0,
        "Net Income Including Noncontrolling Interests": -3961000.0,
        "Net Income Continuous Operations": -3961000.0,
        "Tax Provision": 191000.0,
        "Pretax Income": -3770000.0,
        "Other Income Expense": -12000.0,
        "Other Non Operating Income Expenses": -12000.0,
        "Net Non Operating Interest Income Expense": 113000.0,
        "Interest Income Non Operating": 113000.0,
        "Operating Income": -3871000.0,
        "Operating Expense": 6879000.0,
        "Research And Development": 5007000.0,
        "Selling General And Administration": 1872000.0,
        "Gross Profit": 3008000.0,
        "Cost Of Revenue": 2374000.0,
        "Total Revenue": 5382000.0,
        "Operating Revenue": 5382000.0
    },
    "2022-12-31": {
        "Tax Effect Of Unusual Items": 0.0,
        "Tax Rate For Calcs": 0.21,
        "Normalized EBITDA": -4536000.0,
        "Net Income From Continuing Operation Net Minority Interest": -4812000.0,
        "Reconciled Depreciation": 253000.0,
        "Reconciled Cost Of Revenue": 2741000.0,
        "EBITDA": -4536000.0,
        "EBIT": -4789000.0,
        "Net Interest Income": 118000.0,
        "Interest Income": 118000.0,
        "Normalized Income": -4812000.0,
        "Net Income From Continuing And Discontinued Operation": -4812000.0,
        "Total Expenses": 11236000.0,
        "Total Operating Income As Reported": -4789000.0,
        "Diluted Average Shares": NaN,
        "Basic Average Shares": NaN,
        "Diluted EPS": NaN,
        "Basic EPS": NaN,
        "Diluted NI Availto Com Stockholders": -4812000.0,
        "Net Income Common Stockholders": -4812000.0,
        "Net Income": -4812000.0,
        "Net Income Including Noncontrolling Interests": -4812000.0,
        "Net Income Continuous Operations": -4812000.0,
        "Tax Provision": 84000.0,
        "Pretax Income": -4728000.0,
        "Other Income Expense": -57000.0,
        "Other Non Operating Income Expenses": -57000.0,
        "Net Non Operating Interest Income Expense": 118000.0,
        "Interest Income Non Operating": 118000.0,
        "Operating Income": -4789000.0,
        "Operating Expense": 8495000.0,
        "Research And Development": 5529000.0,
        "Selling General And Administration": 2966000.0,
        "Gross Profit": 3706000.0,
        "Cost Of Revenue": 2741000.0,
        "Total Revenue": 6447000.0,
        "Operating Revenue": 6447000.0
    },
    "2022-09-30": {
        "Tax Effect Of Unusual Items": 0.0,
        "Tax Rate For Calcs": 0.21,
        "Normalized EBITDA": -3205000.0,
        "Net Income From Continuing Operation Net Minority Interest": -3228000.0,
        "Reconciled Depreciation": 254000.0,
        "Reconciled Cost Of Revenue": 3351000.0,
        "EBITDA": -3205000.0,
        "EBIT": -3205000.0,
        "Net Interest Income": 14000.0,
        "Interest Income": 14000.0,
        "Normalized Income": -3228000.0,
        "Net Income From Continuing And Discontinued Operation": -3228000.0,
        "Total Expenses": 12158000.0,
        "Total Operating Income As Reported": -3205000.0,
        "Diluted Average Shares": 24554000.0,
        "Basic Average Shares": 24554000.0,
        "Diluted EPS": -0.13,
        "Basic EPS": -0.13,
        "Diluted NI Availto Com Stockholders": -3228000.0,
        "Net Income Common Stockholders": -3228000.0,
        "Net Income": -3228000.0,
        "Net Income Including Noncontrolling Interests": -3228000.0,
        "Net Income Continuous Operations": -3228000.0,
        "Tax Provision": 37000.0,
        "Pretax Income": -3191000.0,
        "Other Income Expense": -41000.0,
        "Other Non Operating Income Expenses": -41000.0,
        "Net Non Operating Interest Income Expense": 14000.0,
        "Total Other Finance Cost": NaN,
        "Interest Income Non Operating": 14000.0,
        "Operating Income": -3205000.0,
        "Operating Expense": 8807000.0,
        "Research And Development": 6395000.0,
        "Selling General And Administration": 2412000.0,
        "Gross Profit": 5602000.0,
        "Cost Of Revenue": 3351000.0,
        "Total Revenue": 8953000.0,
        "Operating Revenue": 8953000.0
    },
    "2022-06-30": {
        "Tax Effect Of Unusual Items": 0.0,
        "Tax Rate For Calcs": 0.4,
        "Normalized EBITDA": -3942000.0,
        "Net Income From Continuing Operation Net Minority Interest": -3976000.0,
        "Reconciled Depreciation": 256000.0,
        "Reconciled Cost Of Revenue": 3544000.0,
        "EBITDA": -3942000.0,
        "EBIT": -3942000.0,
        "Net Interest Income": 26000.0,
        "Interest Income": 22000.0,
        "Normalized Income": -3976000.0,
        "Net Income From Continuing And Discontinued Operation": -3976000.0,
        "Total Expenses": 12851000.0,
        "Total Operating Income As Reported": -3942000.0,
        "Diluted Average Shares": 24523000.0,
        "Basic Average Shares": 24523000.0,
        "Diluted EPS": -0.16,
        "Basic EPS": -0.16,
        "Diluted NI Availto Com Stockholders": -3976000.0,
        "Net Income Common Stockholders": -3976000.0,
        "Net Income": -3976000.0,
        "Net Income Including Noncontrolling Interests": -3976000.0,
        "Net Income Continuous Operations": -3976000.0,
        "Tax Provision": 60000.0,
        "Pretax Income": -3916000.0,
        "Other Income Expense": 4000.0,
        "Other Non Operating Income Expenses": 4000.0,
        "Net Non Operating Interest Income Expense": 26000.0,
        "Total Other Finance Cost": -26000.0,
        "Interest Income Non Operating": 22000.0,
        "Operating Income": -3942000.0,
        "Operating Expense": 9307000.0,
        "Research And Development": 6619000.0,
        "Selling General And Administration": 2688000.0,
        "Gross Profit": 5365000.0,
        "Cost Of Revenue": 3544000.0,
        "Total Revenue": 8909000.0,
        "Operating Revenue": 8909000.0
    },
    "2022-03-31": {
        "Diluted EPS": -0.12,
        "Total Revenue": 9,
        "Gross Profit": 5,
        "Operating Income": -3,
        "EBIT": -3,
        "Net Income": -3
    },
    "2021-12-31": {
        "Diluted EPS": -0.19,
        "Total Revenue": 8,
        "Gross Profit": 4,
        "Operating Income": -5,
        "EBIT": -4,
        "Net Income": -5
    },
    "2021-09-30": {
        "Diluted EPS": -0.19,
        "Total Revenue": 8,
        "Gross Profit": 4,
        "Operating Income": -5,
        "EBIT": -4,
        "Net Income": -5
    },
    "2021-06-30": {
        "Diluted EPS": -0.17,
        "Total Revenue": 9,
        "Gross Profit": 5,
        "Operating Income": -4,
        "EBIT": -4,
        "Net Income": -4
    },
    "2021-03-31": {
        "Diluted EPS": -0.21,
        "Total Revenue": 8,
        "Gross Profit": 4,
        "Operating Income": -5,
        "EBIT": -5,
        "Net Income": -5
    },
    "2020-12-31": {
        "Diluted EPS": -0.22,
        "Total Revenue": 7,
        "Gross Profit": 3,
        "Operating Income": -5,
        "EBIT": -5,
        "Net Income": -5
    },
    "2020-09-30": {
        "Diluted EPS": -0.22,
        "Total Revenue": 7,
        "Gross Profit": 3,
        "Operating Income": -5,
        "EBIT": -5,
        "Net Income": -5
    },
    "2020-06-30": {
        "Diluted EPS": -0.26,
        "Total Revenue": 7,
        "Gross Profit": 3,
        "Operating Income": -6,
        "EBIT": -5,
        "Net Income": -6
    },
    "2020-03-31": {
        "Diluted EPS": -0.16,
        "Total Revenue": 9,
        "Gross Profit": 4,
        "Operating Income": -4,
        "EBIT": -4,
        "Net Income": -4
    },
    "2019-12-31": {
        "Diluted EPS": -0.2,
        "Total Revenue": 10,
        "Gross Profit": 6,
        "Operating Income": -5,
        "EBIT": -4,
        "Net Income": -5
    },
    "2019-09-30": {
        "Diluted EPS": -0.08,
        "Total Revenue": 12,
        "Gross Profit": 7,
        "Operating Income": -2,
        "EBIT": -2,
        "Net Income": -2
    },
    "2019-06-30": {
        "Diluted EPS": -0.01,
        "Total Revenue": 13,
        "Gross Profit": 8,
        "Operating Income": 0,
        "EBIT": 0,
        "Net Income": 0
    },
    "2019-03-31": {
        "Diluted EPS": 0.01,
        "Total Revenue": 13,
        "Gross Profit": 8,
        "Operating Income": 0,
        "EBIT": 0,
        "Net Income": 0
    },
    "2018-12-31": {
        "Diluted EPS": 0.1,
        "Total Revenue": 15,
        "Gross Profit": 10,
        "Operating Income": 2,
        "EBIT": 3,
        "Net Income": 2
    },
    "2018-09-30": {
        "Diluted EPS": -0.02,
        "Total Revenue": 13,
        "Gross Profit": 8,
        "Operating Income": 0,
        "EBIT": 0,
        "Net Income": 0
    },
    "2018-06-30": {
        "Diluted EPS": -0.08,
        "Total Revenue": 11,
        "Gross Profit": 6,
        "Operating Income": -2,
        "EBIT": -1,
        "Net Income": -2
    },
    "2018-03-31": {
        "Diluted EPS": 0.01,
        "Total Revenue": 11,
        "Gross Profit": 6,
        "Operating Income": 0,
        "EBIT": 0,
        "Net Income": 0
    },
    "2017-12-31": {
        "Diluted EPS": -0.07,
        "Total Revenue": 11,
        "Gross Profit": 6,
        "Operating Income": -1,
        "EBIT": -1,
        "Net Income": -2
    },
    "2017-09-30": {
        "Diluted EPS": -0.08,
        "Total Revenue": 10,
        "Gross Profit": 5,
        "Operating Income": -2,
        "EBIT": -1,
        "Net Income": -2
    },
    "2017-06-30": {
        "Diluted EPS": -0.07,
        "Total Revenue": 11,
        "Gross Profit": 6,
        "Operating Income": -2,
        "EBIT": -1,
        "Net Income": -2
    },
    "2017-03-31": {
        "Diluted EPS": -0.07,
        "Total Revenue": 10,
        "Gross Profit": 6,
        "Operating Income": -2,
        "EBIT": -1,
        "Net Income": -1
    },
    "2016-12-31": {
        "Diluted EPS": 0.02,
        "Total Revenue": 11,
        "Gross Profit": 6,
        "Operating Income": 0,
        "EBIT": 1,
        "Net Income": 0
    },
    "2016-09-30": {
        "Diluted EPS": 0.03,
        "Total Revenue": 13,
        "Gross Profit": 7,
        "Operating Income": 0,
        "EBIT": 1,
        "Net Income": 1
    },
    "2016-06-30": {
        "Diluted EPS": 0.01,
        "Total Revenue": 13,
        "Gross Profit": 7,
        "Operating Income": 0,
        "EBIT": 1,
        "Net Income": 0
    },
    "2016-03-31": {
        "Diluted EPS": 0.0,
        "Total Revenue": 12,
        "Gross Profit": 6,
        "Operating Income": 0,
        "EBIT": 0,
        "Net Income": 0
    },
    "2015-12-31": {
        "Diluted EPS": -0.04,
        "Total Revenue": 13,
        "Gross Profit": 6,
        "Operating Income": -2,
        "EBIT": -1,
        "Net Income": -1
    },
    "2015-09-30": {
        "Diluted EPS": -0.02,
        "Total Revenue": 14,
        "Gross Profit": 7,
        "Operating Income": 0,
        "EBIT": 0,
        "Net Income": 0
    },
    "2015-06-30": {
        "Diluted EPS": -0.04,
        "Total Revenue": 14,
        "Gross Profit": 7,
        "Operating Income": -1,
        "EBIT": -1,
        "Net Income": -1
    },
    "2015-03-31": {
        "Diluted EPS": -0.12,
        "Total Revenue": 13,
        "Gross Profit": 6,
        "Operating Income": -3,
        "EBIT": -2,
        "Net Income": -3
    },
    "2014-12-31": {
        "Diluted EPS": 0.01,
        "Total Revenue": 14,
        "Gross Profit": 7,
        "Operating Income": -1,
        "EBIT": 0,
        "Net Income": 0
    },
    "2014-09-30": {
        "Diluted EPS": -0.04,
        "Total Revenue": 13,
        "Gross Profit": 6,
        "Operating Income": -1,
        "EBIT": 0,
        "Net Income": -1
    },
    "2014-06-30": {
        "Diluted EPS": -0.05,
        "Total Revenue": 13,
        "Gross Profit": 6,
        "Operating Income": -1,
        "EBIT": -1,
        "Net Income": -1
    },
    "2014-03-31": {
        "Diluted EPS": -0.19,
        "Total Revenue": 13,
        "Gross Profit": 6,
        "Operating Income": -4,
        "EBIT": -3,
        "Net Income": -5
    },
    "2013-12-31": {
        "Diluted EPS": -0.03,
        "Total Revenue": 14,
        "Gross Profit": 5,
        "Operating Income": -2,
        "EBIT": -1,
        "Net Income": -1
    },
    "2013-09-30": {
        "Diluted EPS": 0.01,
        "Total Revenue": 16,
        "Gross Profit": 7,
        "Operating Income": 0,
        "EBIT": 1,
        "Net Income": 0
    },
    "2013-06-30": {
        "Diluted EPS": -0.02,
        "Total Revenue": 16,
        "Gross Profit": 7,
        "Operating Income": -1,
        "EBIT": 0,
        "Net Income": 0
    },
    "2013-03-31": {
        "Diluted EPS": 0.04,
        "Total Revenue": 16,
        "Gross Profit": 7,
        "Operating Income": 0,
        "EBIT": 1,
        "Net Income": 1
    },
    "2012-12-31": {
        "Diluted EPS": 0.03,
        "Total Revenue": 18,
        "Gross Profit": 7,
        "Operating Income": 1,
        "EBIT": 1,
        "Net Income": 1
    },
    "2012-09-30": {
        "Diluted EPS": 0.04,
        "Total Revenue": 16,
        "Gross Profit": 7,
        "Operating Income": 2,
        "EBIT": 2,
        "Net Income": 1
    },
    "2012-06-30": {
        "Diluted EPS": 0.03,
        "Total Revenue": 17,
        "Gross Profit": 7,
        "Operating Income": 1,
        "EBIT": 2,
        "Net Income": 1
    },
    "2012-03-31": {
        "Diluted EPS": 0.03,
        "Total Revenue": 19,
        "Gross Profit": 9,
        "Operating Income": 0,
        "EBIT": 1,
        "Net Income": 1
    },
    "2011-12-31": {
        "Diluted EPS": 0.03,
        "Total Revenue": 20,
        "Gross Profit": 9,
        "Operating Income": 1,
        "EBIT": 2,
        "Net Income": 1
    },
    "2011-09-30": {
        "Diluted EPS": 0.06,
        "Total Revenue": 21,
        "Gross Profit": 9,
        "Operating Income": 2,
        "EBIT": 3,
        "Net Income": 2
    },
    "2011-06-30": {
        "Diluted EPS": 0.11,
        "Total Revenue": 23,
        "Gross Profit": 10,
        "Operating Income": 4,
        "EBIT": 5,
        "Net Income": 3
    },
    "2011-03-31": {
        "Diluted EPS": 0.11,
        "Total Revenue": 22,
        "Gross Profit": 10,
        "Operating Income": 5,
        "EBIT": 6,
        "Net Income": 3
    },
    "2010-12-31": {
        "Diluted EPS": 0.2,
        "Total Revenue": 26,
        "Gross Profit": 12,
        "Operating Income": 7,
        "EBIT": 8,
        "Net Income": 6
    },
    "2010-09-30": {
        "Diluted EPS": 0.18,
        "Total Revenue": 27,
        "Gross Profit": 12,
        "Operating Income": 7,
        "EBIT": 8,
        "Net Income": 5
    },
    "2010-06-30": {
        "Diluted EPS": 0.15,
        "Total Revenue": 23,
        "Gross Profit": 11,
        "Operating Income": 5,
        "EBIT": 6,
        "Net Income": 4
    },
    "2010-03-31": {
        "Diluted EPS": 0.14,
        "Total Revenue": 21,
        "Gross Profit": 9,
        "Operating Income": 4,
        "EBIT": 5,
        "Net Income": 4
    },
    "2009-12-31": {
        "Diluted EPS": 0.07,
        "Total Revenue": 17,
        "Gross Profit": 7,
        "Operating Income": 2,
        "EBIT": 3,
        "Net Income": 2
    },
    "2009-09-30": {
        "Diluted EPS": 0.09,
        "Total Revenue": 15,
        "Gross Profit": 7,
        "Operating Income": 2,
        "EBIT": 2,
        "Net Income": 2
    },
    "2009-06-30": {
        "Diluted EPS": 0.08,
        "Total Revenue": 14,
        "Gross Profit": 6,
        "Operating Income": 2,
        "EBIT": 3,
        "Net Income": 2
    },
    "2009-03-31": {
        "Diluted EPS": 0.05,
        "Total Revenue": 14,
        "Gross Profit": 5,
        "Operating Income": 1,
        "EBIT": 2,
        "Net Income": 1
    },
    "2023-09-30": {
        "Tax Effect Of Unusual Items": NaN,
        "Tax Rate For Calcs": NaN,
        "Normalized EBITDA": NaN,
        "Total Unusual Items": 0.0,
        "Total Unusual Items Excluding Goodwill": 0.0,
        "Net Income From Continuing Operation Net Minority Interest": NaN,
        "Reconciled Depreciation": NaN,
        "Reconciled Cost Of Revenue": NaN,
        "EBITDA": NaN,
        "EBIT": NaN,
        "Net Interest Income": NaN,
        "Interest Income": NaN,
        "Normalized Income": NaN,
        "Net Income From Continuing And Discontinued Operation": NaN,
        "Total Expenses": NaN,
        "Total Operating Income As Reported": NaN,
        "Diluted Average Shares": NaN,
        "Basic Average Shares": NaN,
        "Diluted EPS": NaN,
        "Basic EPS": NaN,
        "Diluted NI Availto Com Stockholders": NaN,
        "Net Income Common Stockholders": NaN,
        "Net Income": NaN,
        "Net Income Including Noncontrolling Interests": NaN,
        "Net Income Continuous Operations": NaN,
        "Tax Provision": NaN,
        "Pretax Income": NaN,
        "Other Income Expense": NaN,
        "Other Non Operating Income Expenses": NaN,
        "Special Income Charges": 0.0,
        "Gain On Sale Of Ppe": 0.0,
        "Net Non Operating Interest Income Expense": NaN,
        "Interest Income Non Operating": NaN,
        "Operating Income": NaN,
        "Operating Expense": NaN,
        "Research And Development": NaN,
        "Selling General And Administration": NaN,
        "Gross Profit": NaN,
        "Cost Of Revenue": NaN,
        "Total Revenue": NaN,
        "Operating Revenue": NaN
    },
    "2023-12-31": {
        "Tax Effect Of Unusual Items": NaN,
        "Tax Rate For Calcs": NaN,
        "Normalized EBITDA": NaN,
        "Total Unusual Items": 0.0,
        "Total Unusual Items Excluding Goodwill": 0.0,
        "Net Income From Continuing Operation Net Minority Interest": NaN,
        "Reconciled Depreciation": NaN,
        "Reconciled Cost Of Revenue": NaN,
        "EBITDA": NaN,
        "EBIT": NaN,
        "Net Interest Income": NaN,
        "Interest Income": NaN,
        "Normalized Income": NaN,
        "Net Income From Continuing And Discontinued Operation": NaN,
        "Total Expenses": NaN,
        "Total Operating Income As Reported": NaN,
        "Diluted Average Shares": NaN,
        "Basic Average Shares": NaN,
        "Diluted EPS": NaN,
        "Basic EPS": NaN,
        "Diluted NI Availto Com Stockholders": NaN,
        "Net Income Common Stockholders": NaN,
        "Net Income": NaN,
        "Net Income Including Noncontrolling Interests": NaN,
        "Net Income Continuous Operations": NaN,
        "Tax Provision": NaN,
        "Pretax Income": NaN,
        "Other Income Expense": NaN,
        "Other Non Operating Income Expenses": NaN,
        "Special Income Charges": 0.0,
        "Gain On Sale Of Ppe": 0.0,
        "Net Non Operating Interest Income Expense": NaN,
        "Interest Income Non Operating": NaN,
        "Operating Income": NaN,
        "Operating Expense": NaN,
        "Research And Development": NaN,
        "Selling General And Administration": NaN,
        "Gross Profit": NaN,
        "Cost Of Revenue": NaN,
        "Total Revenue": NaN,
        "Operating Revenue": NaN
    },
    "2024-03-31": {
        "Tax Effect Of Unusual Items": 0.0,
        "Tax Rate For Calcs": 0.019292,
        "Normalized EBITDA": -4305000.0,
        "Total Unusual Items": NaN,
        "Total Unusual Items Excluding Goodwill": NaN,
        "Net Income From Continuing Operation Net Minority Interest": -4321000.0,
        "Reconciled Depreciation": 209000.0,
        "Reconciled Cost Of Revenue": 2494000.0,
        "EBITDA": -4305000.0,
        "EBIT": -4514000.0,
        "Net Interest Income": 117000.0,
        "Interest Income": 117000.0,
        "Normalized Income": -4321000.0,
        "Net Income From Continuing And Discontinued Operation": -4321000.0,
        "Total Expenses": 9666000.0,
        "Total Operating Income As Reported": -4514000.0,
        "Diluted Average Shares": 25297000.0,
        "Basic Average Shares": 25297000.0,
        "Diluted EPS": -0.17,
        "Basic EPS": -0.17,
        "Diluted NI Availto Com Stockholders": -4321000.0,
        "Net Income Common Stockholders": -4321000.0,
        "Net Income": -4321000.0,
        "Net Income Including Noncontrolling Interests": -4321000.0,
        "Net Income Continuous Operations": -4321000.0,
        "Tax Provision": -85000.0,
        "Pretax Income": -4406000.0,
        "Other Income Expense": -9000.0,
        "Other Non Operating Income Expenses": -9000.0,
        "Special Income Charges": NaN,
        "Gain On Sale Of Ppe": NaN,
        "Net Non Operating Interest Income Expense": 117000.0,
        "Interest Income Non Operating": 117000.0,
        "Operating Income": -4514000.0,
        "Operating Expense": 7172000.0,
        "Research And Development": 4818000.0,
        "Selling General And Administration": 2354000.0,
        "Gross Profit": 2658000.0,
        "Cost Of Revenue": 2494000.0,
        "Total Revenue": 5152000.0,
        "Operating Revenue": 5152000.0
    },
    "2024-06-30": {
        "Tax Effect Of Unusual Items": 288113.656388,
        "Tax Rate For Calcs": 0.05022,
        "Normalized EBITDA": -10202000.0,
        "Total Unusual Items": 5737000.0,
        "Total Unusual Items Excluding Goodwill": 5737000.0,
        "Net Income From Continuing Operation Net Minority Interest": 1078000.0,
        "Reconciled Depreciation": 192000.0,
        "Reconciled Cost Of Revenue": 2510000.0,
        "EBITDA": -4465000.0,
        "EBIT": -4657000.0,
        "Net Interest Income": 88000.0,
        "Interest Income": 88000.0,
        "Normalized Income": -4370886.343612,
        "Net Income From Continuing And Discontinued Operation": 1078000.0,
        "Total Expenses": 9328000.0,
        "Total Operating Income As Reported": 1080000.0,
        "Diluted Average Shares": NaN,
        "Basic Average Shares": NaN,
        "Diluted EPS": NaN,
        "Basic EPS": NaN,
        "Diluted NI Availto Com Stockholders": 1078000.0,
        "Net Income Common Stockholders": 1078000.0,
        "Net Income": 1078000.0,
        "Net Income Including Noncontrolling Interests": 1078000.0,
        "Net Income Continuous Operations": 1078000.0,
        "Tax Provision": 57000.0,
        "Pretax Income": 1135000.0,
        "Other Income Expense": 5704000.0,
        "Other Non Operating Income Expenses": -33000.0,
        "Special Income Charges": 5737000.0,
        "Gain On Sale Of Ppe": 5737000.0,
        "Net Non Operating Interest Income Expense": 88000.0,
        "Interest Income Non Operating": 88000.0,
        "Operating Income": -4657000.0,
        "Operating Expense": 6818000.0,
        "Research And Development": 4214000.0,
        "Selling General And Administration": 2604000.0,
        "Gross Profit": 2161000.0,
        "Cost Of Revenue": 2510000.0,
        "Total Revenue": 4671000.0,
        "Operating Revenue": 4671000.0
    },
    "2024-09-30": {
        "Tax Effect Of Unusual Items": 0.0,
        "Tax Rate For Calcs": 0.21,
        "Normalized EBITDA": -5424000.0,
        "Total Unusual Items": 0.0,
        "Total Unusual Items Excluding Goodwill": 0.0,
        "Net Income From Continuing Operation Net Minority Interest": -5458000.0,
        "Reconciled Depreciation": 160000.0,
        "Reconciled Cost Of Revenue": 2793000.0,
        "EBITDA": -5424000.0,
        "EBIT": -5584000.0,
        "Net Interest Income": 162000.0,
        "Interest Income": 162000.0,
        "Normalized Income": -5458000.0,
        "Net Income From Continuing And Discontinued Operation": -5458000.0,
        "Total Expenses": 10134000.0,
        "Total Operating Income As Reported": -5584000.0,
        "Diluted Average Shares": 25467000.0,
        "Basic Average Shares": 25467000.0,
        "Diluted EPS": -0.21,
        "Basic EPS": -0.21,
        "Diluted NI Availto Com Stockholders": -5458000.0,
        "Net Income Common Stockholders": -5458000.0,
        "Net Income": -5458000.0,
        "Net Income Including Noncontrolling Interests": -5458000.0,
        "Net Income Continuous Operations": -5458000.0,
        "Tax Provision": 23000.0,
        "Pretax Income": -5435000.0,
        "Other Income Expense": -13000.0,
        "Other Non Operating Income Expenses": -13000.0,
        "Special Income Charges": 0.0,
        "Gain On Sale Of Ppe": 0.0,
        "Net Non Operating Interest Income Expense": 162000.0,
        "Interest Income Non Operating": 162000.0,
        "Operating Income": -5584000.0,
        "Operating Expense": 7341000.0,
        "Research And Development": 4788000.0,
        "Selling General And Administration": 2553000.0,
        "Gross Profit": 1757000.0,
        "Cost Of Revenue": 2793000.0,
        "Total Revenue": 4550000.0,
        "Operating Revenue": 4550000.0
    },
    "2024-12-31": {
        "Tax Effect Of Unusual Items": 11760.0,
        "Tax Rate For Calcs": 0.21,
        "Normalized EBITDA": -4008000.0,
        "Total Unusual Items": 56000.0,
        "Total Unusual Items Excluding Goodwill": 56000.0,
        "Net Income From Continuing Operation Net Minority Interest": -4029000.0,
        "Reconciled Depreciation": 159000.0,
        "Reconciled Cost Of Revenue": 2491000.0,
        "EBITDA": -3952000.0,
        "EBIT": -4111000.0,
        "Net Interest Income": 132000.0,
        "Interest Income": 132000.0,
        "Normalized Income": -4073240.0,
        "Net Income From Continuing And Discontinued Operation": -4029000.0,
        "Total Expenses": 9525000.0,
        "Total Operating Income As Reported": -4055000.0,
        "Diluted Average Shares": 25546000.0,
        "Basic Average Shares": 25546000.0,
        "Diluted EPS": -0.16,
        "Basic EPS": -0.16,
        "Diluted NI Availto Com Stockholders": -4029000.0,
        "Net Income Common Stockholders": -4029000.0,
        "Net Income": -4029000.0,
        "Net Income Including Noncontrolling Interests": -4029000.0,
        "Net Income Continuous Operations": -4029000.0,
        "Tax Provision": 44000.0,
        "Pretax Income": -3985000.0,
        "Other Income Expense": -6000.0,
        "Other Non Operating Income Expenses": -62000.0,
        "Special Income Charges": 56000.0,
        "Gain On Sale Of Ppe": 56000.0,
        "Net Non Operating Interest Income Expense": 132000.0,
        "Interest Income Non Operating": 132000.0,
        "Operating Income": -4111000.0,
        "Operating Expense": 7034000.0,
        "Research And Development": 4037000.0,
        "Selling General And Administration": 2997000.0,
        "Gross Profit": 2923000.0,
        "Cost Of Revenue": 2491000.0,
        "Total Revenue": 5414000.0,
        "Operating Revenue": 5414000.0
    },
    "2025-03-31": {
        "Tax Effect Of Unusual Items": 0.0,
        "Tax Rate For Calcs": 0.21,
        "Normalized EBITDA": -2122000.0,
        "Total Unusual Items": 0.0,
        "Total Unusual Items Excluding Goodwill": 0.0,
        "Net Income From Continuing Operation Net Minority Interest": -2230000.0,
        "Reconciled Depreciation": 154000.0,
        "Reconciled Cost Of Revenue": 2584000.0,
        "EBITDA": -2122000.0,
        "EBIT": -2276000.0,
        "Net Interest Income": 64000.0,
        "Interest Income": 64000.0,
        "Normalized Income": -2230000.0,
        "Net Income From Continuing And Discontinued Operation": -2230000.0,
        "Total Expenses": 8159000.0,
        "Total Operating Income As Reported": -2276000.0,
        "Diluted Average Shares": 25604000.0,
        "Basic Average Shares": 25604000.0,
        "Diluted EPS": -0.09,
        "Basic EPS": -0.09,
        "Diluted NI Availto Com Stockholders": -2230000.0,
        "Net Income Common Stockholders": -2230000.0,
        "Net Income": -2230000.0,
        "Net Income Including Noncontrolling Interests": -2230000.0,
        "Net Income Continuous Operations": -2230000.0,
        "Tax Provision": 6000.0,
        "Pretax Income": -2224000.0,
        "Other Income Expense": -12000.0,
        "Other Non Operating Income Expenses": -12000.0,
        "Special Income Charges": 0.0,
        "Gain On Sale Of Ppe": 0.0,
        "Net Non Operating Interest Income Expense": 64000.0,
        "Interest Income Non Operating": 64000.0,
        "Operating Income": -2276000.0,
        "Operating Expense": 5575000.0,
        "Research And Development": 2966000.0,
        "Selling General And Administration": 2609000.0,
        "Gross Profit": 3299000.0,
        "Cost Of Revenue": 2584000.0,
        "Total Revenue": 5883000.0,
        "Operating Revenue": 5883000.0
    },
    "2025-06-30": {
        "Tax Effect Of Unusual Items": 0.0,
        "Tax Rate For Calcs": 0.21,
        "Normalized EBITDA": -2027000.0,
        "Total Unusual Items": 0.0,
        "Total Unusual Items Excluding Goodwill": 0.0,
        "Net Income From Continuing Operation Net Minority Interest": -2217000.0,
        "Reconciled Depreciation": 149000.0,
        "Reconciled Cost Of Revenue": 2632000.0,
        "EBITDA": -2027000.0,
        "EBIT": -2176000.0,
        "Net Interest Income": 66000.0,
        "Interest Income": 66000.0,
        "Normalized Income": -2217000.0,
        "Net Income From Continuing And Discontinued Operation": -2217000.0,
        "Total Expenses": 8459000.0,
        "Total Operating Income As Reported": -2176000.0,
        "Diluted Average Shares": 26967000.0,
        "Basic Average Shares": 26967000.0,
        "Diluted EPS": -0.08,
        "Basic EPS": -0.08,
        "Diluted NI Availto Com Stockholders": -2217000.0,
        "Net Income Common Stockholders": -2217000.0,
        "Net Income": -2217000.0,
        "Net Income Including Noncontrolling Interests": -2217000.0,
        "Net Income Continuous Operations": -2217000.0,
        "Tax Provision": 54000.0,
        "Pretax Income": -2163000.0,
        "Other Income Expense": -53000.0,
        "Other Non Operating Income Expenses": -53000.0,
        "Special Income Charges": 0.0,
        "Gain On Sale Of Ppe": 0.0,
        "Net Non Operating Interest Income Expense": 66000.0,
        "Interest Income Non Operating": 66000.0,
        "Operating Income": -2176000.0,
        "Operating Expense": 5827000.0,
        "Research And Development": 3097000.0,
        "Selling General And Administration": 2730000.0,
        "Gross Profit": 3651000.0,
        "Cost Of Revenue": 2632000.0,
        "Total Revenue": 6283000.0,
        "Operating Revenue": 6283000.0
    },
    "2025-09-30": {
        "Tax Effect Of Unusual Items": NaN,
        "Tax Rate For Calcs": NaN,
        "Normalized EBITDA": NaN,
        "Total Unusual Items": NaN,
        "Total Unusual Items Excluding Goodwill": NaN,
        "Net Income From Continuing Operation Net Minority Interest": NaN,
        "Reconciled Depreciation": NaN,
        "Reconciled Cost Of Revenue": NaN,
        "EBITDA": NaN,
        "EBIT": NaN,
        "Net Interest Income": NaN,
        "Interest Income": NaN,
        "Normalized Income": NaN,
        "Net Income From Continuing And Discontinued Operation": NaN,
        "Total Expenses": NaN,
        "Total Operating Income As Reported": NaN,
        "Diluted Average Shares": 29630000.0,
        "Basic Average Shares": 29630000.0,
        "Diluted EPS": -0.11,
        "Basic EPS": -0.11,
        "Diluted NI Availto Com Stockholders": NaN,
        "Net Income Common Stockholders": NaN,
        "Net Income": NaN,
        "Net Income Including Noncontrolling Interests": NaN,
        "Net Income Continuous Operations": NaN,
        "Tax Provision": NaN,
        "Pretax Income": NaN,
        "Other Income Expense": NaN,
        "Other Non Operating Income Expenses": NaN,
        "Special Income Charges": NaN,
        "Gain On Sale Of Ppe": NaN,
        "Net Non Operating Interest Income Expense": NaN,
        "Interest Income Non Operating": NaN,
        "Operating Income": NaN,
        "Operating Expense": NaN,
        "Research And Development": NaN,
        "Selling General And Administration": NaN,
        "Gross Profit": NaN,
        "Cost Of Revenue": NaN,
        "Total Revenue": NaN,
        "Operating Revenue": NaN
    }
}