{
    "2023-03-31": {
        "Tax Effect Of Unusual Items": NaN,
        "Tax Rate For Calcs": NaN,
        "Normalized EBITDA": NaN,
        "Total Unusual Items": NaN,
        "Total Unusual Items Excluding Goodwill": NaN,
        "Net Income From Continuing Operation Net Minority Interest": NaN,
        "Reconciled Depreciation": NaN,
        "Reconciled Cost Of Revenue": NaN,
        "EBITDA": NaN,
        "EBIT": NaN,
        "Net Interest Income": NaN,
        "Interest Expense": NaN,
        "Interest Income": NaN,
        "Normalized Income": NaN,
        "Net Income From Continuing And Discontinued Operation": NaN,
        "Total Expenses": NaN,
        "Total Operating Income As Reported": NaN,
        "Diluted Average Shares": 35696225.0,
        "Basic Average Shares": 35696225.0,
        "Diluted EPS": 2.12,
        "Basic EPS": 2.12,
        "Diluted NI Availto Com Stockholders": NaN,
        "Net Income Common Stockholders": NaN,
        "Preferred Stock Dividends": NaN,
        "Net Income": NaN,
        "Net Income Including Noncontrolling Interests": NaN,
        "Net Income Continuous Operations": NaN,
        "Tax Provision": NaN,
        "Pretax Income": NaN,
        "Other Income Expense": NaN,
        "Other Non Operating Income Expenses": NaN,
        "Gain On Sale Of Security": NaN,
        "Net Non Operating Interest Income Expense": NaN,
        "Interest Expense Non Operating": NaN,
        "Interest Income Non Operating": NaN,
        "Operating Income": NaN,
        "Operating Expense": NaN,
        "Selling General And Administration": NaN,
        "General And Administrative Expense": NaN,
        "Other Gand A": NaN,
        "Gross Profit": NaN,
        "Cost Of Revenue": NaN,
        "Total Revenue": NaN,
        "Operating Revenue": NaN
    },
    "2022-12-31": {
        "Tax Effect Of Unusual Items": NaN,
        "Tax Rate For Calcs": NaN,
        "Normalized EBITDA": NaN,
        "Total Unusual Items": NaN,
        "Total Unusual Items Excluding Goodwill": NaN,
        "Net Income From Continuing Operation Net Minority Interest": NaN,
        "Reconciled Depreciation": NaN,
        "Reconciled Cost Of Revenue": NaN,
        "EBITDA": NaN,
        "EBIT": NaN,
        "Net Interest Income": NaN,
        "Interest Expense": NaN,
        "Interest Income": NaN,
        "Normalized Income": NaN,
        "Net Income From Continuing And Discontinued Operation": NaN,
        "Total Expenses": NaN,
        "Total Operating Income As Reported": NaN,
        "Diluted Average Shares": NaN,
        "Basic Average Shares": NaN,
        "Diluted EPS": NaN,
        "Basic EPS": NaN,
        "Diluted NI Availto Com Stockholders": NaN,
        "Net Income Common Stockholders": NaN,
        "Preferred Stock Dividends": NaN,
        "Net Income": NaN,
        "Net Income Including Noncontrolling Interests": NaN,
        "Net Income Continuous Operations": NaN,
        "Tax Provision": NaN,
        "Pretax Income": NaN,
        "Other Income Expense": NaN,
        "Other Non Operating Income Expenses": NaN,
        "Special Income Charges": -3033000.0,
        "Gain On Sale Of Ppe": 0.0,
        "Gain On Sale Of Security": NaN,
        "Net Non Operating Interest Income Expense": NaN,
        "Interest Expense Non Operating": NaN,
        "Interest Income Non Operating": NaN,
        "Operating Income": NaN,
        "Operating Expense": NaN,
        "Selling General And Administration": NaN,
        "General And Administrative Expense": NaN,
        "Other Gand A": NaN,
        "Gross Profit": NaN,
        "Cost Of Revenue": NaN,
        "Total Revenue": NaN,
        "Operating Revenue": NaN
    },
    "2022-09-30": {
        "Tax Effect Of Unusual Items": NaN,
        "Tax Rate For Calcs": NaN,
        "Normalized EBITDA": NaN,
        "Total Unusual Items": NaN,
        "Total Unusual Items Excluding Goodwill": NaN,
        "Net Income From Continuing Operation Net Minority Interest": NaN,
        "Reconciled Depreciation": NaN,
        "Reconciled Cost Of Revenue": NaN,
        "EBITDA": NaN,
        "EBIT": NaN,
        "Net Interest Income": NaN,
        "Interest Expense": NaN,
        "Interest Income": NaN,
        "Normalized Income": NaN,
        "Net Income From Continuing And Discontinued Operation": NaN,
        "Total Expenses": NaN,
        "Total Operating Income As Reported": NaN,
        "Diluted Average Shares": NaN,
        "Basic Average Shares": NaN,
        "Diluted EPS": NaN,
        "Basic EPS": NaN,
        "Diluted NI Availto Com Stockholders": NaN,
        "Net Income Common Stockholders": NaN,
        "Preferred Stock Dividends": NaN,
        "Net Income": NaN,
        "Net Income Including Noncontrolling Interests": NaN,
        "Net Income Continuous Operations": NaN,
        "Tax Provision": NaN,
        "Pretax Income": NaN,
        "Other Income Expense": NaN,
        "Other Non Operating Income Expenses": NaN,
        "Special Income Charges": 0.0,
        "Gain On Sale Of Ppe": 0.0,
        "Gain On Sale Of Security": NaN,
        "Net Non Operating Interest Income Expense": NaN,
        "Interest Expense Non Operating": NaN,
        "Interest Income Non Operating": NaN,
        "Operating Income": NaN,
        "Operating Expense": NaN,
        "Selling General And Administration": NaN,
        "General And Administrative Expense": NaN,
        "Other Gand A": NaN,
        "Gross Profit": NaN,
        "Cost Of Revenue": NaN,
        "Total Revenue": NaN,
        "Operating Revenue": NaN
    },
    "2022-06-30": {
        "Tax Effect Of Unusual Items": 0.0,
        "Tax Rate For Calcs": 0.0,
        "Normalized EBITDA": 117966000.0,
        "Total Unusual Items": 2084000.0,
        "Total Unusual Items Excluding Goodwill": 2084000.0,
        "Net Income From Continuing Operation Net Minority Interest": 56915000.0,
        "Reconciled Depreciation": 33128000.0,
        "Reconciled Cost Of Revenue": 66816000.0,
        "EBITDA": 120050000.0,
        "EBIT": 86922000.0,
        "Net Interest Income": -29742000.0,
        "Interest Expense": 30007000.0,
        "Interest Income": 265000.0,
        "Normalized Income": 54831000.0,
        "Net Income From Continuing And Discontinued Operation": 56915000.0,
        "Total Expenses": 69690000.0,
        "Total Operating Income As Reported": 84766000.0,
        "Diluted Average Shares": 36726708.0,
        "Basic Average Shares": 36726708.0,
        "Diluted EPS": 1.452649,
        "Basic EPS": 1.452649,
        "Diluted NI Availto Com Stockholders": 54531000.0,
        "Net Income Common Stockholders": 54531000.0,
        "Preferred Stock Dividends": 2384000.0,
        "Net Income": 56915000.0,
        "Net Income Including Noncontrolling Interests": 56915000.0,
        "Net Income Continuous Operations": 56915000.0,
        "Tax Provision": 0.0,
        "Pretax Income": 56915000.0,
        "Other Income Expense": 12456000.0,
        "Other Non Operating Income Expenses": 10372000.0,
        "Special Income Charges": 0.0,
        "Gain On Sale Of Ppe": 0.0,
        "Impairment Of Capital Assets": NaN,
        "Gain On Sale Of Security": 2084000.0,
        "Net Non Operating Interest Income Expense": -29742000.0,
        "Interest Expense Non Operating": 30007000.0,
        "Interest Income Non Operating": 265000.0,
        "Operating Income": 74201000.0,
        "Operating Expense": 2874000.0,
        "Selling General And Administration": 2874000.0,
        "General And Administrative Expense": 2874000.0,
        "Other Gand A": 2874000.0,
        "Gross Profit": 77075000.0,
        "Cost Of Revenue": 66816000.0,
        "Total Revenue": 143891000.0,
        "Operating Revenue": 143891000.0
    },
    "2022-03-31": {
        "Diluted EPS": 1.86,
        "Total Revenue": 154,
        "Gross Profit": 110,
        "Operating Income": 84,
        "EBIT": 92,
        "Net Income": 68
    },
    "2021-12-31": {
        "Diluted EPS": 1.91,
        "Total Revenue": 154,
        "Gross Profit": 105,
        "Operating Income": 82,
        "EBIT": 84,
        "Net Income": 66
    },
    "2021-09-30": {
        "Diluted EPS": 1.73,
        "Total Revenue": 139,
        "Gross Profit": 100,
        "Operating Income": 80,
        "EBIT": 75,
        "Net Income": 63
    },
    "2021-06-30": {
        "Diluted EPS": 0.83,
        "Total Revenue": 83,
        "Gross Profit": 53,
        "Operating Income": 45,
        "EBIT": 58,
        "Net Income": 30
    },
    "2021-03-31": {
        "Diluted EPS": 0.13,
        "Total Revenue": 73,
        "Gross Profit": 47,
        "Operating Income": 30,
        "EBIT": 54,
        "Net Income": 4
    },
    "2020-12-31": {
        "Diluted EPS": 0.34,
        "Total Revenue": 70,
        "Gross Profit": 51,
        "Operating Income": 26,
        "EBIT": 39,
        "Net Income": -5
    },
    "2020-09-30": {
        "Diluted EPS": 0.44,
        "Total Revenue": 71,
        "Gross Profit": 43,
        "Operating Income": 29,
        "EBIT": 42,
        "Net Income": 14
    },
    "2020-06-30": {
        "Diluted EPS": 0.42,
        "Total Revenue": 71,
        "Gross Profit": 44,
        "Operating Income": 30,
        "EBIT": 42,
        "Net Income": 13
    },
    "2020-03-31": {
        "Diluted EPS": 0.02,
        "Total Revenue": 71,
        "Gross Profit": 30,
        "Operating Income": 20,
        "EBIT": 35,
        "Net Income": 1
    },
    "2019-12-31": {
        "Diluted EPS": 0.7,
        "Total Revenue": 68,
        "Gross Profit": 40,
        "Operating Income": 27,
        "EBIT": 40,
        "Net Income": -11
    },
    "2019-09-30": {
        "Diluted EPS": 0.0,
        "Total Revenue": 66,
        "Gross Profit": 42,
        "Operating Income": 29,
        "EBIT": 41,
        "Net Income": 11
    },
    "2019-06-30": {
        "Diluted EPS": 0.36,
        "Total Revenue": 63,
        "Gross Profit": 40,
        "Operating Income": 27,
        "EBIT": 39,
        "Net Income": 8
    },
    "2019-03-31": {
        "Diluted EPS": 0.42,
        "Total Revenue": 65,
        "Gross Profit": 42,
        "Operating Income": 29,
        "EBIT": 41,
        "Net Income": 10
    },
    "2018-12-31": {
        "Diluted EPS": -9.32,
        "Total Revenue": 50,
        "Gross Profit": 31,
        "Operating Income": -56,
        "EBIT": -43,
        "Net Income": -73
    },
    "2018-09-30": {
        "Diluted EPS": 0.64,
        "Total Revenue": 36,
        "Gross Profit": 25,
        "Operating Income": 15,
        "EBIT": 25,
        "Net Income": 4
    },
    "2018-06-30": {
        "Diluted EPS": 0.56,
        "Total Revenue": 35,
        "Gross Profit": 25,
        "Operating Income": 15,
        "EBIT": 24,
        "Net Income": 4
    },
    "2018-03-31": {
        "Diluted EPS": 0.7,
        "Total Revenue": 36,
        "Gross Profit": 26,
        "Operating Income": 15,
        "EBIT": 24,
        "Net Income": 4
    },
    "2017-12-31": {
        "Diluted EPS": -16.65,
        "Total Revenue": 38,
        "Gross Profit": 26,
        "Operating Income": -72,
        "EBIT": -47,
        "Net Income": -100
    },
    "2017-09-30": {
        "Diluted EPS": 1.52,
        "Total Revenue": 41,
        "Gross Profit": 31,
        "Operating Income": 20,
        "EBIT": 30,
        "Net Income": 9
    },
    "2017-06-30": {
        "Diluted EPS": 1.12,
        "Total Revenue": 40,
        "Gross Profit": 29,
        "Operating Income": 19,
        "EBIT": 29,
        "Net Income": 7
    },
    "2017-03-31": {
        "Diluted EPS": 1.12,
        "Total Revenue": 40,
        "Gross Profit": 29,
        "Operating Income": 18,
        "EBIT": 29,
        "Net Income": 7
    },
    "2016-12-31": {
        "Diluted EPS": -9.28,
        "Total Revenue": 41,
        "Gross Profit": 30,
        "Operating Income": -45,
        "EBIT": -34,
        "Net Income": -55
    },
    "2016-09-30": {
        "Diluted EPS": -3.92,
        "Total Revenue": 41,
        "Gross Profit": 29,
        "Operating Income": -12,
        "EBIT": -1,
        "Net Income": -24
    },
    "2016-06-30": {
        "Diluted EPS": 1.04,
        "Total Revenue": 41,
        "Gross Profit": 30,
        "Operating Income": 18,
        "EBIT": 29,
        "Net Income": 6
    },
    "2016-03-31": {
        "Diluted EPS": 0.8,
        "Total Revenue": 43,
        "Gross Profit": 31,
        "Operating Income": 18,
        "EBIT": 30,
        "Net Income": 5
    },
    "2015-12-31": {
        "Diluted EPS": 1.04,
        "Total Revenue": 44,
        "Gross Profit": 32,
        "Operating Income": 19,
        "EBIT": 31,
        "Net Income": 6
    },
    "2015-09-30": {
        "Diluted EPS": -6.88,
        "Total Revenue": 42,
        "Gross Profit": 29,
        "Operating Income": -28,
        "EBIT": -16,
        "Net Income": -41
    },
    "2015-06-30": {
        "Diluted EPS": 0.48,
        "Total Revenue": 41,
        "Gross Profit": 28,
        "Operating Income": 15,
        "EBIT": 27,
        "Net Income": 3
    },
    "2015-03-31": {
        "Diluted EPS": 0.0,
        "Total Revenue": 38,
        "Gross Profit": 25,
        "Operating Income": 13,
        "EBIT": 24,
        "Net Income": 0
    },
    "2014-12-31": {
        "Diluted EPS": -0.16,
        "Total Revenue": 37,
        "Gross Profit": 24,
        "Operating Income": 12,
        "EBIT": 23,
        "Net Income": -1
    },
    "2014-09-30": {
        "Diluted EPS": 1.04,
        "Total Revenue": 34,
        "Gross Profit": 22,
        "Operating Income": 10,
        "EBIT": 21,
        "Net Income": 6
    },
    "2014-06-30": {
        "Diluted EPS": -0.4,
        "Total Revenue": 34,
        "Gross Profit": 21,
        "Operating Income": 10,
        "EBIT": 20,
        "Net Income": -2
    },
    "2014-03-31": {
        "Diluted EPS": 0.32,
        "Total Revenue": 34,
        "Gross Profit": 23,
        "Operating Income": 11,
        "EBIT": 24,
        "Net Income": 2
    },
    "2013-12-31": {
        "Diluted EPS": 1.36,
        "Total Revenue": 36,
        "Gross Profit": 24,
        "Operating Income": 13,
        "EBIT": 23,
        "Net Income": 8
    },
    "2013-09-30": {
        "Diluted EPS": 1.2,
        "Total Revenue": 36,
        "Gross Profit": 25,
        "Operating Income": 13,
        "EBIT": 23,
        "Net Income": 7
    },
    "2013-06-30": {
        "Diluted EPS": 1.68,
        "Total Revenue": 36,
        "Gross Profit": 24,
        "Operating Income": 13,
        "EBIT": 23,
        "Net Income": 10
    },
    "2013-03-31": {
        "Diluted EPS": 1.2,
        "Total Revenue": 35,
        "Gross Profit": 24,
        "Operating Income": 12,
        "EBIT": 22,
        "Net Income": 7
    },
    "2012-12-31": {
        "Diluted EPS": 1.28,
        "Total Revenue": 36,
        "Gross Profit": 25,
        "Operating Income": 13,
        "EBIT": 23,
        "Net Income": 8
    },
    "2012-09-30": {
        "Diluted EPS": 1.44,
        "Total Revenue": 39,
        "Gross Profit": 28,
        "Operating Income": 17,
        "EBIT": 27,
        "Net Income": 8
    },
    "2012-06-30": {
        "Diluted EPS": 1.28,
        "Total Revenue": 39,
        "Gross Profit": 28,
        "Operating Income": 17,
        "EBIT": 27,
        "Net Income": 8
    },
    "2012-03-31": {
        "Diluted EPS": 1.36,
        "Total Revenue": 38,
        "Gross Profit": 27,
        "Operating Income": 15,
        "EBIT": 25,
        "Net Income": 8
    },
    "2011-12-31": {
        "Diluted EPS": 1.84,
        "Total Revenue": 40,
        "Gross Profit": 28,
        "Operating Income": 17,
        "EBIT": 26,
        "Net Income": 11
    },
    "2011-09-30": {
        "Diluted EPS": -0.16,
        "Total Revenue": 39,
        "Gross Profit": 27,
        "Operating Income": 15,
        "EBIT": 25,
        "Net Income": -1
    },
    "2011-06-30": {
        "Diluted EPS": -2.0,
        "Total Revenue": 39,
        "Gross Profit": 28,
        "Operating Income": 2,
        "EBIT": 12,
        "Net Income": -12
    },
    "2011-03-31": {
        "Diluted EPS": 1.84,
        "Total Revenue": 39,
        "Gross Profit": 28,
        "Operating Income": 16,
        "EBIT": 26,
        "Net Income": 11
    },
    "2010-12-31": {
        "Diluted EPS": 0.32,
        "Total Revenue": 40,
        "Gross Profit": 29,
        "Operating Income": -1,
        "EBIT": 9,
        "Net Income": 1
    },
    "2010-09-30": {
        "Diluted EPS": -0.64,
        "Total Revenue": 40,
        "Gross Profit": 29,
        "Operating Income": 17,
        "EBIT": 27,
        "Net Income": -4
    },
    "2010-06-30": {
        "Diluted EPS": -0.88,
        "Total Revenue": 40,
        "Gross Profit": 29,
        "Operating Income": 17,
        "EBIT": 27,
        "Net Income": -5
    },
    "2010-03-31": {
        "Diluted EPS": 0.56,
        "Total Revenue": 39,
        "Gross Profit": 30,
        "Operating Income": 18,
        "EBIT": 28,
        "Net Income": 3
    },
    "2009-12-31": {
        "Diluted EPS": 2.72,
        "Total Revenue": 40,
        "Gross Profit": 30,
        "Operating Income": 18,
        "EBIT": 28,
        "Net Income": 12
    },
    "2009-09-30": {
        "Diluted EPS": -0.64,
        "Total Revenue": 38,
        "Gross Profit": 27,
        "Operating Income": 16,
        "EBIT": 27,
        "Net Income": -4
    },
    "2009-06-30": {
        "Diluted EPS": 3.36,
        "Total Revenue": 36,
        "Gross Profit": 26,
        "Operating Income": 14,
        "EBIT": 23,
        "Net Income": 23
    },
    "2009-03-31": {
        "Diluted EPS": 1.84,
        "Total Revenue": 35,
        "Gross Profit": 24,
        "Operating Income": 13,
        "EBIT": 22,
        "Net Income": 11
    },
    "2023-06-30": {
        "Tax Effect Of Unusual Items": NaN,
        "Tax Rate For Calcs": NaN,
        "Normalized EBITDA": NaN,
        "Total Unusual Items": NaN,
        "Total Unusual Items Excluding Goodwill": NaN,
        "Net Income From Continuing Operation Net Minority Interest": NaN,
        "Reconciled Depreciation": NaN,
        "Reconciled Cost Of Revenue": NaN,
        "EBITDA": NaN,
        "EBIT": NaN,
        "Net Interest Income": NaN,
        "Interest Expense": NaN,
        "Interest Income": NaN,
        "Normalized Income": NaN,
        "Net Income From Continuing And Discontinued Operation": NaN,
        "Total Expenses": NaN,
        "Total Operating Income As Reported": NaN,
        "Diluted Average Shares": 35375684.0,
        "Basic Average Shares": 35375684.0,
        "Diluted EPS": 2.131181,
        "Basic EPS": 2.131181,
        "Diluted NI Availto Com Stockholders": NaN,
        "Net Income Common Stockholders": NaN,
        "Preferred Stock Dividends": NaN,
        "Net Income": NaN,
        "Net Income Including Noncontrolling Interests": NaN,
        "Net Income Continuous Operations": NaN,
        "Tax Provision": NaN,
        "Pretax Income": NaN,
        "Other Income Expense": NaN,
        "Other Non Operating Income Expenses": NaN,
        "Gain On Sale Of Security": NaN,
        "Net Non Operating Interest Income Expense": NaN,
        "Interest Expense Non Operating": NaN,
        "Interest Income Non Operating": NaN,
        "Operating Income": NaN,
        "Operating Expense": NaN,
        "Selling General And Administration": NaN,
        "General And Administrative Expense": NaN,
        "Other Gand A": NaN,
        "Gross Profit": NaN,
        "Cost Of Revenue": NaN,
        "Total Revenue": NaN,
        "Operating Revenue": NaN
    },
    "2023-09-30": {
        "Tax Effect Of Unusual Items": NaN,
        "Tax Rate For Calcs": NaN,
        "Normalized EBITDA": NaN,
        "Total Unusual Items": NaN,
        "Total Unusual Items Excluding Goodwill": NaN,
        "Net Income From Continuing Operation Net Minority Interest": NaN,
        "Reconciled Depreciation": NaN,
        "Reconciled Cost Of Revenue": NaN,
        "EBITDA": NaN,
        "EBIT": NaN,
        "Net Interest Income": NaN,
        "Interest Expense": NaN,
        "Interest Income": NaN,
        "Normalized Income": NaN,
        "Net Income From Continuing And Discontinued Operation": NaN,
        "Total Expenses": NaN,
        "Total Operating Income As Reported": NaN,
        "Diluted Average Shares": 35272574.0,
        "Basic Average Shares": 35272574.0,
        "Diluted EPS": 2.34,
        "Basic EPS": 2.34,
        "Diluted NI Availto Com Stockholders": NaN,
        "Net Income Common Stockholders": NaN,
        "Preferred Stock Dividends": NaN,
        "Net Income": NaN,
        "Net Income Including Noncontrolling Interests": NaN,
        "Net Income Continuous Operations": NaN,
        "Tax Provision": NaN,
        "Pretax Income": NaN,
        "Other Income Expense": NaN,
        "Other Non Operating Income Expenses": NaN,
        "Gain On Sale Of Security": NaN,
        "Net Non Operating Interest Income Expense": NaN,
        "Interest Expense Non Operating": NaN,
        "Interest Income Non Operating": NaN,
        "Operating Income": NaN,
        "Operating Expense": NaN,
        "Selling General And Administration": NaN,
        "General And Administrative Expense": NaN,
        "Other Gand A": NaN,
        "Gross Profit": NaN,
        "Cost Of Revenue": NaN,
        "Total Revenue": NaN,
        "Operating Revenue": NaN
    },
    "2023-12-31": {
        "Tax Effect Of Unusual Items": -152049.057666,
        "Tax Rate For Calcs": 0.006564,
        "Normalized EBITDA": 132812000.0,
        "Total Unusual Items": -23165000.0,
        "Total Unusual Items Excluding Goodwill": -23165000.0,
        "Net Income From Continuing Operation Net Minority Interest": 67049000.0,
        "Reconciled Depreciation": 30954000.0,
        "Reconciled Cost Of Revenue": 76741000.0,
        "EBITDA": 109647000.0,
        "EBIT": 78693000.0,
        "Net Interest Income": -8319000.0,
        "Interest Expense": 11201000.0,
        "Interest Income": 2882000.0,
        "Normalized Income": 90061950.942334,
        "Net Income From Continuing And Discontinued Operation": 67049000.0,
        "Total Expenses": 81210000.0,
        "Total Operating Income As Reported": 78854000.0,
        "Diluted Average Shares": 35203657.0,
        "Basic Average Shares": 35203657.0,
        "Diluted EPS": 1.84,
        "Basic EPS": 1.84,
        "Diluted NI Availto Com Stockholders": 64665000.0,
        "Net Income Common Stockholders": 64665000.0,
        "Preferred Stock Dividends": 2384000.0,
        "Net Income": 67049000.0,
        "Net Income Including Noncontrolling Interests": 67049000.0,
        "Net Income Continuous Operations": 67049000.0,
        "Tax Provision": 443000.0,
        "Pretax Income": 67492000.0,
        "Other Income Expense": -20356000.0,
        "Other Non Operating Income Expenses": 2809000.0,
        "Gain On Sale Of Security": -4335000.0,
        "Net Non Operating Interest Income Expense": -8319000.0,
        "Interest Expense Non Operating": 11201000.0,
        "Interest Income Non Operating": 2882000.0,
        "Operating Income": 96167000.0,
        "Operating Expense": 4469000.0,
        "Selling General And Administration": 4469000.0,
        "General And Administrative Expense": 4469000.0,
        "Other Gand A": 4469000.0,
        "Gross Profit": 100636000.0,
        "Cost Of Revenue": 76741000.0,
        "Total Revenue": 177377000.0,
        "Operating Revenue": 177377000.0
    },
    "2024-03-31": {
        "Tax Effect Of Unusual Items": 0.0,
        "Tax Rate For Calcs": 0.0,
        "Normalized EBITDA": 124857000.0,
        "Total Unusual Items": 250000.0,
        "Total Unusual Items Excluding Goodwill": 250000.0,
        "Net Income From Continuing Operation Net Minority Interest": 91890000.0,
        "Reconciled Depreciation": 22767000.0,
        "Reconciled Cost Of Revenue": 77373000.0,
        "EBITDA": 125107000.0,
        "EBIT": 102340000.0,
        "Net Interest Income": -6766000.0,
        "Interest Expense": 10450000.0,
        "Interest Income": 3684000.0,
        "Normalized Income": 91640000.0,
        "Net Income From Continuing And Discontinued Operation": 91890000.0,
        "Total Expenses": 82462000.0,
        "Total Operating Income As Reported": 97099000.0,
        "Diluted Average Shares": 35229566.0,
        "Basic Average Shares": 35229566.0,
        "Diluted EPS": 2.53,
        "Basic EPS": 2.53,
        "Diluted NI Availto Com Stockholders": 89506000.0,
        "Net Income Common Stockholders": 89506000.0,
        "Preferred Stock Dividends": 2384000.0,
        "Net Income": 91890000.0,
        "Net Income Including Noncontrolling Interests": 91890000.0,
        "Net Income Continuous Operations": 91890000.0,
        "Tax Provision": 0.0,
        "Pretax Income": 91890000.0,
        "Other Income Expense": 3060000.0,
        "Other Non Operating Income Expenses": 2810000.0,
        "Gain On Sale Of Security": 250000.0,
        "Net Non Operating Interest Income Expense": -6766000.0,
        "Interest Expense Non Operating": 10450000.0,
        "Interest Income Non Operating": 3684000.0,
        "Operating Income": 95596000.0,
        "Operating Expense": 5089000.0,
        "Selling General And Administration": 5089000.0,
        "General And Administrative Expense": 5089000.0,
        "Other Gand A": 5089000.0,
        "Gross Profit": 100685000.0,
        "Cost Of Revenue": 77373000.0,
        "Total Revenue": 178058000.0,
        "Operating Revenue": 178058000.0
    },
    "2024-06-30": {
        "Tax Effect Of Unusual Items": -11.519062,
        "Tax Rate For Calcs": 1.1e-05,
        "Normalized EBITDA": 124978000.0,
        "Total Unusual Items": -1014000.0,
        "Total Unusual Items Excluding Goodwill": -1014000.0,
        "Net Income From Continuing Operation Net Minority Interest": 88027000.0,
        "Reconciled Depreciation": 26043000.0,
        "Reconciled Cost Of Revenue": 77106000.0,
        "EBITDA": 123964000.0,
        "EBIT": 97921000.0,
        "Net Interest Income": -5750000.0,
        "Interest Expense": 9893000.0,
        "Interest Income": 4143000.0,
        "Normalized Income": 89040988.480938,
        "Net Income From Continuing And Discontinued Operation": 88027000.0,
        "Total Expenses": 81155000.0,
        "Total Operating Income As Reported": 93842000.0,
        "Diluted Average Shares": NaN,
        "Basic Average Shares": NaN,
        "Diluted EPS": NaN,
        "Basic EPS": NaN,
        "Diluted NI Availto Com Stockholders": 85643000.0,
        "Net Income Common Stockholders": 85643000.0,
        "Preferred Stock Dividends": 2384000.0,
        "Net Income": 88027000.0,
        "Net Income Including Noncontrolling Interests": 88027000.0,
        "Net Income Continuous Operations": 88027000.0,
        "Tax Provision": 1000.0,
        "Pretax Income": 88028000.0,
        "Other Income Expense": 1438000.0,
        "Other Non Operating Income Expenses": 2452000.0,
        "Gain On Sale Of Security": -1014000.0,
        "Net Non Operating Interest Income Expense": -5750000.0,
        "Interest Expense Non Operating": 9893000.0,
        "Interest Income Non Operating": 4143000.0,
        "Operating Income": 92340000.0,
        "Operating Expense": 4049000.0,
        "Selling General And Administration": 4049000.0,
        "General And Administrative Expense": 4049000.0,
        "Other Gand A": 4049000.0,
        "Gross Profit": 96389000.0,
        "Cost Of Revenue": 77106000.0,
        "Total Revenue": 173495000.0,
        "Operating Revenue": 173495000.0
    },
    "2024-09-30": {
        "Tax Effect Of Unusual Items": 0.0,
        "Tax Rate For Calcs": 0.0,
        "Normalized EBITDA": 121327000.0,
        "Total Unusual Items": -4193000.0,
        "Total Unusual Items Excluding Goodwill": -4193000.0,
        "Net Income From Continuing Operation Net Minority Interest": 81147000.0,
        "Reconciled Depreciation": 23447000.0,
        "Reconciled Cost Of Revenue": 77975000.0,
        "EBITDA": 117134000.0,
        "EBIT": 93687000.0,
        "Net Interest Income": -7835000.0,
        "Interest Expense": 12540000.0,
        "Interest Income": 4705000.0,
        "Normalized Income": 85340000.0,
        "Net Income From Continuing And Discontinued Operation": 81147000.0,
        "Total Expenses": 81875000.0,
        "Total Operating Income As Reported": 92189000.0,
        "Diluted Average Shares": 35411553.0,
        "Basic Average Shares": 35411553.0,
        "Diluted EPS": 2.34,
        "Basic EPS": 2.34,
        "Diluted NI Availto Com Stockholders": 78763000.0,
        "Net Income Common Stockholders": 78763000.0,
        "Preferred Stock Dividends": 2384000.0,
        "Net Income": 81147000.0,
        "Net Income Including Noncontrolling Interests": 81147000.0,
        "Net Income Continuous Operations": 81147000.0,
        "Tax Provision": 0.0,
        "Pretax Income": 81147000.0,
        "Other Income Expense": -1689000.0,
        "Other Non Operating Income Expenses": 2504000.0,
        "Gain On Sale Of Security": -4193000.0,
        "Net Non Operating Interest Income Expense": -7835000.0,
        "Interest Expense Non Operating": 12540000.0,
        "Interest Income Non Operating": 4705000.0,
        "Operating Income": 90671000.0,
        "Operating Expense": 3900000.0,
        "Selling General And Administration": 3900000.0,
        "General And Administrative Expense": 3900000.0,
        "Other Gand A": 3900000.0,
        "Gross Profit": 94571000.0,
        "Cost Of Revenue": 77975000.0,
        "Total Revenue": 172546000.0,
        "Operating Revenue": 172546000.0
    },
    "2024-12-31": {
        "Tax Effect Of Unusual Items": 0.0,
        "Tax Rate For Calcs": 0.0,
        "Normalized EBITDA": 131309000.0,
        "Total Unusual Items": -213000.0,
        "Total Unusual Items Excluding Goodwill": -213000.0,
        "Net Income From Continuing Operation Net Minority Interest": 92564000.0,
        "Reconciled Depreciation": 30739000.0,
        "Reconciled Cost Of Revenue": 82330000.0,
        "EBITDA": 131096000.0,
        "EBIT": 100357000.0,
        "Net Interest Income": -3590000.0,
        "Interest Expense": 7793000.0,
        "Interest Income": 4203000.0,
        "Normalized Income": 92777000.0,
        "Net Income From Continuing And Discontinued Operation": 92564000.0,
        "Total Expenses": 86424000.0,
        "Total Operating Income As Reported": 96009000.0,
        "Diluted Average Shares": NaN,
        "Basic Average Shares": NaN,
        "Diluted EPS": NaN,
        "Basic EPS": NaN,
        "Diluted NI Availto Com Stockholders": 90180000.0,
        "Net Income Common Stockholders": 90180000.0,
        "Preferred Stock Dividends": 2384000.0,
        "Net Income": 92564000.0,
        "Net Income Including Noncontrolling Interests": 92564000.0,
        "Net Income Continuous Operations": 92564000.0,
        "Tax Provision": 0.0,
        "Pretax Income": 92564000.0,
        "Other Income Expense": 1148000.0,
        "Other Non Operating Income Expenses": 1361000.0,
        "Gain On Sale Of Security": -213000.0,
        "Net Non Operating Interest Income Expense": -3590000.0,
        "Interest Expense Non Operating": 7793000.0,
        "Interest Income Non Operating": 4203000.0,
        "Operating Income": 95006000.0,
        "Operating Expense": 4094000.0,
        "Selling General And Administration": 4094000.0,
        "General And Administrative Expense": 4094000.0,
        "Other Gand A": 4094000.0,
        "Gross Profit": 99100000.0,
        "Cost Of Revenue": 82330000.0,
        "Total Revenue": 181430000.0,
        "Operating Revenue": 181430000.0
    }
}