{
    "2023-03-31": {
        "Tax Effect Of Unusual Items": NaN,
        "Tax Rate For Calcs": NaN,
        "Normalized EBITDA": NaN,
        "Total Unusual Items": NaN,
        "Total Unusual Items Excluding Goodwill": NaN,
        "Net Income From Continuing Operation Net Minority Interest": NaN,
        "Reconciled Depreciation": NaN,
        "Reconciled Cost Of Revenue": NaN,
        "EBITDA": NaN,
        "EBIT": NaN,
        "Net Interest Income": NaN,
        "Interest Expense": NaN,
        "Normalized Income": NaN,
        "Net Income From Continuing And Discontinued Operation": NaN,
        "Total Expenses": NaN,
        "Total Operating Income As Reported": NaN,
        "Diluted Average Shares": NaN,
        "Basic Average Shares": NaN,
        "Diluted EPS": NaN,
        "Basic EPS": NaN,
        "Diluted NI Availto Com Stockholders": NaN,
        "Net Income Common Stockholders": NaN,
        "Net Income": NaN,
        "Minority Interests": NaN,
        "Net Income Including Noncontrolling Interests": NaN,
        "Net Income Continuous Operations": NaN,
        "Tax Provision": NaN,
        "Pretax Income": NaN,
        "Other Income Expense": NaN,
        "Special Income Charges": NaN,
        "Write Off": NaN,
        "Gain On Sale Of Security": NaN,
        "Net Non Operating Interest Income Expense": NaN,
        "Total Other Finance Cost": 10980000.0,
        "Interest Expense Non Operating": NaN,
        "Operating Income": NaN,
        "Operating Expense": NaN,
        "Other Operating Expenses": NaN,
        "Selling General And Administration": NaN,
        "General And Administrative Expense": NaN,
        "Salaries And Wages": NaN,
        "Gross Profit": NaN,
        "Cost Of Revenue": NaN,
        "Total Revenue": NaN,
        "Operating Revenue": NaN
    },
    "2022-12-31": {
        "Tax Effect Of Unusual Items": NaN,
        "Tax Rate For Calcs": NaN,
        "Normalized EBITDA": NaN,
        "Total Unusual Items": NaN,
        "Total Unusual Items Excluding Goodwill": NaN,
        "Net Income From Continuing Operation Net Minority Interest": NaN,
        "Reconciled Depreciation": NaN,
        "Reconciled Cost Of Revenue": NaN,
        "EBITDA": NaN,
        "EBIT": NaN,
        "Net Interest Income": NaN,
        "Interest Expense": NaN,
        "Normalized Income": NaN,
        "Net Income From Continuing And Discontinued Operation": NaN,
        "Total Expenses": NaN,
        "Total Operating Income As Reported": NaN,
        "Diluted Average Shares": NaN,
        "Basic Average Shares": NaN,
        "Diluted EPS": NaN,
        "Basic EPS": NaN,
        "Diluted NI Availto Com Stockholders": NaN,
        "Net Income Common Stockholders": NaN,
        "Net Income": NaN,
        "Minority Interests": NaN,
        "Net Income Including Noncontrolling Interests": NaN,
        "Net Income Continuous Operations": NaN,
        "Tax Provision": NaN,
        "Pretax Income": NaN,
        "Other Income Expense": NaN,
        "Special Income Charges": NaN,
        "Write Off": NaN,
        "Impairment Of Capital Assets": 56999000.0,
        "Gain On Sale Of Security": NaN,
        "Net Non Operating Interest Income Expense": NaN,
        "Total Other Finance Cost": NaN,
        "Interest Expense Non Operating": NaN,
        "Operating Income": NaN,
        "Operating Expense": NaN,
        "Other Operating Expenses": NaN,
        "Selling General And Administration": NaN,
        "General And Administrative Expense": NaN,
        "Salaries And Wages": NaN,
        "Gross Profit": NaN,
        "Cost Of Revenue": NaN,
        "Total Revenue": NaN,
        "Operating Revenue": NaN
    },
    "2022-09-30": {
        "Tax Effect Of Unusual Items": NaN,
        "Tax Rate For Calcs": NaN,
        "Normalized EBITDA": NaN,
        "Total Unusual Items": NaN,
        "Total Unusual Items Excluding Goodwill": NaN,
        "Net Income From Continuing Operation Net Minority Interest": NaN,
        "Reconciled Depreciation": NaN,
        "Reconciled Cost Of Revenue": NaN,
        "EBITDA": NaN,
        "EBIT": NaN,
        "Net Interest Income": NaN,
        "Interest Expense": NaN,
        "Normalized Income": NaN,
        "Net Income From Continuing And Discontinued Operation": NaN,
        "Total Expenses": NaN,
        "Total Operating Income As Reported": NaN,
        "Diluted Average Shares": NaN,
        "Basic Average Shares": NaN,
        "Diluted EPS": NaN,
        "Basic EPS": NaN,
        "Diluted NI Availto Com Stockholders": NaN,
        "Net Income Common Stockholders": NaN,
        "Net Income": NaN,
        "Minority Interests": NaN,
        "Net Income Including Noncontrolling Interests": NaN,
        "Net Income Continuous Operations": NaN,
        "Tax Provision": NaN,
        "Pretax Income": NaN,
        "Other Income Expense": NaN,
        "Special Income Charges": NaN,
        "Write Off": NaN,
        "Impairment Of Capital Assets": 0.0,
        "Gain On Sale Of Security": NaN,
        "Net Non Operating Interest Income Expense": NaN,
        "Total Other Finance Cost": NaN,
        "Interest Expense Non Operating": NaN,
        "Operating Income": NaN,
        "Operating Expense": NaN,
        "Other Operating Expenses": NaN,
        "Selling General And Administration": NaN,
        "General And Administrative Expense": NaN,
        "Salaries And Wages": NaN,
        "Gross Profit": NaN,
        "Cost Of Revenue": NaN,
        "Total Revenue": NaN,
        "Operating Revenue": NaN
    },
    "2022-06-30": {
        "Tax Effect Of Unusual Items": -1918366.789731,
        "Tax Rate For Calcs": 0.243386,
        "Normalized EBITDA": 285483000.0,
        "Total Unusual Items": -7882000.0,
        "Total Unusual Items Excluding Goodwill": -7882000.0,
        "Net Income From Continuing Operation Net Minority Interest": 185323000.0,
        "Reconciled Depreciation": 20185000.0,
        "Reconciled Cost Of Revenue": 389934000.0,
        "EBITDA": 277601000.0,
        "EBIT": 257416000.0,
        "Net Interest Income": -12829000.0,
        "Interest Expense": 12829000.0,
        "Normalized Income": 191286633.210269,
        "Net Income From Continuing And Discontinued Operation": 185323000.0,
        "Total Expenses": 575510000.0,
        "Total Operating Income As Reported": 265298000.0,
        "Diluted Average Shares": 188538000.0,
        "Basic Average Shares": 187441000.0,
        "Diluted EPS": 0.98,
        "Basic EPS": 0.99,
        "Diluted NI Availto Com Stockholders": 185323000.0,
        "Net Income Common Stockholders": 185323000.0,
        "Net Income": 185323000.0,
        "Minority Interests": 265000.0,
        "Net Income Including Noncontrolling Interests": 185058000.0,
        "Net Income Continuous Operations": 185058000.0,
        "Tax Provision": 59529000.0,
        "Pretax Income": 244587000.0,
        "Other Income Expense": -7882000.0,
        "Special Income Charges": NaN,
        "Write Off": NaN,
        "Impairment Of Capital Assets": NaN,
        "Gain On Sale Of Security": -7882000.0,
        "Net Non Operating Interest Income Expense": -12829000.0,
        "Total Other Finance Cost": 12829000.0,
        "Interest Expense Non Operating": 12829000.0,
        "Operating Income": 265298000.0,
        "Operating Expense": 185576000.0,
        "Other Operating Expenses": 104872000.0,
        "Selling General And Administration": 80704000.0,
        "General And Administrative Expense": 80704000.0,
        "Salaries And Wages": 80704000.0,
        "Gross Profit": 450874000.0,
        "Cost Of Revenue": 389934000.0,
        "Total Revenue": 840808000.0,
        "Operating Revenue": 840808000.0
    },
    "2022-03-31": {
        "Diluted EPS": 0.8,
        "Total Revenue": 715,
        "Gross Profit": 375,
        "Operating Income": 211,
        "EBIT": 232,
        "Net Income": 151
    },
    "2021-12-31": {
        "Diluted EPS": 0.3,
        "Total Revenue": 570,
        "Gross Profit": 198,
        "Operating Income": 56,
        "EBIT": 80,
        "Net Income": 51
    },
    "2021-09-30": {
        "Diluted EPS": -0.54,
        "Total Revenue": 429,
        "Gross Profit": 134,
        "Operating Income": 11,
        "EBIT": 35,
        "Net Income": -97
    },
    "2021-06-30": {
        "Diluted EPS": 0.01,
        "Total Revenue": 419,
        "Gross Profit": 151,
        "Operating Income": 8,
        "EBIT": 32,
        "Net Income": 2
    },
    "2021-03-31": {
        "Diluted EPS": -0.4,
        "Total Revenue": 361,
        "Gross Profit": 111,
        "Operating Income": -44,
        "EBIT": -19,
        "Net Income": -67
    },
    "2020-12-31": {
        "Diluted EPS": -0.47,
        "Total Revenue": -209,
        "Gross Profit": -117,
        "Operating Income": -61,
        "EBIT": -35,
        "Net Income": -86
    },
    "2020-09-30": {
        "Diluted EPS": -0.28,
        "Total Revenue": 263,
        "Gross Profit": 96,
        "Operating Income": -39,
        "EBIT": 16,
        "Net Income": -47
    },
    "2020-06-30": {
        "Diluted EPS": -0.39,
        "Total Revenue": 780,
        "Gross Profit": 262,
        "Operating Income": -36,
        "EBIT": -37,
        "Net Income": -65
    },
    "2020-03-31": {
        "Diluted EPS": -0.28,
        "Total Revenue": 311,
        "Gross Profit": 68,
        "Operating Income": -49,
        "EBIT": -20,
        "Net Income": -48
    },
    "2019-12-31": {
        "Diluted EPS": -0.93,
        "Total Revenue": 377,
        "Gross Profit": 62,
        "Operating Income": -79,
        "EBIT": 15,
        "Net Income": -72
    },
    "2019-09-30": {
        "Diluted EPS": -0.83,
        "Total Revenue": 382,
        "Gross Profit": 104,
        "Operating Income": -213,
        "EBIT": -247,
        "Net Income": -141
    },
    "2019-06-30": {
        "Diluted EPS": -0.24,
        "Total Revenue": 409,
        "Gross Profit": 117,
        "Operating Income": -37,
        "EBIT": -6,
        "Net Income": -41
    },
    "2019-03-31": {
        "Diluted EPS": -0.16,
        "Total Revenue": 447,
        "Gross Profit": 118,
        "Operating Income": -27,
        "EBIT": 5,
        "Net Income": -27
    },
    "2018-12-31": {
        "Diluted EPS": -0.34,
        "Total Revenue": 579,
        "Gross Profit": 131,
        "Operating Income": -79,
        "EBIT": 9,
        "Net Income": -59
    },
    "2018-09-30": {
        "Diluted EPS": -0.01,
        "Total Revenue": 524,
        "Gross Profit": 190,
        "Operating Income": 14,
        "EBIT": -13,
        "Net Income": -1
    },
    "2018-06-30": {
        "Diluted EPS": 0.39,
        "Total Revenue": 578,
        "Gross Profit": 234,
        "Operating Income": 99,
        "EBIT": 129,
        "Net Income": 67
    },
    "2018-03-31": {
        "Diluted EPS": 0.21,
        "Total Revenue": 561,
        "Gross Profit": 240,
        "Operating Income": 65,
        "EBIT": 93,
        "Net Income": 37
    },
    "2017-12-31": {
        "Diluted EPS": 0.04,
        "Total Revenue": 468,
        "Gross Profit": 184,
        "Operating Income": -2,
        "EBIT": 22,
        "Net Income": 6
    },
    "2017-09-30": {
        "Diluted EPS": -0.02,
        "Total Revenue": 452,
        "Gross Profit": 184,
        "Operating Income": 27,
        "EBIT": 54,
        "Net Income": -3
    },
    "2017-06-30": {
        "Diluted EPS": 0.02,
        "Total Revenue": 426,
        "Gross Profit": 176,
        "Operating Income": 10,
        "EBIT": 37,
        "Net Income": 3
    },
    "2017-03-31": {
        "Diluted EPS": -0.04,
        "Total Revenue": 396,
        "Gross Profit": 155,
        "Operating Income": 4,
        "EBIT": 31,
        "Net Income": -7
    },
    "2016-12-31": {
        "Diluted EPS": -1.4,
        "Total Revenue": 398,
        "Gross Profit": 125,
        "Operating Income": -243,
        "EBIT": -216,
        "Net Income": -242
    },
    "2016-09-30": {
        "Diluted EPS": -0.17,
        "Total Revenue": 365,
        "Gross Profit": 128,
        "Operating Income": -34,
        "EBIT": -3,
        "Net Income": -29
    },
    "2016-06-30": {
        "Diluted EPS": -0.25,
        "Total Revenue": 398,
        "Gross Profit": 145,
        "Operating Income": -71,
        "EBIT": -47,
        "Net Income": -42
    },
    "2016-03-31": {
        "Diluted EPS": -0.15,
        "Total Revenue": 416,
        "Gross Profit": 134,
        "Operating Income": -25,
        "EBIT": 18,
        "Net Income": -26
    },
    "2015-09-30": {
        "Diluted EPS": 0.08,
        "Total Revenue": 175,
        "Gross Profit": 26,
        "Operating Income": 11,
        "EBIT": 11,
        "Net Income": 6
    },
    "2015-06-30": {
        "Diluted EPS": 0.0,
        "Total Revenue": NaN,
        "Gross Profit": NaN,
        "Operating Income": NaN,
        "EBIT": NaN,
        "Net Income": NaN
    },
    "2015-03-31": {
        "Diluted EPS": 0.1,
        "Total Revenue": 195,
        "Gross Profit": 41,
        "Operating Income": 16,
        "EBIT": 50,
        "Net Income": 8
    },
    "2014-12-31": {
        "Diluted EPS": 0.13,
        "Total Revenue": 198,
        "Gross Profit": 40,
        "Operating Income": 198,
        "EBIT": 209,
        "Net Income": 10
    },
    "2014-09-30": {
        "Diluted EPS": 0.16,
        "Total Revenue": 206,
        "Gross Profit": 37,
        "Operating Income": 22,
        "EBIT": 22,
        "Net Income": 12
    },
    "2014-06-30": {
        "Diluted EPS": 0.0,
        "Total Revenue": NaN,
        "Gross Profit": NaN,
        "Operating Income": NaN,
        "EBIT": NaN,
        "Net Income": NaN
    },
    "2014-03-31": {
        "Diluted EPS": 0.02,
        "Total Revenue": 196,
        "Gross Profit": 31,
        "Operating Income": 8,
        "EBIT": 40,
        "Net Income": 2
    },
    "2013-12-31": {
        "Diluted EPS": 0.28,
        "Total Revenue": 178,
        "Gross Profit": 28,
        "Operating Income": 178,
        "EBIT": 188,
        "Net Income": 21
    },
    "2013-09-30": {
        "Diluted EPS": -0.09,
        "Total Revenue": 173,
        "Gross Profit": 21,
        "Operating Income": -4,
        "EBIT": -4,
        "Net Income": -7
    },
    "2013-06-30": {
        "Diluted EPS": 0.0,
        "Total Revenue": NaN,
        "Gross Profit": NaN,
        "Operating Income": NaN,
        "EBIT": NaN,
        "Net Income": NaN
    },
    "2013-03-31": {
        "Diluted EPS": -0.53,
        "Total Revenue": 196,
        "Gross Profit": 15,
        "Operating Income": -43,
        "EBIT": -12,
        "Net Income": -40
    },
    "2012-12-31": {
        "Diluted EPS": 0.2,
        "Total Revenue": 180,
        "Gross Profit": 32,
        "Operating Income": 180,
        "EBIT": 190,
        "Net Income": 15
    },
    "2012-09-30": {
        "Diluted EPS": -0.08,
        "Total Revenue": 201,
        "Gross Profit": 32,
        "Operating Income": -6,
        "EBIT": -6,
        "Net Income": -6
    },
    "2012-06-30": {
        "Diluted EPS": 0.0,
        "Total Revenue": NaN,
        "Gross Profit": NaN,
        "Operating Income": NaN,
        "EBIT": NaN,
        "Net Income": NaN
    },
    "2012-03-31": {
        "Diluted EPS": 0.15,
        "Total Revenue": 173,
        "Gross Profit": 34,
        "Operating Income": 20,
        "EBIT": 44,
        "Net Income": 12
    },
    "2011-12-31": {
        "Diluted EPS": 0.18,
        "Total Revenue": 166,
        "Gross Profit": 36,
        "Operating Income": 166,
        "EBIT": 174,
        "Net Income": 13
    },
    "2011-09-30": {
        "Diluted EPS": 0.27,
        "Total Revenue": 175,
        "Gross Profit": 47,
        "Operating Income": 32,
        "EBIT": 32,
        "Net Income": 21
    },
    "2011-06-30": {
        "Diluted EPS": 0.0,
        "Total Revenue": NaN,
        "Gross Profit": NaN,
        "Operating Income": NaN,
        "EBIT": NaN,
        "Net Income": NaN
    },
    "2011-03-31": {
        "Diluted EPS": 0.3,
        "Total Revenue": 173,
        "Gross Profit": 51,
        "Operating Income": 37,
        "EBIT": 55,
        "Net Income": 23
    },
    "2010-12-31": {
        "Diluted EPS": 0.15,
        "Total Revenue": 156,
        "Gross Profit": 33,
        "Operating Income": 156,
        "EBIT": 162,
        "Net Income": 12
    },
    "2010-09-30": {
        "Diluted EPS": 0.03,
        "Total Revenue": 137,
        "Gross Profit": 20,
        "Operating Income": 8,
        "EBIT": 8,
        "Net Income": 2
    },
    "2010-06-30": {
        "Diluted EPS": 0.0,
        "Total Revenue": NaN,
        "Gross Profit": NaN,
        "Operating Income": NaN,
        "EBIT": NaN,
        "Net Income": NaN
    },
    "2010-03-31": {
        "Diluted EPS": 0.01,
        "Total Revenue": 112,
        "Gross Profit": 13,
        "Operating Income": 3,
        "EBIT": 18,
        "Net Income": 1
    },
    "2009-12-31": {
        "Diluted EPS": 0.25,
        "Total Revenue": 108,
        "Gross Profit": 20,
        "Operating Income": 30,
        "EBIT": 35,
        "Net Income": 19
    },
    "2009-09-30": {
        "Diluted EPS": 0.12,
        "Total Revenue": 105,
        "Gross Profit": 25,
        "Operating Income": 12,
        "EBIT": -2,
        "Net Income": 8
    },
    "2009-06-30": {
        "Diluted EPS": 0.02,
        "Total Revenue": 82,
        "Gross Profit": 14,
        "Operating Income": 1,
        "EBIT": 6,
        "Net Income": 2
    },
    "2009-03-31": {
        "Diluted EPS": 0.01,
        "Total Revenue": 76,
        "Gross Profit": 13,
        "Operating Income": 1,
        "EBIT": 16,
        "Net Income": 1
    },
    "2023-06-30": {
        "Tax Effect Of Unusual Items": NaN,
        "Tax Rate For Calcs": NaN,
        "Normalized EBITDA": NaN,
        "Total Unusual Items": NaN,
        "Total Unusual Items Excluding Goodwill": NaN,
        "Net Income From Continuing Operation Net Minority Interest": NaN,
        "Reconciled Depreciation": NaN,
        "Reconciled Cost Of Revenue": NaN,
        "EBITDA": NaN,
        "EBIT": NaN,
        "Net Interest Income": NaN,
        "Interest Expense": 895000.0,
        "Normalized Income": NaN,
        "Net Income From Continuing And Discontinued Operation": NaN,
        "Total Expenses": NaN,
        "Total Operating Income As Reported": NaN,
        "Diluted Average Shares": NaN,
        "Basic Average Shares": NaN,
        "Diluted EPS": NaN,
        "Basic EPS": NaN,
        "Diluted NI Availto Com Stockholders": NaN,
        "Net Income Common Stockholders": NaN,
        "Net Income": NaN,
        "Minority Interests": NaN,
        "Net Income Including Noncontrolling Interests": NaN,
        "Net Income Continuous Operations": NaN,
        "Tax Provision": NaN,
        "Pretax Income": NaN,
        "Other Income Expense": NaN,
        "Special Income Charges": NaN,
        "Write Off": NaN,
        "Gain On Sale Of Security": NaN,
        "Net Non Operating Interest Income Expense": NaN,
        "Total Other Finance Cost": NaN,
        "Interest Expense Non Operating": 895000.0,
        "Operating Income": NaN,
        "Operating Expense": NaN,
        "Other Operating Expenses": NaN,
        "Selling General And Administration": NaN,
        "General And Administrative Expense": NaN,
        "Salaries And Wages": NaN,
        "Gross Profit": NaN,
        "Cost Of Revenue": NaN,
        "Total Revenue": NaN,
        "Operating Revenue": NaN
    },
    "2023-09-30": {
        "Tax Effect Of Unusual Items": NaN,
        "Tax Rate For Calcs": NaN,
        "Normalized EBITDA": NaN,
        "Total Unusual Items": NaN,
        "Total Unusual Items Excluding Goodwill": NaN,
        "Net Income From Continuing Operation Net Minority Interest": NaN,
        "Reconciled Depreciation": NaN,
        "Reconciled Cost Of Revenue": NaN,
        "EBITDA": NaN,
        "EBIT": NaN,
        "Net Interest Income": NaN,
        "Interest Expense": 9165000.0,
        "Normalized Income": NaN,
        "Net Income From Continuing And Discontinued Operation": NaN,
        "Total Expenses": NaN,
        "Total Operating Income As Reported": NaN,
        "Diluted Average Shares": 190531000.0,
        "Basic Average Shares": 187872000.0,
        "Diluted EPS": 0.21,
        "Basic EPS": 0.22,
        "Diluted NI Availto Com Stockholders": NaN,
        "Net Income Common Stockholders": NaN,
        "Net Income": NaN,
        "Minority Interests": NaN,
        "Net Income Including Noncontrolling Interests": NaN,
        "Net Income Continuous Operations": NaN,
        "Tax Provision": NaN,
        "Pretax Income": NaN,
        "Other Income Expense": NaN,
        "Special Income Charges": NaN,
        "Write Off": NaN,
        "Gain On Sale Of Security": NaN,
        "Net Non Operating Interest Income Expense": NaN,
        "Total Other Finance Cost": NaN,
        "Interest Expense Non Operating": 9165000.0,
        "Operating Income": NaN,
        "Operating Expense": NaN,
        "Other Operating Expenses": NaN,
        "Selling General And Administration": NaN,
        "General And Administrative Expense": NaN,
        "Salaries And Wages": NaN,
        "Gross Profit": NaN,
        "Cost Of Revenue": NaN,
        "Total Revenue": NaN,
        "Operating Revenue": NaN
    },
    "2023-12-31": {
        "Tax Effect Of Unusual Items": -5987310.0,
        "Tax Rate For Calcs": 0.21,
        "Normalized EBITDA": 54607000.0,
        "Total Unusual Items": -28511000.0,
        "Total Unusual Items Excluding Goodwill": -28511000.0,
        "Net Income From Continuing Operation Net Minority Interest": -11117000.0,
        "Reconciled Depreciation": 20090000.0,
        "Reconciled Cost Of Revenue": 219662000.0,
        "EBITDA": 26096000.0,
        "EBIT": 6006000.0,
        "Net Interest Income": -12330000.0,
        "Interest Expense": 9009000.0,
        "Normalized Income": 11406690.0,
        "Net Income From Continuing And Discontinued Operation": -11117000.0,
        "Total Expenses": 338113000.0,
        "Total Operating Income As Reported": 14224000.0,
        "Diluted Average Shares": 190801000.0,
        "Basic Average Shares": 187872000.0,
        "Diluted EPS": -0.03,
        "Basic EPS": -0.03,
        "Diluted NI Availto Com Stockholders": -11117000.0,
        "Net Income Common Stockholders": -11117000.0,
        "Net Income": -11117000.0,
        "Minority Interests": -3954000.0,
        "Net Income Including Noncontrolling Interests": -7163000.0,
        "Net Income Continuous Operations": -7163000.0,
        "Tax Provision": 4160000.0,
        "Pretax Income": -3003000.0,
        "Other Income Expense": -28511000.0,
        "Special Income Charges": -23614000.0,
        "Write Off": -2154000.0,
        "Gain On Sale Of Security": -4897000.0,
        "Net Non Operating Interest Income Expense": -12330000.0,
        "Total Other Finance Cost": NaN,
        "Interest Expense Non Operating": 9009000.0,
        "Operating Income": 37838000.0,
        "Operating Expense": 118451000.0,
        "Other Operating Expenses": -80199000.0,
        "Selling General And Administration": 187370000.0,
        "General And Administrative Expense": 135955000.0,
        "Salaries And Wages": 79762000.0,
        "Gross Profit": 156289000.0,
        "Cost Of Revenue": 219662000.0,
        "Total Revenue": 375951000.0,
        "Operating Revenue": 375951000.0
    },
    "2024-03-31": {
        "Tax Effect Of Unusual Items": NaN,
        "Tax Rate For Calcs": NaN,
        "Normalized EBITDA": NaN,
        "Total Unusual Items": NaN,
        "Total Unusual Items Excluding Goodwill": NaN,
        "Net Income From Continuing Operation Net Minority Interest": NaN,
        "Reconciled Depreciation": NaN,
        "Reconciled Cost Of Revenue": NaN,
        "EBITDA": NaN,
        "EBIT": NaN,
        "Net Interest Income": NaN,
        "Interest Expense": NaN,
        "Interest Income": 2297000.0,
        "Normalized Income": NaN,
        "Net Income From Continuing And Discontinued Operation": NaN,
        "Total Expenses": NaN,
        "Total Operating Income As Reported": NaN,
        "Diluted Average Shares": NaN,
        "Basic Average Shares": NaN,
        "Diluted EPS": NaN,
        "Basic EPS": NaN,
        "Diluted NI Availto Com Stockholders": NaN,
        "Net Income Common Stockholders": NaN,
        "Net Income": NaN,
        "Minority Interests": NaN,
        "Net Income Including Noncontrolling Interests": NaN,
        "Net Income Continuous Operations": NaN,
        "Tax Provision": NaN,
        "Pretax Income": NaN,
        "Other Income Expense": NaN,
        "Special Income Charges": NaN,
        "Write Off": NaN,
        "Gain On Sale Of Security": NaN,
        "Net Non Operating Interest Income Expense": NaN,
        "Total Other Finance Cost": 7669000.0,
        "Interest Expense Non Operating": NaN,
        "Interest Income Non Operating": 2297000.0,
        "Operating Income": NaN,
        "Operating Expense": NaN,
        "Other Operating Expenses": NaN,
        "Selling General And Administration": NaN,
        "General And Administrative Expense": NaN,
        "Salaries And Wages": NaN,
        "Gross Profit": NaN,
        "Cost Of Revenue": NaN,
        "Total Revenue": NaN,
        "Operating Revenue": NaN
    },
    "2024-06-30": {
        "Tax Effect Of Unusual Items": NaN,
        "Tax Rate For Calcs": NaN,
        "Normalized EBITDA": NaN,
        "Total Unusual Items": NaN,
        "Total Unusual Items Excluding Goodwill": NaN,
        "Net Income From Continuing Operation Net Minority Interest": NaN,
        "Reconciled Depreciation": NaN,
        "Reconciled Cost Of Revenue": NaN,
        "EBITDA": NaN,
        "EBIT": NaN,
        "Net Interest Income": NaN,
        "Interest Expense": NaN,
        "Interest Income": 873000.0,
        "Normalized Income": NaN,
        "Net Income From Continuing And Discontinued Operation": NaN,
        "Total Expenses": NaN,
        "Total Operating Income As Reported": NaN,
        "Diluted Average Shares": NaN,
        "Basic Average Shares": NaN,
        "Diluted EPS": NaN,
        "Basic EPS": NaN,
        "Diluted NI Availto Com Stockholders": NaN,
        "Net Income Common Stockholders": NaN,
        "Net Income": NaN,
        "Minority Interests": NaN,
        "Net Income Including Noncontrolling Interests": NaN,
        "Net Income Continuous Operations": NaN,
        "Tax Provision": NaN,
        "Pretax Income": NaN,
        "Other Income Expense": NaN,
        "Special Income Charges": NaN,
        "Write Off": NaN,
        "Gain On Sale Of Security": NaN,
        "Net Non Operating Interest Income Expense": NaN,
        "Total Other Finance Cost": NaN,
        "Interest Expense Non Operating": NaN,
        "Interest Income Non Operating": 873000.0,
        "Operating Income": NaN,
        "Operating Expense": NaN,
        "Other Operating Expenses": NaN,
        "Selling General And Administration": NaN,
        "General And Administrative Expense": NaN,
        "Salaries And Wages": NaN,
        "Gross Profit": NaN,
        "Cost Of Revenue": NaN,
        "Total Revenue": NaN,
        "Operating Revenue": NaN
    },
    "2024-09-30": {
        "Tax Effect Of Unusual Items": -1380960.0,
        "Tax Rate For Calcs": 0.21,
        "Normalized EBITDA": 59502000.0,
        "Total Unusual Items": -6576000.0,
        "Total Unusual Items Excluding Goodwill": -6576000.0,
        "Net Income From Continuing Operation Net Minority Interest": 18814000.0,
        "Reconciled Depreciation": 18899000.0,
        "Reconciled Cost Of Revenue": 273961000.0,
        "EBITDA": 52926000.0,
        "EBIT": 34027000.0,
        "Net Interest Income": -2154000.0,
        "Interest Expense": 2154000.0,
        "Interest Income": NaN,
        "Normalized Income": 24009040.0,
        "Net Income From Continuing And Discontinued Operation": 18814000.0,
        "Total Expenses": 392930000.0,
        "Total Operating Income As Reported": 40603000.0,
        "Diluted Average Shares": 190393000.0,
        "Basic Average Shares": 188325000.0,
        "Diluted EPS": 0.1,
        "Basic EPS": 0.1,
        "Diluted NI Availto Com Stockholders": 18814000.0,
        "Net Income Common Stockholders": 18814000.0,
        "Net Income": 18814000.0,
        "Minority Interests": 242000.0,
        "Net Income Including Noncontrolling Interests": 18572000.0,
        "Net Income Continuous Operations": 18572000.0,
        "Tax Provision": 13301000.0,
        "Pretax Income": 31873000.0,
        "Other Income Expense": -6576000.0,
        "Special Income Charges": 0.0,
        "Write Off": 0.0,
        "Gain On Sale Of Security": -6576000.0,
        "Net Non Operating Interest Income Expense": -2154000.0,
        "Total Other Finance Cost": NaN,
        "Interest Expense Non Operating": 2154000.0,
        "Interest Income Non Operating": NaN,
        "Operating Income": 40603000.0,
        "Operating Expense": 118969000.0,
        "Other Operating Expenses": 47084000.0,
        "Selling General And Administration": 71885000.0,
        "General And Administrative Expense": 71885000.0,
        "Salaries And Wages": 71885000.0,
        "Gross Profit": 159572000.0,
        "Cost Of Revenue": 273961000.0,
        "Total Revenue": 433533000.0,
        "Operating Revenue": 433533000.0
    },
    "2024-12-31": {
        "Tax Effect Of Unusual Items": -3178535.636385,
        "Tax Rate For Calcs": 0.128957,
        "Normalized EBITDA": 10076000.0,
        "Total Unusual Items": -24648000.0,
        "Total Unusual Items Excluding Goodwill": -24648000.0,
        "Net Income From Continuing Operation Net Minority Interest": -28133000.0,
        "Reconciled Depreciation": 19020000.0,
        "Reconciled Cost Of Revenue": 269784000.0,
        "EBITDA": -14572000.0,
        "EBIT": -33592000.0,
        "Net Interest Income": -2793000.0,
        "Interest Expense": 334000.0,
        "Interest Income": NaN,
        "Normalized Income": -6663535.636385,
        "Net Income From Continuing And Discontinued Operation": -28133000.0,
        "Total Expenses": 373990000.0,
        "Total Operating Income As Reported": -49537000.0,
        "Diluted Average Shares": 188072000.0,
        "Basic Average Shares": 188072000.0,
        "Diluted EPS": -0.25,
        "Basic EPS": -0.25,
        "Diluted NI Availto Com Stockholders": -28133000.0,
        "Net Income Common Stockholders": -28133000.0,
        "Net Income": -28133000.0,
        "Minority Interests": 1418000.0,
        "Net Income Including Noncontrolling Interests": -29551000.0,
        "Net Income Continuous Operations": -29551000.0,
        "Tax Provision": -4375000.0,
        "Pretax Income": -33926000.0,
        "Other Income Expense": -24648000.0,
        "Special Income Charges": -43052000.0,
        "Write Off": 2629000.0,
        "Gain On Sale Of Security": 18404000.0,
        "Net Non Operating Interest Income Expense": -2793000.0,
        "Total Other Finance Cost": NaN,
        "Interest Expense Non Operating": 334000.0,
        "Interest Income Non Operating": NaN,
        "Operating Income": -6485000.0,
        "Operating Expense": 104206000.0,
        "Other Operating Expenses": -108452000.0,
        "Selling General And Administration": 199856000.0,
        "General And Administrative Expense": 137914000.0,
        "Salaries And Wages": 70240000.0,
        "Gross Profit": 97721000.0,
        "Cost Of Revenue": 269784000.0,
        "Total Revenue": 367505000.0,
        "Operating Revenue": 367505000.0
    },
    "2025-03-31": {
        "Tax Effect Of Unusual Items": -1395660.0,
        "Tax Rate For Calcs": 0.21,
        "Normalized EBITDA": -37552000.0,
        "Total Unusual Items": -6646000.0,
        "Total Unusual Items Excluding Goodwill": -6646000.0,
        "Net Income From Continuing Operation Net Minority Interest": -66482000.0,
        "Reconciled Depreciation": 17520000.0,
        "Reconciled Cost Of Revenue": 255861000.0,
        "EBITDA": -44198000.0,
        "EBIT": -61718000.0,
        "Net Interest Income": -3682000.0,
        "Interest Expense": 4555000.0,
        "Interest Income": 873000.0,
        "Normalized Income": -61231660.0,
        "Net Income From Continuing And Discontinued Operation": -66482000.0,
        "Total Expenses": 363124000.0,
        "Total Operating Income As Reported": -55677000.0,
        "Diluted Average Shares": 187008000.0,
        "Basic Average Shares": 187008000.0,
        "Diluted EPS": -0.36,
        "Basic EPS": -0.36,
        "Diluted NI Availto Com Stockholders": -66482000.0,
        "Net Income Common Stockholders": -66482000.0,
        "Net Income": -66482000.0,
        "Minority Interests": 416000.0,
        "Net Income Including Noncontrolling Interests": -66898000.0,
        "Net Income Continuous Operations": -66898000.0,
        "Tax Provision": 625000.0,
        "Pretax Income": -66273000.0,
        "Other Income Expense": -6646000.0,
        "Special Income Charges": 268000.0,
        "Write Off": -268000.0,
        "Gain On Sale Of Security": -6914000.0,
        "Net Non Operating Interest Income Expense": -3682000.0,
        "Total Other Finance Cost": NaN,
        "Interest Expense Non Operating": 4555000.0,
        "Interest Income Non Operating": 873000.0,
        "Operating Income": -55945000.0,
        "Operating Expense": 107263000.0,
        "Other Operating Expenses": 36813000.0,
        "Selling General And Administration": 70450000.0,
        "General And Administrative Expense": 70450000.0,
        "Salaries And Wages": 70450000.0,
        "Gross Profit": 51318000.0,
        "Cost Of Revenue": 255861000.0,
        "Total Revenue": 307179000.0,
        "Operating Revenue": 307179000.0
    },
    "2025-06-30": {
        "Tax Effect Of Unusual Items": -5005857.822159,
        "Tax Rate For Calcs": 0.257252,
        "Normalized EBITDA": 28009000.0,
        "Total Unusual Items": -19459000.0,
        "Total Unusual Items Excluding Goodwill": -19459000.0,
        "Net Income From Continuing Operation Net Minority Interest": -10451000.0,
        "Reconciled Depreciation": 18301000.0,
        "Reconciled Cost Of Revenue": 271513000.0,
        "EBITDA": 8550000.0,
        "EBIT": -9751000.0,
        "Net Interest Income": -4000000.0,
        "Interest Expense": 4970000.0,
        "Interest Income": 970000.0,
        "Normalized Income": 4002142.177841,
        "Net Income From Continuing And Discontinued Operation": -10451000.0,
        "Total Expenses": 378124000.0,
        "Total Operating Income As Reported": 8738000.0,
        "Diluted Average Shares": 188142000.0,
        "Basic Average Shares": 188142000.0,
        "Diluted EPS": -0.06,
        "Basic EPS": -0.06,
        "Diluted NI Availto Com Stockholders": -10451000.0,
        "Net Income Common Stockholders": -10451000.0,
        "Net Income": -10451000.0,
        "Minority Interests": 483000.0,
        "Net Income Including Noncontrolling Interests": -10934000.0,
        "Net Income Continuous Operations": -10934000.0,
        "Tax Provision": -3787000.0,
        "Pretax Income": -14721000.0,
        "Other Income Expense": -19459000.0,
        "Special Income Charges": 0.0,
        "Write Off": 0.0,
        "Gain On Sale Of Security": -19459000.0,
        "Net Non Operating Interest Income Expense": -4000000.0,
        "Total Other Finance Cost": NaN,
        "Interest Expense Non Operating": 4970000.0,
        "Interest Income Non Operating": 970000.0,
        "Operating Income": 8738000.0,
        "Operating Expense": 106611000.0,
        "Other Operating Expenses": 37814000.0,
        "Selling General And Administration": 68797000.0,
        "General And Administrative Expense": 68797000.0,
        "Salaries And Wages": 68797000.0,
        "Gross Profit": 115349000.0,
        "Cost Of Revenue": 271513000.0,
        "Total Revenue": 386862000.0,
        "Operating Revenue": 386862000.0
    },
    "2025-09-30": {
        "Tax Effect Of Unusual Items": 71400.0,
        "Tax Rate For Calcs": 0.21,
        "Normalized EBITDA": 18792000.0,
        "Total Unusual Items": 340000.0,
        "Total Unusual Items Excluding Goodwill": 340000.0,
        "Net Income From Continuing Operation Net Minority Interest": -12812000.0,
        "Reconciled Depreciation": 19953000.0,
        "Reconciled Cost Of Revenue": 200367000.0,
        "EBITDA": 19132000.0,
        "EBIT": -821000.0,
        "Net Interest Income": -3051000.0,
        "Interest Expense": 3881000.0,
        "Interest Income": 830000.0,
        "Normalized Income": -13080600.0,
        "Net Income From Continuing And Discontinued Operation": -12812000.0,
        "Total Expenses": 313689000.0,
        "Total Operating Income As Reported": -2003000.0,
        "Diluted Average Shares": 188075000.0,
        "Basic Average Shares": 188075000.0,
        "Diluted EPS": -0.07,
        "Basic EPS": -0.07,
        "Diluted NI Availto Com Stockholders": -12812000.0,
        "Net Income Common Stockholders": -12812000.0,
        "Net Income": -12812000.0,
        "Minority Interests": 456000.0,
        "Net Income Including Noncontrolling Interests": -13268000.0,
        "Net Income Continuous Operations": -13268000.0,
        "Tax Provision": 8566000.0,
        "Pretax Income": -4702000.0,
        "Other Income Expense": 340000.0,
        "Special Income Charges": -12000.0,
        "Write Off": 12000.0,
        "Gain On Sale Of Security": 352000.0,
        "Net Non Operating Interest Income Expense": -3051000.0,
        "Total Other Finance Cost": NaN,
        "Interest Expense Non Operating": 3881000.0,
        "Interest Income Non Operating": 830000.0,
        "Operating Income": -1991000.0,
        "Operating Expense": 113322000.0,
        "Other Operating Expenses": 44461000.0,
        "Selling General And Administration": 68861000.0,
        "General And Administrative Expense": 68861000.0,
        "Salaries And Wages": 68861000.0,
        "Gross Profit": 111331000.0,
        "Cost Of Revenue": 200367000.0,
        "Total Revenue": 311698000.0,
        "Operating Revenue": 311698000.0
    }
}