{
    "2023-03-31": {
        "Tax Effect Of Unusual Items": NaN,
        "Tax Rate For Calcs": NaN,
        "Normalized EBITDA": NaN,
        "Total Unusual Items": NaN,
        "Total Unusual Items Excluding Goodwill": NaN,
        "Net Income From Continuing Operation Net Minority Interest": NaN,
        "Reconciled Depreciation": NaN,
        "Reconciled Cost Of Revenue": NaN,
        "EBITDA": NaN,
        "EBIT": NaN,
        "Net Interest Income": NaN,
        "Interest Expense": NaN,
        "Interest Income": NaN,
        "Normalized Income": NaN,
        "Net Income From Continuing And Discontinued Operation": NaN,
        "Total Expenses": NaN,
        "Total Operating Income As Reported": NaN,
        "Diluted Average Shares": NaN,
        "Basic Average Shares": NaN,
        "Diluted EPS": NaN,
        "Basic EPS": NaN,
        "Diluted NI Availto Com Stockholders": NaN,
        "Net Income Common Stockholders": NaN,
        "Net Income": NaN,
        "Minority Interests": NaN,
        "Net Income Including Noncontrolling Interests": NaN,
        "Net Income Continuous Operations": NaN,
        "Tax Provision": NaN,
        "Pretax Income": NaN,
        "Other Income Expense": NaN,
        "Other Non Operating Income Expenses": NaN,
        "Special Income Charges": 0.0,
        "Gain On Sale Of Ppe": 0.0,
        "Gain On Sale Of Security": NaN,
        "Net Non Operating Interest Income Expense": NaN,
        "Interest Expense Non Operating": NaN,
        "Interest Income Non Operating": NaN,
        "Operating Income": NaN,
        "Operating Expense": NaN,
        "Research And Development": NaN,
        "Selling General And Administration": NaN,
        "Selling And Marketing Expense": NaN,
        "General And Administrative Expense": NaN,
        "Other Gand A": NaN,
        "Gross Profit": NaN,
        "Cost Of Revenue": NaN,
        "Total Revenue": NaN,
        "Operating Revenue": NaN
    },
    "2022-12-31": {
        "Tax Effect Of Unusual Items": NaN,
        "Tax Rate For Calcs": NaN,
        "Normalized EBITDA": NaN,
        "Total Unusual Items": NaN,
        "Total Unusual Items Excluding Goodwill": NaN,
        "Net Income From Continuing Operation Net Minority Interest": NaN,
        "Reconciled Depreciation": NaN,
        "Reconciled Cost Of Revenue": NaN,
        "EBITDA": NaN,
        "EBIT": NaN,
        "Net Interest Income": NaN,
        "Interest Expense": NaN,
        "Interest Income": NaN,
        "Normalized Income": NaN,
        "Net Income From Continuing And Discontinued Operation": NaN,
        "Total Expenses": NaN,
        "Total Operating Income As Reported": NaN,
        "Diluted Average Shares": NaN,
        "Basic Average Shares": NaN,
        "Diluted EPS": NaN,
        "Basic EPS": NaN,
        "Diluted NI Availto Com Stockholders": NaN,
        "Net Income Common Stockholders": NaN,
        "Net Income": NaN,
        "Minority Interests": NaN,
        "Net Income Including Noncontrolling Interests": NaN,
        "Net Income Continuous Operations": NaN,
        "Tax Provision": NaN,
        "Pretax Income": NaN,
        "Other Income Expense": NaN,
        "Other Non Operating Income Expenses": NaN,
        "Special Income Charges": -816.0,
        "Gain On Sale Of Ppe": -816.0,
        "Gain On Sale Of Security": NaN,
        "Net Non Operating Interest Income Expense": NaN,
        "Interest Expense Non Operating": NaN,
        "Interest Income Non Operating": NaN,
        "Operating Income": NaN,
        "Operating Expense": NaN,
        "Research And Development": NaN,
        "Selling General And Administration": NaN,
        "Selling And Marketing Expense": NaN,
        "General And Administrative Expense": NaN,
        "Other Gand A": NaN,
        "Gross Profit": NaN,
        "Cost Of Revenue": NaN,
        "Total Revenue": NaN,
        "Operating Revenue": NaN
    },
    "2022-09-30": {
        "Tax Effect Of Unusual Items": NaN,
        "Tax Rate For Calcs": NaN,
        "Normalized EBITDA": NaN,
        "Total Unusual Items": NaN,
        "Total Unusual Items Excluding Goodwill": NaN,
        "Net Income From Continuing Operation Net Minority Interest": NaN,
        "Reconciled Depreciation": NaN,
        "Reconciled Cost Of Revenue": NaN,
        "EBITDA": NaN,
        "EBIT": NaN,
        "Net Interest Income": NaN,
        "Interest Expense": NaN,
        "Interest Income": NaN,
        "Normalized Income": NaN,
        "Net Income From Continuing And Discontinued Operation": NaN,
        "Total Expenses": NaN,
        "Total Operating Income As Reported": NaN,
        "Diluted Average Shares": 12222387.0,
        "Basic Average Shares": 12222387.0,
        "Diluted EPS": 0.1,
        "Basic EPS": 0.1,
        "Diluted NI Availto Com Stockholders": NaN,
        "Net Income Common Stockholders": NaN,
        "Net Income": NaN,
        "Minority Interests": NaN,
        "Net Income Including Noncontrolling Interests": NaN,
        "Net Income Continuous Operations": NaN,
        "Tax Provision": NaN,
        "Pretax Income": NaN,
        "Other Income Expense": NaN,
        "Other Non Operating Income Expenses": NaN,
        "Special Income Charges": NaN,
        "Gain On Sale Of Ppe": NaN,
        "Gain On Sale Of Security": NaN,
        "Net Non Operating Interest Income Expense": NaN,
        "Interest Expense Non Operating": NaN,
        "Interest Income Non Operating": NaN,
        "Operating Income": NaN,
        "Operating Expense": NaN,
        "Research And Development": NaN,
        "Selling General And Administration": NaN,
        "Selling And Marketing Expense": NaN,
        "General And Administrative Expense": NaN,
        "Other Gand A": NaN,
        "Gross Profit": NaN,
        "Cost Of Revenue": NaN,
        "Total Revenue": NaN,
        "Operating Revenue": NaN
    },
    "2022-06-30": {
        "Tax Effect Of Unusual Items": 0.966012,
        "Tax Rate For Calcs": 0.096601,
        "Normalized EBITDA": 3307932.0,
        "Total Unusual Items": 10.0,
        "Total Unusual Items Excluding Goodwill": 10.0,
        "Net Income From Continuing Operation Net Minority Interest": 1487264.0,
        "Reconciled Depreciation": 582431.0,
        "Reconciled Cost Of Revenue": 15763344.0,
        "EBITDA": 3307942.0,
        "EBIT": 2725511.0,
        "Net Interest Income": -81764.0,
        "Interest Expense": 91651.0,
        "Interest Income": 9887.0,
        "Normalized Income": 1487254.966012,
        "Net Income From Continuing And Discontinued Operation": 1487264.0,
        "Total Expenses": 18388601.0,
        "Total Operating Income As Reported": 2213904.0,
        "Diluted Average Shares": 11329530.0,
        "Basic Average Shares": 11329530.0,
        "Diluted EPS": 0.13,
        "Basic EPS": 0.13,
        "Diluted NI Availto Com Stockholders": 1487264.0,
        "Net Income Common Stockholders": 1487264.0,
        "Net Income": 1487264.0,
        "Minority Interests": -892162.0,
        "Net Income Including Noncontrolling Interests": 2379426.0,
        "Net Income Continuous Operations": 2379426.0,
        "Tax Provision": 254434.0,
        "Pretax Income": 2633860.0,
        "Other Income Expense": 501720.0,
        "Other Non Operating Income Expenses": 501710.0,
        "Special Income Charges": 10.0,
        "Gain On Sale Of Ppe": 10.0,
        "Net Non Operating Interest Income Expense": -81764.0,
        "Interest Expense Non Operating": 91651.0,
        "Interest Income Non Operating": 9887.0,
        "Operating Income": 2213904.0,
        "Operating Expense": 2625257.0,
        "Research And Development": 862535.0,
        "Selling General And Administration": 1762722.0,
        "Selling And Marketing Expense": 518088.0,
        "General And Administrative Expense": 1244634.0,
        "Other Gand A": 1244634.0,
        "Gross Profit": 4839161.0,
        "Cost Of Revenue": 15763344.0,
        "Total Revenue": 20602505.0,
        "Operating Revenue": 20602505.0
    },
    "2022-03-31": {
        "Diluted EPS": 0.16,
        "Total Revenue": 29,
        "Gross Profit": 6,
        "Operating Income": 3,
        "EBIT": 4,
        "Net Income": 2
    },
    "2021-12-31": {
        "Diluted EPS": 0.02,
        "Total Revenue": 23,
        "Gross Profit": 4,
        "Operating Income": 0,
        "EBIT": 1,
        "Net Income": 0
    },
    "2021-09-30": {
        "Diluted EPS": 0.09,
        "Total Revenue": 23,
        "Gross Profit": 5,
        "Operating Income": 2,
        "EBIT": 3,
        "Net Income": 1
    },
    "2021-06-30": {
        "Diluted EPS": 0.26,
        "Total Revenue": 28,
        "Gross Profit": 6,
        "Operating Income": 3,
        "EBIT": 4,
        "Net Income": 3
    },
    "2021-03-31": {
        "Diluted EPS": 0.21,
        "Total Revenue": 25,
        "Gross Profit": 5,
        "Operating Income": 3,
        "EBIT": 3,
        "Net Income": 2
    },
    "2020-12-31": {
        "Diluted EPS": 0.49,
        "Total Revenue": 24,
        "Gross Profit": 5,
        "Operating Income": 3,
        "EBIT": 3,
        "Net Income": 5
    },
    "2020-09-30": {
        "Diluted EPS": 0.02,
        "Total Revenue": 17,
        "Gross Profit": 3,
        "Operating Income": 2,
        "EBIT": 3,
        "Net Income": 0
    },
    "2020-06-30": {
        "Diluted EPS": 0.13,
        "Total Revenue": 17,
        "Gross Profit": 3,
        "Operating Income": 2,
        "EBIT": 2,
        "Net Income": 1
    },
    "2020-03-31": {
        "Diluted EPS": 0.03,
        "Total Revenue": 10,
        "Gross Profit": 2,
        "Operating Income": 0,
        "EBIT": 1,
        "Net Income": 0
    },
    "2019-12-31": {
        "Diluted EPS": 1.05,
        "Total Revenue": 12,
        "Gross Profit": 4,
        "Operating Income": -9,
        "EBIT": -8,
        "Net Income": 5
    },
    "2019-09-30": {
        "Diluted EPS": 0.02,
        "Total Revenue": 12,
        "Gross Profit": 2,
        "Operating Income": 1,
        "EBIT": 2,
        "Net Income": 0
    },
    "2019-08-31": {
        "Diluted EPS": -0.2,
        "Total Revenue": NaN,
        "Gross Profit": NaN,
        "Operating Income": 0,
        "EBIT": 0,
        "Net Income": 0
    },
    "2019-06-30": {
        "Diluted EPS": 0.15,
        "Total Revenue": 13,
        "Gross Profit": 3,
        "Operating Income": 2,
        "EBIT": 3,
        "Net Income": 1
    },
    "2019-05-31": {
        "Diluted EPS": -0.18,
        "Total Revenue": NaN,
        "Gross Profit": NaN,
        "Operating Income": 0,
        "EBIT": 0,
        "Net Income": 0
    },
    "2019-03-31": {
        "Diluted EPS": 0.21,
        "Total Revenue": 16,
        "Gross Profit": 4,
        "Operating Income": 2,
        "EBIT": 3,
        "Net Income": 2
    },
    "2019-02-28": {
        "Diluted EPS": -0.11,
        "Total Revenue": NaN,
        "Gross Profit": NaN,
        "Operating Income": 0,
        "EBIT": 0,
        "Net Income": 0
    },
    "2018-12-31": {
        "Diluted EPS": 0.0,
        "Total Revenue": NaN,
        "Gross Profit": NaN,
        "Operating Income": -51,
        "EBIT": -51,
        "Net Income": 6
    },
    "2018-11-30": {
        "Diluted EPS": 0.0,
        "Total Revenue": NaN,
        "Gross Profit": NaN,
        "Operating Income": NaN,
        "EBIT": NaN,
        "Net Income": NaN
    },
    "2018-08-31": {
        "Diluted EPS": -0.06,
        "Total Revenue": NaN,
        "Gross Profit": NaN,
        "Operating Income": 0,
        "EBIT": 0,
        "Net Income": 0
    },
    "2018-05-31": {
        "Diluted EPS": -0.01,
        "Total Revenue": NaN,
        "Gross Profit": NaN,
        "Operating Income": 0,
        "EBIT": 0,
        "Net Income": 0
    },
    "2018-03-31": {
        "Diluted EPS": 0.0,
        "Total Revenue": NaN,
        "Gross Profit": NaN,
        "Operating Income": 0,
        "EBIT": 0,
        "Net Income": 0
    },
    "2023-06-30": {
        "Tax Effect Of Unusual Items": NaN,
        "Tax Rate For Calcs": NaN,
        "Normalized EBITDA": NaN,
        "Total Unusual Items": NaN,
        "Total Unusual Items Excluding Goodwill": NaN,
        "Net Income From Continuing Operation Net Minority Interest": NaN,
        "Reconciled Depreciation": NaN,
        "Reconciled Cost Of Revenue": NaN,
        "EBITDA": NaN,
        "EBIT": NaN,
        "Net Interest Income": NaN,
        "Interest Expense": NaN,
        "Interest Income": NaN,
        "Normalized Income": NaN,
        "Net Income From Continuing And Discontinued Operation": NaN,
        "Total Expenses": NaN,
        "Total Operating Income As Reported": NaN,
        "Diluted Average Shares": 12978504.0,
        "Basic Average Shares": 12978504.0,
        "Diluted EPS": 0.18,
        "Basic EPS": 0.18,
        "Diluted NI Availto Com Stockholders": NaN,
        "Net Income Common Stockholders": NaN,
        "Net Income": NaN,
        "Minority Interests": NaN,
        "Net Income Including Noncontrolling Interests": NaN,
        "Net Income Continuous Operations": NaN,
        "Tax Provision": NaN,
        "Pretax Income": NaN,
        "Other Income Expense": NaN,
        "Other Non Operating Income Expenses": NaN,
        "Special Income Charges": -239.0,
        "Gain On Sale Of Ppe": -239.0,
        "Gain On Sale Of Security": NaN,
        "Net Non Operating Interest Income Expense": NaN,
        "Interest Expense Non Operating": NaN,
        "Interest Income Non Operating": NaN,
        "Operating Income": NaN,
        "Operating Expense": NaN,
        "Research And Development": NaN,
        "Selling General And Administration": NaN,
        "Selling And Marketing Expense": NaN,
        "General And Administrative Expense": NaN,
        "Other Gand A": NaN,
        "Gross Profit": NaN,
        "Cost Of Revenue": NaN,
        "Total Revenue": NaN,
        "Operating Revenue": NaN
    },
    "2023-09-30": {
        "Tax Effect Of Unusual Items": NaN,
        "Tax Rate For Calcs": NaN,
        "Normalized EBITDA": NaN,
        "Total Unusual Items": NaN,
        "Total Unusual Items Excluding Goodwill": NaN,
        "Net Income From Continuing Operation Net Minority Interest": NaN,
        "Reconciled Depreciation": NaN,
        "Reconciled Cost Of Revenue": NaN,
        "EBITDA": NaN,
        "EBIT": NaN,
        "Net Interest Income": NaN,
        "Interest Expense": NaN,
        "Interest Income": NaN,
        "Normalized Income": NaN,
        "Net Income From Continuing And Discontinued Operation": NaN,
        "Total Expenses": NaN,
        "Total Operating Income As Reported": NaN,
        "Diluted Average Shares": 13594530.0,
        "Basic Average Shares": 13594530.0,
        "Diluted EPS": -0.07,
        "Basic EPS": -0.07,
        "Diluted NI Availto Com Stockholders": NaN,
        "Net Income Common Stockholders": NaN,
        "Net Income": NaN,
        "Minority Interests": NaN,
        "Net Income Including Noncontrolling Interests": NaN,
        "Net Income Continuous Operations": NaN,
        "Tax Provision": NaN,
        "Pretax Income": NaN,
        "Other Income Expense": NaN,
        "Other Non Operating Income Expenses": NaN,
        "Special Income Charges": -204.0,
        "Gain On Sale Of Ppe": -204.0,
        "Gain On Sale Of Security": NaN,
        "Net Non Operating Interest Income Expense": NaN,
        "Interest Expense Non Operating": NaN,
        "Interest Income Non Operating": NaN,
        "Operating Income": NaN,
        "Operating Expense": NaN,
        "Research And Development": NaN,
        "Selling General And Administration": NaN,
        "Selling And Marketing Expense": NaN,
        "General And Administrative Expense": NaN,
        "Other Gand A": NaN,
        "Gross Profit": NaN,
        "Cost Of Revenue": NaN,
        "Total Revenue": NaN,
        "Operating Revenue": NaN
    },
    "2023-12-31": {
        "Tax Effect Of Unusual Items": NaN,
        "Tax Rate For Calcs": NaN,
        "Normalized EBITDA": NaN,
        "Total Unusual Items": NaN,
        "Total Unusual Items Excluding Goodwill": NaN,
        "Net Income From Continuing Operation Net Minority Interest": NaN,
        "Reconciled Depreciation": NaN,
        "Reconciled Cost Of Revenue": NaN,
        "EBITDA": NaN,
        "EBIT": NaN,
        "Net Interest Income": NaN,
        "Interest Expense": NaN,
        "Interest Income": NaN,
        "Normalized Income": NaN,
        "Net Income From Continuing And Discontinued Operation": NaN,
        "Total Expenses": NaN,
        "Total Operating Income As Reported": NaN,
        "Diluted Average Shares": NaN,
        "Basic Average Shares": NaN,
        "Diluted EPS": NaN,
        "Basic EPS": NaN,
        "Diluted NI Availto Com Stockholders": NaN,
        "Net Income Common Stockholders": NaN,
        "Net Income": NaN,
        "Minority Interests": NaN,
        "Net Income Including Noncontrolling Interests": NaN,
        "Net Income Continuous Operations": NaN,
        "Tax Provision": NaN,
        "Pretax Income": NaN,
        "Other Income Expense": NaN,
        "Other Non Operating Income Expenses": NaN,
        "Special Income Charges": -330629.0,
        "Gain On Sale Of Ppe": -30629.0,
        "Gain On Sale Of Security": NaN,
        "Net Non Operating Interest Income Expense": NaN,
        "Interest Expense Non Operating": NaN,
        "Interest Income Non Operating": NaN,
        "Operating Income": NaN,
        "Operating Expense": NaN,
        "Research And Development": NaN,
        "Selling General And Administration": NaN,
        "Selling And Marketing Expense": NaN,
        "General And Administrative Expense": NaN,
        "Other Gand A": NaN,
        "Gross Profit": NaN,
        "Cost Of Revenue": NaN,
        "Total Revenue": NaN,
        "Operating Revenue": NaN
    },
    "2024-03-31": {
        "Tax Effect Of Unusual Items": NaN,
        "Tax Rate For Calcs": NaN,
        "Normalized EBITDA": NaN,
        "Total Unusual Items": NaN,
        "Total Unusual Items Excluding Goodwill": NaN,
        "Net Income From Continuing Operation Net Minority Interest": NaN,
        "Reconciled Depreciation": NaN,
        "Reconciled Cost Of Revenue": NaN,
        "EBITDA": NaN,
        "EBIT": NaN,
        "Net Interest Income": NaN,
        "Interest Expense": NaN,
        "Interest Income": NaN,
        "Normalized Income": NaN,
        "Net Income From Continuing And Discontinued Operation": NaN,
        "Total Expenses": NaN,
        "Total Operating Income As Reported": NaN,
        "Diluted Average Shares": 13594530.0,
        "Basic Average Shares": 13594530.0,
        "Diluted EPS": 0.18,
        "Basic EPS": 0.18,
        "Diluted NI Availto Com Stockholders": NaN,
        "Net Income Common Stockholders": NaN,
        "Net Income": NaN,
        "Minority Interests": NaN,
        "Net Income Including Noncontrolling Interests": NaN,
        "Net Income Continuous Operations": NaN,
        "Tax Provision": NaN,
        "Pretax Income": NaN,
        "Other Income Expense": NaN,
        "Other Non Operating Income Expenses": NaN,
        "Special Income Charges": NaN,
        "Gain On Sale Of Ppe": NaN,
        "Gain On Sale Of Security": NaN,
        "Net Non Operating Interest Income Expense": NaN,
        "Interest Expense Non Operating": NaN,
        "Interest Income Non Operating": NaN,
        "Operating Income": NaN,
        "Operating Expense": NaN,
        "Research And Development": NaN,
        "Selling General And Administration": NaN,
        "Selling And Marketing Expense": NaN,
        "General And Administrative Expense": NaN,
        "Other Gand A": NaN,
        "Gross Profit": NaN,
        "Cost Of Revenue": NaN,
        "Total Revenue": NaN,
        "Operating Revenue": NaN
    },
    "2024-06-30": {
        "Tax Effect Of Unusual Items": NaN,
        "Tax Rate For Calcs": NaN,
        "Normalized EBITDA": NaN,
        "Total Unusual Items": NaN,
        "Total Unusual Items Excluding Goodwill": NaN,
        "Net Income From Continuing Operation Net Minority Interest": NaN,
        "Reconciled Depreciation": NaN,
        "Reconciled Cost Of Revenue": NaN,
        "EBITDA": NaN,
        "EBIT": NaN,
        "Net Interest Income": NaN,
        "Interest Expense": NaN,
        "Interest Income": NaN,
        "Normalized Income": NaN,
        "Net Income From Continuing And Discontinued Operation": NaN,
        "Total Expenses": NaN,
        "Total Operating Income As Reported": NaN,
        "Diluted Average Shares": 13594530.0,
        "Basic Average Shares": 13594530.0,
        "Diluted EPS": 0.34,
        "Basic EPS": 0.34,
        "Diluted NI Availto Com Stockholders": NaN,
        "Net Income Common Stockholders": NaN,
        "Net Income": NaN,
        "Minority Interests": NaN,
        "Net Income Including Noncontrolling Interests": NaN,
        "Net Income Continuous Operations": NaN,
        "Tax Provision": NaN,
        "Pretax Income": NaN,
        "Other Income Expense": NaN,
        "Other Non Operating Income Expenses": NaN,
        "Special Income Charges": 556.0,
        "Gain On Sale Of Ppe": 556.0,
        "Gain On Sale Of Security": NaN,
        "Net Non Operating Interest Income Expense": NaN,
        "Interest Expense Non Operating": NaN,
        "Interest Income Non Operating": NaN,
        "Operating Income": NaN,
        "Operating Expense": NaN,
        "Research And Development": NaN,
        "Selling General And Administration": NaN,
        "Selling And Marketing Expense": NaN,
        "General And Administrative Expense": NaN,
        "Other Gand A": NaN,
        "Gross Profit": NaN,
        "Cost Of Revenue": NaN,
        "Total Revenue": NaN,
        "Operating Revenue": NaN
    },
    "2024-09-30": {
        "Tax Effect Of Unusual Items": -665253.0,
        "Tax Rate For Calcs": 0.25,
        "Normalized EBITDA": 3934442.0,
        "Total Unusual Items": -2661012.0,
        "Total Unusual Items Excluding Goodwill": -2661012.0,
        "Net Income From Continuing Operation Net Minority Interest": -684391.0,
        "Reconciled Depreciation": 560410.0,
        "Reconciled Cost Of Revenue": 13868406.0,
        "EBITDA": 1273430.0,
        "EBIT": 713020.0,
        "Net Interest Income": 227856.0,
        "Interest Expense": 9477.0,
        "Interest Income": 237333.0,
        "Normalized Income": 1311368.0,
        "Net Income From Continuing And Discontinued Operation": -684391.0,
        "Total Expenses": 15906070.0,
        "Total Operating Income As Reported": 2928023.0,
        "Diluted Average Shares": 13594530.0,
        "Basic Average Shares": 13594530.0,
        "Diluted EPS": -0.05,
        "Basic EPS": -0.05,
        "Diluted NI Availto Com Stockholders": -684391.0,
        "Net Income Common Stockholders": -684391.0,
        "Net Income": -684391.0,
        "Minority Interests": -1043684.0,
        "Net Income Including Noncontrolling Interests": 359293.0,
        "Net Income Continuous Operations": 359293.0,
        "Tax Provision": 344250.0,
        "Pretax Income": 703543.0,
        "Other Income Expense": -2452336.0,
        "Other Non Operating Income Expenses": 208676.0,
        "Special Income Charges": NaN,
        "Gain On Sale Of Ppe": NaN,
        "Gain On Sale Of Security": -2661012.0,
        "Net Non Operating Interest Income Expense": 227856.0,
        "Interest Expense Non Operating": 9477.0,
        "Interest Income Non Operating": 237333.0,
        "Operating Income": 2928023.0,
        "Operating Expense": 2037664.0,
        "Research And Development": 437978.0,
        "Selling General And Administration": 1599686.0,
        "Selling And Marketing Expense": 397444.0,
        "General And Administrative Expense": 1202242.0,
        "Other Gand A": 1202242.0,
        "Gross Profit": 4965687.0,
        "Cost Of Revenue": 13868406.0,
        "Total Revenue": 18834093.0,
        "Operating Revenue": 18834093.0
    },
    "2024-12-31": {
        "Tax Effect Of Unusual Items": 168695.146637,
        "Tax Rate For Calcs": 0.111798,
        "Normalized EBITDA": 5104501.0,
        "Total Unusual Items": 1508933.0,
        "Total Unusual Items Excluding Goodwill": 1508933.0,
        "Net Income From Continuing Operation Net Minority Interest": 7598250.0,
        "Reconciled Depreciation": 592378.0,
        "Reconciled Cost Of Revenue": 14223560.0,
        "EBITDA": 6613434.0,
        "EBIT": 6021056.0,
        "Net Interest Income": 247194.0,
        "Interest Expense": -5082.0,
        "Interest Income": 242112.0,
        "Normalized Income": 6258012.146637,
        "Net Income From Continuing And Discontinued Operation": 7598250.0,
        "Total Expenses": 14735197.0,
        "Total Operating Income As Reported": 3753345.0,
        "Diluted Average Shares": NaN,
        "Basic Average Shares": NaN,
        "Diluted EPS": NaN,
        "Basic EPS": NaN,
        "Diluted NI Availto Com Stockholders": 7598250.0,
        "Net Income Common Stockholders": 7598250.0,
        "Net Income": 7598250.0,
        "Minority Interests": 2245820.0,
        "Net Income Including Noncontrolling Interests": 5352430.0,
        "Net Income Continuous Operations": 5352430.0,
        "Tax Provision": 673708.0,
        "Pretax Income": 6026138.0,
        "Other Income Expense": 1144424.0,
        "Other Non Operating Income Expenses": -364509.0,
        "Special Income Charges": NaN,
        "Gain On Sale Of Ppe": NaN,
        "Gain On Sale Of Security": 1503070.0,
        "Net Non Operating Interest Income Expense": 247194.0,
        "Interest Expense Non Operating": -5082.0,
        "Interest Income Non Operating": 242112.0,
        "Operating Income": 4634520.0,
        "Operating Expense": 511637.0,
        "Research And Development": 387634.0,
        "Selling General And Administration": 1005178.0,
        "Selling And Marketing Expense": 736573.0,
        "General And Administrative Expense": 268605.0,
        "Other Gand A": 268605.0,
        "Gross Profit": 5146157.0,
        "Cost Of Revenue": 14223560.0,
        "Total Revenue": 19369717.0,
        "Operating Revenue": 19369717.0
    },
    "2025-03-31": {
        "Tax Effect Of Unusual Items": 33780.0516,
        "Tax Rate For Calcs": 0.1614,
        "Normalized EBITDA": 5748951.0,
        "Total Unusual Items": 209294.0,
        "Total Unusual Items Excluding Goodwill": 209294.0,
        "Net Income From Continuing Operation Net Minority Interest": 4003783.0,
        "Reconciled Depreciation": 517134.0,
        "Reconciled Cost Of Revenue": 15016614.0,
        "EBITDA": 5958245.0,
        "EBIT": 5441111.0,
        "Net Interest Income": 141040.0,
        "Interest Expense": 0.0,
        "Interest Income": 141040.0,
        "Normalized Income": 3828269.0516,
        "Net Income From Continuing And Discontinued Operation": 4003783.0,
        "Total Expenses": 16868868.0,
        "Total Operating Income As Reported": 4808696.0,
        "Diluted Average Shares": 13594530.0,
        "Basic Average Shares": 13594530.0,
        "Diluted EPS": 0.29,
        "Basic EPS": 0.29,
        "Diluted NI Availto Com Stockholders": 4003783.0,
        "Net Income Common Stockholders": 4003783.0,
        "Net Income": 4003783.0,
        "Minority Interests": -559053.0,
        "Net Income Including Noncontrolling Interests": 4562836.0,
        "Net Income Continuous Operations": 4562836.0,
        "Tax Provision": 878275.0,
        "Pretax Income": 5441111.0,
        "Other Income Expense": 491375.0,
        "Other Non Operating Income Expenses": 282081.0,
        "Special Income Charges": NaN,
        "Gain On Sale Of Ppe": NaN,
        "Gain On Sale Of Security": 209294.0,
        "Net Non Operating Interest Income Expense": 141040.0,
        "Interest Expense Non Operating": 0.0,
        "Interest Income Non Operating": 141040.0,
        "Operating Income": 4808696.0,
        "Operating Expense": 1852254.0,
        "Research And Development": 81457.0,
        "Selling General And Administration": 1770797.0,
        "Selling And Marketing Expense": 331809.0,
        "General And Administrative Expense": 1438988.0,
        "Other Gand A": 1438988.0,
        "Gross Profit": 6660950.0,
        "Cost Of Revenue": 15016614.0,
        "Total Revenue": 21677564.0,
        "Operating Revenue": 21677564.0
    },
    "2025-06-30": {
        "Tax Effect Of Unusual Items": 20434.75,
        "Tax Rate For Calcs": 0.25,
        "Normalized EBITDA": -1471625.0,
        "Total Unusual Items": 81739.0,
        "Total Unusual Items Excluding Goodwill": 81739.0,
        "Net Income From Continuing Operation Net Minority Interest": -3225268.0,
        "Reconciled Depreciation": 520966.0,
        "Reconciled Cost Of Revenue": 15969005.0,
        "EBITDA": -1389886.0,
        "EBIT": -1910852.0,
        "Net Interest Income": 170917.0,
        "Interest Expense": 0.0,
        "Interest Income": 170917.0,
        "Normalized Income": -3286572.25,
        "Net Income From Continuing And Discontinued Operation": -3225268.0,
        "Total Expenses": 24043033.0,
        "Total Operating Income As Reported": -2323247.0,
        "Diluted Average Shares": 16099824.0,
        "Basic Average Shares": 16099824.0,
        "Diluted EPS": -0.2,
        "Basic EPS": -0.2,
        "Diluted NI Availto Com Stockholders": -3225268.0,
        "Net Income Common Stockholders": -3225268.0,
        "Net Income": -3225268.0,
        "Minority Interests": -465496.0,
        "Net Income Including Noncontrolling Interests": -2759772.0,
        "Net Income Continuous Operations": -2759772.0,
        "Tax Provision": 848920.0,
        "Pretax Income": -1910852.0,
        "Other Income Expense": 241478.0,
        "Other Non Operating Income Expenses": 159739.0,
        "Special Income Charges": 0.0,
        "Gain On Sale Of Ppe": 0.0,
        "Gain On Sale Of Security": 81739.0,
        "Net Non Operating Interest Income Expense": 170917.0,
        "Interest Expense Non Operating": 0.0,
        "Interest Income Non Operating": 170917.0,
        "Operating Income": -2323247.0,
        "Operating Expense": 8074028.0,
        "Research And Development": 443720.0,
        "Selling General And Administration": 7630308.0,
        "Selling And Marketing Expense": 1003766.0,
        "General And Administrative Expense": 6626542.0,
        "Other Gand A": 6626542.0,
        "Gross Profit": 5750781.0,
        "Cost Of Revenue": 15969005.0,
        "Total Revenue": 21719786.0,
        "Operating Revenue": 21719786.0
    },
    "2025-09-30": {
        "Tax Effect Of Unusual Items": 187020.956677,
        "Tax Rate For Calcs": 0.122608,
        "Normalized EBITDA": 6501337.0,
        "Total Unusual Items": 1525352.0,
        "Total Unusual Items Excluding Goodwill": 1525352.0,
        "Net Income From Continuing Operation Net Minority Interest": 5732522.0,
        "Reconciled Depreciation": 520702.0,
        "Reconciled Cost Of Revenue": 15828001.0,
        "EBITDA": 8026689.0,
        "EBIT": 7505987.0,
        "Net Interest Income": 429159.0,
        "Interest Expense": 0.0,
        "Interest Income": 429159.0,
        "Normalized Income": 4394190.956677,
        "Net Income From Continuing And Discontinued Operation": 5732522.0,
        "Total Expenses": 18335978.0,
        "Total Operating Income As Reported": 5065619.0,
        "Diluted Average Shares": 17394226.0,
        "Basic Average Shares": 17394226.0,
        "Diluted EPS": 0.33,
        "Basic EPS": 0.33,
        "Diluted NI Availto Com Stockholders": 5732522.0,
        "Net Income Common Stockholders": 5732522.0,
        "Net Income": 5732522.0,
        "Minority Interests": -853168.0,
        "Net Income Including Noncontrolling Interests": 6585690.0,
        "Net Income Continuous Operations": 6585690.0,
        "Tax Provision": 920297.0,
        "Pretax Income": 7505987.0,
        "Other Income Expense": 2011209.0,
        "Other Non Operating Income Expenses": 485857.0,
        "Special Income Charges": NaN,
        "Gain On Sale Of Ppe": NaN,
        "Gain On Sale Of Security": 1525352.0,
        "Net Non Operating Interest Income Expense": 429159.0,
        "Interest Expense Non Operating": 0.0,
        "Interest Income Non Operating": 429159.0,
        "Operating Income": 5065619.0,
        "Operating Expense": 2507977.0,
        "Research And Development": 560668.0,
        "Selling General And Administration": 1947309.0,
        "Selling And Marketing Expense": 432575.0,
        "General And Administrative Expense": 1514734.0,
        "Other Gand A": 1514734.0,
        "Gross Profit": 7573596.0,
        "Cost Of Revenue": 15828001.0,
        "Total Revenue": 23401597.0,
        "Operating Revenue": 23401597.0
    }
}