{
    "2023-03-31": {
        "Tax Effect Of Unusual Items": -2416300.0,
        "Tax Rate For Calcs": 0.331,
        "Normalized EBITDA": 146600000.0,
        "Total Unusual Items": -7300000.0,
        "Total Unusual Items Excluding Goodwill": -7300000.0,
        "Net Income From Continuing Operation Net Minority Interest": 26700000.0,
        "Reconciled Depreciation": 54500000.0,
        "Reconciled Cost Of Revenue": 572600000.0,
        "EBITDA": 139300000.0,
        "EBIT": 84800000.0,
        "Net Interest Income": -38800000.0,
        "Interest Expense": 38600000.0,
        "Interest Income": 2000000.0,
        "Normalized Income": 31583700.0,
        "Net Income From Continuing And Discontinued Operation": 26400000.0,
        "Total Expenses": 804000000.0,
        "Total Operating Income As Reported": 87300000.0,
        "Diluted Average Shares": 287878415.0,
        "Basic Average Shares": 283520302.0,
        "Diluted EPS": 0.09,
        "Basic EPS": 0.09,
        "Diluted NI Availto Com Stockholders": 26400000.0,
        "Net Income Common Stockholders": 26400000.0,
        "Net Income": 26400000.0,
        "Minority Interests": -4200000.0,
        "Net Income Including Noncontrolling Interests": 30600000.0,
        "Net Income Discontinuous Operations": -300000.0,
        "Net Income Continuous Operations": 30900000.0,
        "Tax Provision": 15300000.0,
        "Pretax Income": 46200000.0,
        "Other Income Expense": -8700000.0,
        "Other Non Operating Income Expenses": -1400000.0,
        "Special Income Charges": -5700000.0,
        "Other Special Charges": NaN,
        "Write Off": NaN,
        "Impairment Of Capital Assets": NaN,
        "Restructuring And Mergern Acquisition": 5700000.0,
        "Gain On Sale Of Security": -1600000.0,
        "Net Non Operating Interest Income Expense": -38800000.0,
        "Total Other Finance Cost": 2200000.0,
        "Interest Expense Non Operating": 38600000.0,
        "Interest Income Non Operating": 2000000.0,
        "Operating Income": 93700000.0,
        "Operating Expense": 231400000.0,
        "Other Operating Expenses": NaN,
        "Selling General And Administration": 231400000.0,
        "General And Administrative Expense": 231400000.0,
        "Other Gand A": 232100000.0,
        "Salaries And Wages": -700000.0,
        "Gross Profit": 325100000.0,
        "Cost Of Revenue": 572600000.0,
        "Total Revenue": 897700000.0,
        "Operating Revenue": 897700000.0
    },
    "2022-12-31": {
        "Tax Effect Of Unusual Items": NaN,
        "Tax Rate For Calcs": NaN,
        "Normalized EBITDA": NaN,
        "Total Unusual Items": NaN,
        "Total Unusual Items Excluding Goodwill": NaN,
        "Net Income From Continuing Operation Net Minority Interest": NaN,
        "Reconciled Depreciation": NaN,
        "Reconciled Cost Of Revenue": NaN,
        "EBITDA": NaN,
        "EBIT": NaN,
        "Net Interest Income": NaN,
        "Interest Expense": NaN,
        "Interest Income": NaN,
        "Normalized Income": NaN,
        "Net Income From Continuing And Discontinued Operation": NaN,
        "Total Expenses": NaN,
        "Total Operating Income As Reported": NaN,
        "Diluted Average Shares": NaN,
        "Basic Average Shares": NaN,
        "Diluted EPS": NaN,
        "Basic EPS": NaN,
        "Diluted NI Availto Com Stockholders": NaN,
        "Net Income Common Stockholders": NaN,
        "Net Income": NaN,
        "Minority Interests": NaN,
        "Net Income Including Noncontrolling Interests": NaN,
        "Net Income Discontinuous Operations": NaN,
        "Net Income Continuous Operations": NaN,
        "Tax Provision": NaN,
        "Pretax Income": NaN,
        "Other Income Expense": NaN,
        "Other Non Operating Income Expenses": NaN,
        "Special Income Charges": NaN,
        "Other Special Charges": NaN,
        "Write Off": 0.0,
        "Impairment Of Capital Assets": 0.0,
        "Restructuring And Mergern Acquisition": NaN,
        "Gain On Sale Of Security": NaN,
        "Net Non Operating Interest Income Expense": NaN,
        "Total Other Finance Cost": NaN,
        "Interest Expense Non Operating": NaN,
        "Interest Income Non Operating": NaN,
        "Operating Income": NaN,
        "Operating Expense": NaN,
        "Other Operating Expenses": 0.0,
        "Selling General And Administration": NaN,
        "General And Administrative Expense": NaN,
        "Other Gand A": NaN,
        "Salaries And Wages": NaN,
        "Gross Profit": NaN,
        "Cost Of Revenue": NaN,
        "Total Revenue": NaN,
        "Operating Revenue": NaN
    },
    "2022-09-30": {
        "Tax Effect Of Unusual Items": NaN,
        "Tax Rate For Calcs": NaN,
        "Normalized EBITDA": NaN,
        "Total Unusual Items": NaN,
        "Total Unusual Items Excluding Goodwill": NaN,
        "Net Income From Continuing Operation Net Minority Interest": NaN,
        "Reconciled Depreciation": NaN,
        "Reconciled Cost Of Revenue": NaN,
        "EBITDA": NaN,
        "EBIT": NaN,
        "Net Interest Income": NaN,
        "Interest Expense": NaN,
        "Interest Income": NaN,
        "Normalized Income": NaN,
        "Net Income From Continuing And Discontinued Operation": NaN,
        "Total Expenses": NaN,
        "Total Operating Income As Reported": NaN,
        "Diluted Average Shares": NaN,
        "Basic Average Shares": NaN,
        "Diluted EPS": NaN,
        "Basic EPS": NaN,
        "Diluted NI Availto Com Stockholders": NaN,
        "Net Income Common Stockholders": NaN,
        "Net Income": NaN,
        "Minority Interests": NaN,
        "Net Income Including Noncontrolling Interests": NaN,
        "Net Income Discontinuous Operations": NaN,
        "Net Income Continuous Operations": NaN,
        "Tax Provision": NaN,
        "Pretax Income": NaN,
        "Other Income Expense": NaN,
        "Other Non Operating Income Expenses": NaN,
        "Special Income Charges": NaN,
        "Other Special Charges": -1600000.0,
        "Write Off": 500000.0,
        "Impairment Of Capital Assets": 500000.0,
        "Restructuring And Mergern Acquisition": NaN,
        "Gain On Sale Of Security": NaN,
        "Net Non Operating Interest Income Expense": NaN,
        "Total Other Finance Cost": NaN,
        "Interest Expense Non Operating": NaN,
        "Interest Income Non Operating": NaN,
        "Operating Income": NaN,
        "Operating Expense": NaN,
        "Other Operating Expenses": 100000.0,
        "Selling General And Administration": NaN,
        "General And Administrative Expense": NaN,
        "Other Gand A": NaN,
        "Salaries And Wages": NaN,
        "Gross Profit": NaN,
        "Cost Of Revenue": NaN,
        "Total Revenue": NaN,
        "Operating Revenue": NaN
    },
    "2022-06-30": {
        "Tax Effect Of Unusual Items": -2150000.0,
        "Tax Rate For Calcs": 0.172,
        "Normalized EBITDA": 170900000.0,
        "Total Unusual Items": -12500000.0,
        "Total Unusual Items Excluding Goodwill": -12500000.0,
        "Net Income From Continuing Operation Net Minority Interest": 53300000.0,
        "Reconciled Depreciation": 55800000.0,
        "Reconciled Cost Of Revenue": 580600000.0,
        "EBITDA": 158400000.0,
        "EBIT": 102600000.0,
        "Net Interest Income": -32300000.0,
        "Interest Expense": 31000000.0,
        "Interest Income": 700000.0,
        "Normalized Income": 63650000.0,
        "Net Income From Continuing And Discontinued Operation": 53100000.0,
        "Total Expenses": 789800000.0,
        "Total Operating Income As Reported": 112700000.0,
        "Diluted Average Shares": 286038818.0,
        "Basic Average Shares": 281768945.0,
        "Diluted EPS": 0.19,
        "Basic EPS": 0.19,
        "Diluted NI Availto Com Stockholders": 53100000.0,
        "Net Income Common Stockholders": 53100000.0,
        "Net Income": 53100000.0,
        "Minority Interests": -6000000.0,
        "Net Income Including Noncontrolling Interests": 59100000.0,
        "Net Income Discontinuous Operations": -200000.0,
        "Net Income Continuous Operations": 59300000.0,
        "Tax Provision": 12300000.0,
        "Pretax Income": 71600000.0,
        "Other Income Expense": -13100000.0,
        "Other Non Operating Income Expenses": -600000.0,
        "Special Income Charges": -4300000.0,
        "Other Special Charges": NaN,
        "Write Off": 600000.0,
        "Impairment Of Capital Assets": 600000.0,
        "Restructuring And Mergern Acquisition": 3700000.0,
        "Gain On Sale Of Security": -8200000.0,
        "Net Non Operating Interest Income Expense": -32300000.0,
        "Total Other Finance Cost": 2000000.0,
        "Interest Expense Non Operating": 31000000.0,
        "Interest Income Non Operating": 700000.0,
        "Operating Income": 117000000.0,
        "Operating Expense": 209200000.0,
        "Other Operating Expenses": 100000.0,
        "Selling General And Administration": 209100000.0,
        "Gross Profit": 326200000.0,
        "Cost Of Revenue": 580600000.0,
        "Total Revenue": 906800000.0,
        "Operating Revenue": 906800000.0
    },
    "2022-03-31": {
        "Diluted EPS": 0.1,
        "Total Revenue": 893,
        "Gross Profit": 305,
        "Operating Income": 68,
        "EBIT": 124,
        "Net Income": 31
    },
    "2021-12-31": {
        "Diluted EPS": 0.21,
        "Total Revenue": 816,
        "Gross Profit": 286,
        "Operating Income": 76,
        "EBIT": 131,
        "Net Income": 63
    },
    "2021-09-30": {
        "Diluted EPS": 0.23,
        "Total Revenue": 862,
        "Gross Profit": 341,
        "Operating Income": 131,
        "EBIT": 185,
        "Net Income": 70
    },
    "2021-06-30": {
        "Diluted EPS": 0.33,
        "Total Revenue": 915,
        "Gross Profit": 367,
        "Operating Income": 149,
        "EBIT": 206,
        "Net Income": 97
    },
    "2021-03-31": {
        "Diluted EPS": 0.23,
        "Total Revenue": 881,
        "Gross Profit": 346,
        "Operating Income": 129,
        "EBIT": 184,
        "Net Income": 67
    },
    "2020-12-31": {
        "Diluted EPS": 0.09,
        "Total Revenue": 794,
        "Gross Profit": 302,
        "Operating Income": 85,
        "EBIT": 141,
        "Net Income": 24
    },
    "2020-09-30": {
        "Diluted EPS": 0.14,
        "Total Revenue": 712,
        "Gross Profit": 274,
        "Operating Income": 64,
        "EBIT": 118,
        "Net Income": 42
    },
    "2020-06-30": {
        "Diluted EPS": -0.08,
        "Total Revenue": 577,
        "Gross Profit": 204,
        "Operating Income": 3,
        "EBIT": 58,
        "Net Income": -22
    },
    "2020-03-31": {
        "Diluted EPS": 0.12,
        "Total Revenue": 710,
        "Gross Profit": 256,
        "Operating Income": 58,
        "EBIT": 113,
        "Net Income": 36
    },
    "2019-12-31": {
        "Diluted EPS": 0.1,
        "Total Revenue": 726,
        "Gross Profit": 261,
        "Operating Income": 68,
        "EBIT": 123,
        "Net Income": 19
    },
    "2019-09-30": {
        "Diluted EPS": 0.12,
        "Total Revenue": 747,
        "Gross Profit": 272,
        "Operating Income": 77,
        "EBIT": 132,
        "Net Income": 36
    },
    "2019-06-30": {
        "Diluted EPS": 0.07,
        "Total Revenue": 810,
        "Gross Profit": 301,
        "Operating Income": 102,
        "EBIT": 158,
        "Net Income": 22
    },
    "2019-03-31": {
        "Diluted EPS": 2.08,
        "Total Revenue": 805,
        "Gross Profit": 307,
        "Operating Income": 100,
        "EBIT": 156,
        "Net Income": 614
    },
    "2018-12-31": {
        "Diluted EPS": 0.26,
        "Total Revenue": 792,
        "Gross Profit": 310,
        "Operating Income": 120,
        "EBIT": 175,
        "Net Income": 76
    },
    "2018-09-30": {
        "Diluted EPS": 0.2,
        "Total Revenue": 828,
        "Gross Profit": 327,
        "Operating Income": 118,
        "EBIT": 172,
        "Net Income": 60
    },
    "2018-06-30": {
        "Diluted EPS": 0.29,
        "Total Revenue": 875,
        "Gross Profit": 358,
        "Operating Income": 141,
        "EBIT": 196,
        "Net Income": 86
    },
    "2018-03-31": {
        "Diluted EPS": 0.09,
        "Total Revenue": 852,
        "Gross Profit": 336,
        "Operating Income": 118,
        "EBIT": 173,
        "Net Income": 24
    },
    "2017-12-31": {
        "Diluted EPS": 0.47,
        "Total Revenue": 782,
        "Gross Profit": 302,
        "Operating Income": 92,
        "EBIT": 151,
        "Net Income": 119
    },
    "2017-09-30": {
        "Diluted EPS": 0.05,
        "Total Revenue": 761,
        "Gross Profit": 311,
        "Operating Income": 100,
        "EBIT": 152,
        "Net Income": 13
    },
    "2017-06-30": {
        "Diluted EPS": 0.0,
        "Total Revenue": 769,
        "Gross Profit": 318,
        "Operating Income": 117,
        "EBIT": 171,
        "Net Income": 1
    },
    "2017-03-31": {
        "Diluted EPS": 0.08,
        "Total Revenue": 730,
        "Gross Profit": 287,
        "Operating Income": 94,
        "EBIT": 147,
        "Net Income": 19
    },
    "2016-12-31": {
        "Diluted EPS": 0.0,
        "Total Revenue": NaN,
        "Gross Profit": NaN,
        "Operating Income": NaN,
        "EBIT": NaN,
        "Net Income": NaN
    },
    "2015-12-31": {
        "Diluted EPS": 0.0,
        "Total Revenue": NaN,
        "Gross Profit": NaN,
        "Operating Income": NaN,
        "EBIT": NaN,
        "Net Income": NaN
    },
    "2014-12-31": {
        "Diluted EPS": 0.0,
        "Total Revenue": NaN,
        "Gross Profit": NaN,
        "Operating Income": NaN,
        "EBIT": NaN,
        "Net Income": NaN
    },
    "2023-06-30": {
        "Tax Effect Of Unusual Items": NaN,
        "Tax Rate For Calcs": NaN,
        "Normalized EBITDA": NaN,
        "Total Unusual Items": NaN,
        "Total Unusual Items Excluding Goodwill": NaN,
        "Net Income From Continuing Operation Net Minority Interest": NaN,
        "Reconciled Depreciation": NaN,
        "Reconciled Cost Of Revenue": NaN,
        "EBITDA": NaN,
        "EBIT": NaN,
        "Net Interest Income": NaN,
        "Interest Expense": NaN,
        "Interest Income": NaN,
        "Normalized Income": NaN,
        "Net Income From Continuing And Discontinued Operation": NaN,
        "Total Expenses": NaN,
        "Total Operating Income As Reported": NaN,
        "Diluted Average Shares": NaN,
        "Basic Average Shares": NaN,
        "Diluted EPS": NaN,
        "Basic EPS": NaN,
        "Diluted NI Availto Com Stockholders": NaN,
        "Net Income Common Stockholders": NaN,
        "Net Income": NaN,
        "Minority Interests": NaN,
        "Net Income Including Noncontrolling Interests": NaN,
        "Net Income Discontinuous Operations": NaN,
        "Net Income Continuous Operations": NaN,
        "Tax Provision": NaN,
        "Pretax Income": NaN,
        "Other Income Expense": NaN,
        "Other Non Operating Income Expenses": NaN,
        "Special Income Charges": NaN,
        "Gain On Sale Of Business": NaN,
        "Other Special Charges": NaN,
        "Write Off": 0.0,
        "Restructuring And Mergern Acquisition": NaN,
        "Gain On Sale Of Security": NaN,
        "Net Non Operating Interest Income Expense": NaN,
        "Total Other Finance Cost": NaN,
        "Interest Expense Non Operating": NaN,
        "Interest Income Non Operating": NaN,
        "Operating Income": NaN,
        "Operating Expense": NaN,
        "Other Operating Expenses": 100000.0,
        "Selling General And Administration": NaN,
        "General And Administrative Expense": NaN,
        "Other Gand A": NaN,
        "Salaries And Wages": NaN,
        "Gross Profit": NaN,
        "Cost Of Revenue": NaN,
        "Total Revenue": NaN,
        "Operating Revenue": NaN
    },
    "2023-09-30": {
        "Tax Effect Of Unusual Items": NaN,
        "Tax Rate For Calcs": NaN,
        "Normalized EBITDA": NaN,
        "Total Unusual Items": NaN,
        "Total Unusual Items Excluding Goodwill": NaN,
        "Net Income From Continuing Operation Net Minority Interest": NaN,
        "Reconciled Depreciation": NaN,
        "Reconciled Cost Of Revenue": NaN,
        "EBITDA": NaN,
        "EBIT": NaN,
        "Net Interest Income": NaN,
        "Interest Expense": NaN,
        "Interest Income": NaN,
        "Normalized Income": NaN,
        "Net Income From Continuing And Discontinued Operation": NaN,
        "Total Expenses": NaN,
        "Total Operating Income As Reported": NaN,
        "Diluted Average Shares": NaN,
        "Basic Average Shares": NaN,
        "Diluted EPS": NaN,
        "Basic EPS": NaN,
        "Diluted NI Availto Com Stockholders": NaN,
        "Net Income Common Stockholders": NaN,
        "Net Income": NaN,
        "Minority Interests": NaN,
        "Net Income Including Noncontrolling Interests": NaN,
        "Net Income Discontinuous Operations": NaN,
        "Net Income Continuous Operations": NaN,
        "Tax Provision": NaN,
        "Pretax Income": NaN,
        "Other Income Expense": NaN,
        "Other Non Operating Income Expenses": -2200000.0,
        "Special Income Charges": NaN,
        "Gain On Sale Of Business": 0.0,
        "Other Special Charges": NaN,
        "Write Off": 100000.0,
        "Restructuring And Mergern Acquisition": NaN,
        "Gain On Sale Of Security": NaN,
        "Net Non Operating Interest Income Expense": NaN,
        "Total Other Finance Cost": NaN,
        "Interest Expense Non Operating": NaN,
        "Interest Income Non Operating": NaN,
        "Operating Income": NaN,
        "Operating Expense": NaN,
        "Other Operating Expenses": 100000.0,
        "Selling General And Administration": NaN,
        "General And Administrative Expense": NaN,
        "Other Gand A": NaN,
        "Salaries And Wages": NaN,
        "Gross Profit": NaN,
        "Cost Of Revenue": NaN,
        "Total Revenue": NaN,
        "Operating Revenue": NaN
    },
    "2023-12-31": {
        "Tax Effect Of Unusual Items": NaN,
        "Tax Rate For Calcs": NaN,
        "Normalized EBITDA": NaN,
        "Total Unusual Items": NaN,
        "Total Unusual Items Excluding Goodwill": NaN,
        "Net Income From Continuing Operation Net Minority Interest": NaN,
        "Reconciled Depreciation": NaN,
        "Reconciled Cost Of Revenue": NaN,
        "EBITDA": NaN,
        "EBIT": NaN,
        "Net Interest Income": NaN,
        "Interest Expense": NaN,
        "Interest Income": NaN,
        "Normalized Income": NaN,
        "Net Income From Continuing And Discontinued Operation": NaN,
        "Total Expenses": NaN,
        "Total Operating Income As Reported": NaN,
        "Diluted Average Shares": NaN,
        "Basic Average Shares": NaN,
        "Diluted EPS": NaN,
        "Basic EPS": NaN,
        "Diluted NI Availto Com Stockholders": NaN,
        "Net Income Common Stockholders": NaN,
        "Net Income": NaN,
        "Minority Interests": NaN,
        "Net Income Including Noncontrolling Interests": NaN,
        "Net Income Discontinuous Operations": NaN,
        "Net Income Continuous Operations": NaN,
        "Tax Provision": NaN,
        "Pretax Income": NaN,
        "Other Income Expense": NaN,
        "Other Non Operating Income Expenses": 5900000.0,
        "Special Income Charges": NaN,
        "Gain On Sale Of Business": NaN,
        "Other Special Charges": NaN,
        "Write Off": NaN,
        "Restructuring And Mergern Acquisition": NaN,
        "Gain On Sale Of Security": NaN,
        "Net Non Operating Interest Income Expense": NaN,
        "Total Other Finance Cost": NaN,
        "Interest Expense Non Operating": NaN,
        "Interest Income Non Operating": NaN,
        "Operating Income": NaN,
        "Operating Expense": NaN,
        "Other Operating Expenses": 0.0,
        "Selling General And Administration": NaN,
        "General And Administrative Expense": NaN,
        "Other Gand A": NaN,
        "Salaries And Wages": NaN,
        "Gross Profit": NaN,
        "Cost Of Revenue": NaN,
        "Total Revenue": NaN,
        "Operating Revenue": NaN
    },
    "2024-03-31": {
        "Tax Effect Of Unusual Items": NaN,
        "Tax Rate For Calcs": NaN,
        "Normalized EBITDA": NaN,
        "Total Unusual Items": NaN,
        "Total Unusual Items Excluding Goodwill": NaN,
        "Net Income From Continuing Operation Net Minority Interest": NaN,
        "Reconciled Depreciation": NaN,
        "Reconciled Cost Of Revenue": NaN,
        "EBITDA": NaN,
        "EBIT": NaN,
        "Net Interest Income": NaN,
        "Interest Expense": NaN,
        "Interest Income": NaN,
        "Normalized Income": NaN,
        "Net Income From Continuing And Discontinued Operation": NaN,
        "Total Expenses": NaN,
        "Total Operating Income As Reported": NaN,
        "Diluted Average Shares": NaN,
        "Basic Average Shares": NaN,
        "Diluted EPS": NaN,
        "Basic EPS": NaN,
        "Diluted NI Availto Com Stockholders": NaN,
        "Net Income Common Stockholders": NaN,
        "Net Income": NaN,
        "Minority Interests": NaN,
        "Net Income Including Noncontrolling Interests": NaN,
        "Net Income Discontinuous Operations": NaN,
        "Net Income Continuous Operations": NaN,
        "Tax Provision": NaN,
        "Pretax Income": NaN,
        "Other Income Expense": NaN,
        "Other Non Operating Income Expenses": -2300000.0,
        "Special Income Charges": NaN,
        "Gain On Sale Of Business": NaN,
        "Other Special Charges": NaN,
        "Write Off": NaN,
        "Restructuring And Mergern Acquisition": NaN,
        "Gain On Sale Of Security": NaN,
        "Net Non Operating Interest Income Expense": NaN,
        "Total Other Finance Cost": NaN,
        "Interest Expense Non Operating": NaN,
        "Interest Income Non Operating": NaN,
        "Operating Income": NaN,
        "Operating Expense": NaN,
        "Other Operating Expenses": NaN,
        "Selling General And Administration": NaN,
        "General And Administrative Expense": NaN,
        "Other Gand A": NaN,
        "Salaries And Wages": NaN,
        "Gross Profit": NaN,
        "Cost Of Revenue": NaN,
        "Total Revenue": NaN,
        "Operating Revenue": NaN
    },
    "2024-06-30": {
        "Tax Effect Of Unusual Items": NaN,
        "Tax Rate For Calcs": NaN,
        "Normalized EBITDA": NaN,
        "Total Unusual Items": NaN,
        "Total Unusual Items Excluding Goodwill": NaN,
        "Net Income From Continuing Operation Net Minority Interest": NaN,
        "Reconciled Depreciation": NaN,
        "Reconciled Cost Of Revenue": NaN,
        "EBITDA": NaN,
        "EBIT": NaN,
        "Net Interest Income": NaN,
        "Interest Expense": NaN,
        "Interest Income": NaN,
        "Normalized Income": NaN,
        "Net Income From Continuing And Discontinued Operation": NaN,
        "Total Expenses": NaN,
        "Total Operating Income As Reported": NaN,
        "Diluted Average Shares": NaN,
        "Basic Average Shares": NaN,
        "Diluted EPS": NaN,
        "Basic EPS": NaN,
        "Diluted NI Availto Com Stockholders": NaN,
        "Net Income Common Stockholders": NaN,
        "Net Income": NaN,
        "Minority Interests": NaN,
        "Net Income Including Noncontrolling Interests": NaN,
        "Net Income Discontinuous Operations": NaN,
        "Net Income Continuous Operations": NaN,
        "Tax Provision": NaN,
        "Pretax Income": NaN,
        "Other Income Expense": NaN,
        "Other Non Operating Income Expenses": NaN,
        "Special Income Charges": NaN,
        "Gain On Sale Of Business": NaN,
        "Other Special Charges": NaN,
        "Write Off": NaN,
        "Restructuring And Mergern Acquisition": NaN,
        "Gain On Sale Of Security": NaN,
        "Net Non Operating Interest Income Expense": NaN,
        "Total Other Finance Cost": NaN,
        "Interest Expense Non Operating": NaN,
        "Interest Income Non Operating": NaN,
        "Operating Income": NaN,
        "Operating Expense": NaN,
        "Other Operating Expenses": 100000.0,
        "Selling General And Administration": NaN,
        "General And Administrative Expense": NaN,
        "Other Gand A": NaN,
        "Salaries And Wages": -600000.0,
        "Gross Profit": NaN,
        "Cost Of Revenue": NaN,
        "Total Revenue": NaN,
        "Operating Revenue": NaN
    },
    "2024-09-30": {
        "Tax Effect Of Unusual Items": -3959200.0,
        "Tax Rate For Calcs": 0.202,
        "Normalized EBITDA": 175900000.0,
        "Total Unusual Items": -19600000.0,
        "Total Unusual Items Excluding Goodwill": -19600000.0,
        "Net Income From Continuing Operation Net Minority Interest": 47700000.0,
        "Reconciled Depreciation": 53700000.0,
        "Reconciled Cost Of Revenue": 494900000.0,
        "EBITDA": 156300000.0,
        "EBIT": 102600000.0,
        "Net Interest Income": -32300000.0,
        "Interest Expense": 33400000.0,
        "Interest Income": 2800000.0,
        "Normalized Income": 63340800.0,
        "Net Income From Continuing And Discontinued Operation": 47600000.0,
        "Total Expenses": 712100000.0,
        "Total Operating Income As Reported": 115900000.0,
        "Diluted Average Shares": 264444444.0,
        "Basic Average Shares": 264444444.0,
        "Diluted EPS": 0.18,
        "Basic EPS": 0.18,
        "Diluted NI Availto Com Stockholders": 47600000.0,
        "Net Income Common Stockholders": 47600000.0,
        "Net Income": 47600000.0,
        "Minority Interests": -7500000.0,
        "Net Income Including Noncontrolling Interests": 55100000.0,
        "Net Income Discontinuous Operations": -100000.0,
        "Net Income Continuous Operations": 55200000.0,
        "Tax Provision": 14000000.0,
        "Pretax Income": 69200000.0,
        "Other Income Expense": -17100000.0,
        "Other Non Operating Income Expenses": 2500000.0,
        "Special Income Charges": -16900000.0,
        "Gain On Sale Of Business": -12800000.0,
        "Other Special Charges": 1400000.0,
        "Write Off": 0.0,
        "Restructuring And Mergern Acquisition": 2700000.0,
        "Gain On Sale Of Security": -2700000.0,
        "Net Non Operating Interest Income Expense": -32300000.0,
        "Total Other Finance Cost": 1700000.0,
        "Interest Expense Non Operating": 33400000.0,
        "Interest Income Non Operating": 2800000.0,
        "Operating Income": 118600000.0,
        "Operating Expense": 217200000.0,
        "Other Operating Expenses": NaN,
        "Selling General And Administration": 217200000.0,
        "General And Administrative Expense": 217200000.0,
        "Other Gand A": 217200000.0,
        "Salaries And Wages": -600000.0,
        "Gross Profit": 335800000.0,
        "Cost Of Revenue": 494900000.0,
        "Total Revenue": 830700000.0,
        "Operating Revenue": 830700000.0
    },
    "2024-12-31": {
        "Tax Effect Of Unusual Items": 714000.0,
        "Tax Rate For Calcs": 0.21,
        "Normalized EBITDA": 171400000.0,
        "Total Unusual Items": 3400000.0,
        "Total Unusual Items Excluding Goodwill": 3400000.0,
        "Net Income From Continuing Operation Net Minority Interest": 36700000.0,
        "Reconciled Depreciation": 54100000.0,
        "Reconciled Cost Of Revenue": 494100000.0,
        "EBITDA": 174800000.0,
        "EBIT": 120700000.0,
        "Net Interest Income": -31600000.0,
        "Interest Expense": 32800000.0,
        "Interest Income": 2500000.0,
        "Normalized Income": 34014000.0,
        "Net Income From Continuing And Discontinued Operation": 36600000.0,
        "Total Expenses": 714100000.0,
        "Total Operating Income As Reported": 112600000.0,
        "Diluted Average Shares": 261428571.0,
        "Basic Average Shares": 261428571.0,
        "Diluted EPS": 0.14,
        "Basic EPS": 0.14,
        "Diluted NI Availto Com Stockholders": 36600000.0,
        "Net Income Common Stockholders": 36600000.0,
        "Net Income": 36600000.0,
        "Minority Interests": -4500000.0,
        "Net Income Including Noncontrolling Interests": 41100000.0,
        "Net Income Discontinuous Operations": -100000.0,
        "Net Income Continuous Operations": 41200000.0,
        "Tax Provision": 46700000.0,
        "Pretax Income": 87900000.0,
        "Other Income Expense": 4200000.0,
        "Other Non Operating Income Expenses": 800000.0,
        "Special Income Charges": -3300000.0,
        "Gain On Sale Of Business": 100000.0,
        "Other Special Charges": 700000.0,
        "Write Off": 0.0,
        "Restructuring And Mergern Acquisition": 2700000.0,
        "Gain On Sale Of Security": 6700000.0,
        "Net Non Operating Interest Income Expense": -31600000.0,
        "Total Other Finance Cost": 1300000.0,
        "Interest Expense Non Operating": 32800000.0,
        "Interest Income Non Operating": 2500000.0,
        "Operating Income": 115300000.0,
        "Operating Expense": 220000000.0,
        "Other Operating Expenses": NaN,
        "Selling General And Administration": 220100000.0,
        "General And Administrative Expense": 220100000.0,
        "Other Gand A": 220100000.0,
        "Salaries And Wages": NaN,
        "Gross Profit": 335300000.0,
        "Cost Of Revenue": 494100000.0,
        "Total Revenue": 829400000.0,
        "Operating Revenue": 829400000.0
    },
    "2025-03-31": {
        "Tax Effect Of Unusual Items": -1533300.0,
        "Tax Rate For Calcs": 0.269,
        "Normalized EBITDA": 179800000.0,
        "Total Unusual Items": -5700000.0,
        "Total Unusual Items Excluding Goodwill": -5700000.0,
        "Net Income From Continuing Operation Net Minority Interest": 62300000.0,
        "Reconciled Depreciation": 52200000.0,
        "Reconciled Cost Of Revenue": 503000000.0,
        "EBITDA": 174100000.0,
        "EBIT": 121900000.0,
        "Net Interest Income": -27400000.0,
        "Interest Expense": 28100000.0,
        "Interest Income": 2200000.0,
        "Normalized Income": 66466700.0,
        "Net Income From Continuing And Discontinued Operation": 62000000.0,
        "Total Expenses": 720300000.0,
        "Total Operating Income As Reported": 124700000.0,
        "Diluted Average Shares": 261567906.0,
        "Basic Average Shares": 258333333.0,
        "Diluted EPS": 0.24,
        "Basic EPS": 0.24,
        "Diluted NI Availto Com Stockholders": 62000000.0,
        "Net Income Common Stockholders": 62000000.0,
        "Net Income": 62000000.0,
        "Minority Interests": -6300000.0,
        "Net Income Including Noncontrolling Interests": 68300000.0,
        "Net Income Discontinuous Operations": -300000.0,
        "Net Income Continuous Operations": 68600000.0,
        "Tax Provision": 25200000.0,
        "Pretax Income": 93800000.0,
        "Other Income Expense": -6100000.0,
        "Other Non Operating Income Expenses": -400000.0,
        "Special Income Charges": -3600000.0,
        "Gain On Sale Of Business": NaN,
        "Other Special Charges": 1000000.0,
        "Write Off": 600000.0,
        "Restructuring And Mergern Acquisition": 2000000.0,
        "Gain On Sale Of Security": -2100000.0,
        "Net Non Operating Interest Income Expense": -27400000.0,
        "Total Other Finance Cost": 1500000.0,
        "Interest Expense Non Operating": 28100000.0,
        "Interest Income Non Operating": 2200000.0,
        "Operating Income": 127300000.0,
        "Operating Expense": 217300000.0,
        "Other Operating Expenses": NaN,
        "Selling General And Administration": 217300000.0,
        "General And Administrative Expense": 217300000.0,
        "Other Gand A": 217300000.0,
        "Salaries And Wages": 400000.0,
        "Gross Profit": 344600000.0,
        "Cost Of Revenue": 503000000.0,
        "Total Revenue": 847600000.0,
        "Operating Revenue": 847600000.0
    },
    "2025-06-30": {
        "Tax Effect Of Unusual Items": -3176800.0,
        "Tax Rate For Calcs": 0.209,
        "Normalized EBITDA": 175800000.0,
        "Total Unusual Items": -15200000.0,
        "Total Unusual Items Excluding Goodwill": -15200000.0,
        "Net Income From Continuing Operation Net Minority Interest": 56800000.0,
        "Reconciled Depreciation": 53300000.0,
        "Reconciled Cost Of Revenue": 523500000.0,
        "EBITDA": 160600000.0,
        "EBIT": 107300000.0,
        "Net Interest Income": -33100000.0,
        "Interest Expense": 27100000.0,
        "Interest Income": 2600000.0,
        "Normalized Income": 68823200.0,
        "Net Income From Continuing And Discontinued Operation": 56500000.0,
        "Total Expenses": 754700000.0,
        "Total Operating Income As Reported": 115800000.0,
        "Diluted Average Shares": 260469532.0,
        "Basic Average Shares": 256818182.0,
        "Diluted EPS": 0.22,
        "Basic EPS": 0.22,
        "Diluted NI Availto Com Stockholders": 56500000.0,
        "Net Income Common Stockholders": 56500000.0,
        "Net Income": 56500000.0,
        "Minority Interests": -6600000.0,
        "Net Income Including Noncontrolling Interests": 63100000.0,
        "Net Income Discontinuous Operations": -300000.0,
        "Net Income Continuous Operations": 63400000.0,
        "Tax Provision": 16800000.0,
        "Pretax Income": 80200000.0,
        "Other Income Expense": -15700000.0,
        "Other Non Operating Income Expenses": -500000.0,
        "Special Income Charges": -14200000.0,
        "Gain On Sale Of Business": NaN,
        "Other Special Charges": 1000000.0,
        "Write Off": 200000.0,
        "Restructuring And Mergern Acquisition": 13000000.0,
        "Gain On Sale Of Security": -1000000.0,
        "Net Non Operating Interest Income Expense": -33100000.0,
        "Total Other Finance Cost": 8600000.0,
        "Interest Expense Non Operating": 27100000.0,
        "Interest Income Non Operating": 2600000.0,
        "Operating Income": 129000000.0,
        "Operating Expense": 231200000.0,
        "Other Operating Expenses": NaN,
        "Selling General And Administration": 231200000.0,
        "General And Administrative Expense": 231200000.0,
        "Other Gand A": 231200000.0,
        "Salaries And Wages": 500000.0,
        "Gross Profit": 360200000.0,
        "Cost Of Revenue": 523500000.0,
        "Total Revenue": 883700000.0,
        "Operating Revenue": 883700000.0
    },
    "2025-09-30": {
        "Tax Effect Of Unusual Items": 128000.0,
        "Tax Rate For Calcs": 0.064,
        "Normalized EBITDA": 177100000.0,
        "Total Unusual Items": 2000000.0,
        "Total Unusual Items Excluding Goodwill": 2000000.0,
        "Net Income From Continuing Operation Net Minority Interest": 81700000.0,
        "Reconciled Depreciation": 53600000.0,
        "Reconciled Cost Of Revenue": 514100000.0,
        "EBITDA": 179100000.0,
        "EBIT": 125500000.0,
        "Net Interest Income": -32800000.0,
        "Interest Expense": 30700000.0,
        "Interest Income": 2100000.0,
        "Normalized Income": 79828000.0,
        "Net Income From Continuing And Discontinued Operation": 81600000.0,
        "Total Expenses": 733300000.0,
        "Total Operating Income As Reported": 115400000.0,
        "Diluted Average Shares": 261555255.0,
        "Basic Average Shares": 255000000.0,
        "Diluted EPS": 0.31,
        "Basic EPS": 0.32,
        "Diluted NI Availto Com Stockholders": 81600000.0,
        "Net Income Common Stockholders": 81600000.0,
        "Net Income": 81600000.0,
        "Minority Interests": -7000000.0,
        "Net Income Including Noncontrolling Interests": 88600000.0,
        "Net Income Discontinuous Operations": -100000.0,
        "Net Income Continuous Operations": 88700000.0,
        "Tax Provision": 6100000.0,
        "Pretax Income": 94800000.0,
        "Other Income Expense": 5200000.0,
        "Other Non Operating Income Expenses": 3200000.0,
        "Special Income Charges": 2100000.0,
        "Gain On Sale Of Business": 0.0,
        "Other Special Charges": -9100000.0,
        "Write Off": 400000.0,
        "Restructuring And Mergern Acquisition": 6600000.0,
        "Gain On Sale Of Security": -100000.0,
        "Net Non Operating Interest Income Expense": -32800000.0,
        "Total Other Finance Cost": 4200000.0,
        "Interest Expense Non Operating": 30700000.0,
        "Interest Income Non Operating": 2100000.0,
        "Operating Income": 122400000.0,
        "Operating Expense": 219200000.0,
        "Other Operating Expenses": NaN,
        "Selling General And Administration": 219200000.0,
        "General And Administrative Expense": 219200000.0,
        "Other Gand A": 219200000.0,
        "Salaries And Wages": 400000.0,
        "Gross Profit": 341600000.0,
        "Cost Of Revenue": 514100000.0,
        "Total Revenue": 855700000.0,
        "Operating Revenue": 855700000.0
    }
}