{
    "2023-04-30": {
        "Tax Effect Of Unusual Items": NaN,
        "Tax Rate For Calcs": NaN,
        "Normalized EBITDA": NaN,
        "Total Unusual Items": NaN,
        "Total Unusual Items Excluding Goodwill": NaN,
        "Net Income From Continuing Operation Net Minority Interest": NaN,
        "Reconciled Depreciation": NaN,
        "Reconciled Cost Of Revenue": NaN,
        "EBITDA": NaN,
        "EBIT": NaN,
        "Net Interest Income": NaN,
        "Interest Income": NaN,
        "Normalized Income": NaN,
        "Net Income From Continuing And Discontinued Operation": NaN,
        "Total Expenses": NaN,
        "Total Operating Income As Reported": NaN,
        "Diluted Average Shares": NaN,
        "Basic Average Shares": NaN,
        "Diluted EPS": NaN,
        "Basic EPS": NaN,
        "Diluted NI Availto Com Stockholders": NaN,
        "Net Income Common Stockholders": NaN,
        "Net Income": NaN,
        "Minority Interests": NaN,
        "Net Income Including Noncontrolling Interests": NaN,
        "Net Income Continuous Operations": NaN,
        "Earnings From Equity Interest Net Of Tax": NaN,
        "Tax Provision": NaN,
        "Pretax Income": NaN,
        "Other Income Expense": NaN,
        "Other Non Operating Income Expenses": NaN,
        "Special Income Charges": 0.0,
        "Gain On Sale Of Business": 0.0,
        "Earnings From Equity Interest": -748000.0,
        "Gain On Sale Of Security": NaN,
        "Net Non Operating Interest Income Expense": NaN,
        "Interest Income Non Operating": NaN,
        "Operating Income": NaN,
        "Operating Expense": NaN,
        "Research And Development": NaN,
        "Selling General And Administration": NaN,
        "Selling And Marketing Expense": NaN,
        "General And Administrative Expense": NaN,
        "Other Gand A": NaN,
        "Gross Profit": NaN,
        "Cost Of Revenue": NaN,
        "Total Revenue": NaN,
        "Operating Revenue": NaN
    },
    "2023-01-31": {
        "Tax Effect Of Unusual Items": NaN,
        "Tax Rate For Calcs": NaN,
        "Normalized EBITDA": NaN,
        "Total Unusual Items": NaN,
        "Total Unusual Items Excluding Goodwill": NaN,
        "Net Income From Continuing Operation Net Minority Interest": NaN,
        "Reconciled Depreciation": NaN,
        "Reconciled Cost Of Revenue": NaN,
        "EBITDA": NaN,
        "EBIT": NaN,
        "Net Interest Income": NaN,
        "Interest Income": NaN,
        "Normalized Income": NaN,
        "Net Income From Continuing And Discontinued Operation": NaN,
        "Total Expenses": NaN,
        "Total Operating Income As Reported": NaN,
        "Diluted Average Shares": NaN,
        "Basic Average Shares": NaN,
        "Diluted EPS": NaN,
        "Basic EPS": NaN,
        "Diluted NI Availto Com Stockholders": NaN,
        "Net Income Common Stockholders": NaN,
        "Net Income": NaN,
        "Minority Interests": NaN,
        "Net Income Including Noncontrolling Interests": NaN,
        "Net Income Continuous Operations": NaN,
        "Earnings From Equity Interest Net Of Tax": NaN,
        "Tax Provision": NaN,
        "Pretax Income": NaN,
        "Other Income Expense": NaN,
        "Other Non Operating Income Expenses": NaN,
        "Special Income Charges": NaN,
        "Gain On Sale Of Business": NaN,
        "Earnings From Equity Interest": -693000.0,
        "Gain On Sale Of Security": NaN,
        "Net Non Operating Interest Income Expense": NaN,
        "Interest Income Non Operating": NaN,
        "Operating Income": NaN,
        "Operating Expense": NaN,
        "Research And Development": NaN,
        "Selling General And Administration": NaN,
        "Selling And Marketing Expense": NaN,
        "General And Administrative Expense": NaN,
        "Other Gand A": NaN,
        "Gross Profit": NaN,
        "Cost Of Revenue": NaN,
        "Total Revenue": NaN,
        "Operating Revenue": NaN
    },
    "2022-10-31": {
        "Tax Effect Of Unusual Items": NaN,
        "Tax Rate For Calcs": NaN,
        "Normalized EBITDA": NaN,
        "Total Unusual Items": NaN,
        "Total Unusual Items Excluding Goodwill": NaN,
        "Net Income From Continuing Operation Net Minority Interest": NaN,
        "Reconciled Depreciation": NaN,
        "Reconciled Cost Of Revenue": NaN,
        "EBITDA": NaN,
        "EBIT": NaN,
        "Net Interest Income": NaN,
        "Interest Income": NaN,
        "Normalized Income": NaN,
        "Net Income From Continuing And Discontinued Operation": NaN,
        "Total Expenses": NaN,
        "Total Operating Income As Reported": NaN,
        "Diluted Average Shares": NaN,
        "Basic Average Shares": NaN,
        "Diluted EPS": NaN,
        "Basic EPS": NaN,
        "Diluted NI Availto Com Stockholders": NaN,
        "Net Income Common Stockholders": NaN,
        "Net Income": NaN,
        "Minority Interests": NaN,
        "Net Income Including Noncontrolling Interests": NaN,
        "Net Income Continuous Operations": NaN,
        "Earnings From Equity Interest Net Of Tax": NaN,
        "Tax Provision": NaN,
        "Pretax Income": NaN,
        "Other Income Expense": NaN,
        "Other Non Operating Income Expenses": NaN,
        "Special Income Charges": 0.0,
        "Gain On Sale Of Business": 0.0,
        "Earnings From Equity Interest": -756000.0,
        "Gain On Sale Of Security": NaN,
        "Net Non Operating Interest Income Expense": NaN,
        "Interest Income Non Operating": NaN,
        "Operating Income": NaN,
        "Operating Expense": NaN,
        "Research And Development": NaN,
        "Selling General And Administration": NaN,
        "Selling And Marketing Expense": NaN,
        "General And Administrative Expense": NaN,
        "Other Gand A": NaN,
        "Gross Profit": NaN,
        "Cost Of Revenue": NaN,
        "Total Revenue": NaN,
        "Operating Revenue": NaN
    },
    "2022-07-31": {
        "Tax Effect Of Unusual Items": 0.0,
        "Tax Rate For Calcs": 0.000926,
        "Normalized EBITDA": -63979000.0,
        "Total Unusual Items": 1646000.0,
        "Total Unusual Items Excluding Goodwill": 1646000.0,
        "Net Income From Continuing Operation Net Minority Interest": -59024000.0,
        "Reconciled Depreciation": 1323000.0,
        "Reconciled Cost Of Revenue": 13030000.0,
        "EBITDA": -63979000.0,
        "EBIT": -65302000.0,
        "Net Interest Income": 3064000.0,
        "Interest Income": 3064000.0,
        "Normalized Income": -59024000.0,
        "Net Income From Continuing And Discontinued Operation": -59024000.0,
        "Total Expenses": 166343000.0,
        "Total Operating Income As Reported": -65302000.0,
        "Diluted Average Shares": 147797000.0,
        "Basic Average Shares": 147797000.0,
        "Diluted EPS": -0.4,
        "Basic EPS": -0.4,
        "Diluted NI Availto Com Stockholders": -59024000.0,
        "Net Income Common Stockholders": -59024000.0,
        "Net Income": -59024000.0,
        "Minority Interests": 2473000.0,
        "Net Income Including Noncontrolling Interests": -61497000.0,
        "Net Income Continuous Operations": -61497000.0,
        "Earnings From Equity Interest Net Of Tax": -816000.0,
        "Tax Provision": -57000.0,
        "Pretax Income": -61554000.0,
        "Other Income Expense": 684000.0,
        "Other Non Operating Income Expenses": 1500000.0,
        "Special Income Charges": 0.0,
        "Gain On Sale Of Business": 0.0,
        "Earnings From Equity Interest": -816000.0,
        "Gain On Sale Of Security": 1646000.0,
        "Net Non Operating Interest Income Expense": 3064000.0,
        "Interest Income Non Operating": 3064000.0,
        "Operating Income": -65302000.0,
        "Operating Expense": 153313000.0,
        "Research And Development": 39520000.0,
        "Selling General And Administration": 113793000.0,
        "Selling And Marketing Expense": 80689000.0,
        "General And Administrative Expense": 33104000.0,
        "Other Gand A": 33104000.0,
        "Gross Profit": 88011000.0,
        "Cost Of Revenue": 13030000.0,
        "Total Revenue": 101041000.0,
        "Operating Revenue": 101041000.0
    },
    "2022-04-30": {
        "Diluted EPS": -0.18,
        "Total Revenue": 87,
        "Gross Profit": 78,
        "Operating Income": -43,
        "EBIT": -31,
        "Net Income": -26
    },
    "2022-01-31": {
        "Diluted EPS": -0.05,
        "Total Revenue": 78,
        "Gross Profit": 69,
        "Operating Income": -41,
        "EBIT": -30,
        "Net Income": -46
    },
    "2021-10-31": {
        "Diluted EPS": -0.62,
        "Total Revenue": 67,
        "Gross Profit": 60,
        "Operating Income": -33,
        "EBIT": -24,
        "Net Income": -41
    },
    "2021-07-31": {
        "Diluted EPS": -0.75,
        "Total Revenue": 58,
        "Gross Profit": 51,
        "Operating Income": -30,
        "EBIT": -22,
        "Net Income": -40
    },
    "2021-04-30": {
        "Diluted EPS": -0.53,
        "Total Revenue": 50,
        "Gross Profit": 44,
        "Operating Income": -26,
        "EBIT": -19,
        "Net Income": -28
    },
    "2021-01-31": {
        "Diluted EPS": 0.0,
        "Total Revenue": NaN,
        "Gross Profit": NaN,
        "Operating Income": NaN,
        "EBIT": NaN,
        "Net Income": NaN
    },
    "2020-10-31": {
        "Diluted EPS": -0.57,
        "Total Revenue": 42,
        "Gross Profit": 38,
        "Operating Income": -24,
        "EBIT": -24,
        "Net Income": -29
    },
    "2020-01-31": {
        "Diluted EPS": 0.0,
        "Total Revenue": NaN,
        "Gross Profit": NaN,
        "Operating Income": NaN,
        "EBIT": NaN,
        "Net Income": NaN
    },
    "2023-07-31": {
        "Tax Effect Of Unusual Items": NaN,
        "Tax Rate For Calcs": NaN,
        "Normalized EBITDA": NaN,
        "Total Unusual Items": NaN,
        "Total Unusual Items Excluding Goodwill": NaN,
        "Net Income From Continuing Operation Net Minority Interest": NaN,
        "Reconciled Depreciation": NaN,
        "Reconciled Cost Of Revenue": NaN,
        "EBITDA": NaN,
        "EBIT": NaN,
        "Net Interest Income": NaN,
        "Interest Income": NaN,
        "Normalized Income": NaN,
        "Net Income From Continuing And Discontinued Operation": NaN,
        "Total Expenses": NaN,
        "Total Operating Income As Reported": NaN,
        "Diluted Average Shares": NaN,
        "Basic Average Shares": NaN,
        "Diluted EPS": NaN,
        "Basic EPS": NaN,
        "Diluted NI Availto Com Stockholders": NaN,
        "Net Income Common Stockholders": NaN,
        "Net Income": NaN,
        "Minority Interests": NaN,
        "Net Income Including Noncontrolling Interests": NaN,
        "Net Income Continuous Operations": NaN,
        "Earnings From Equity Interest Net Of Tax": NaN,
        "Tax Provision": NaN,
        "Pretax Income": NaN,
        "Other Income Expense": NaN,
        "Other Non Operating Income Expenses": NaN,
        "Special Income Charges": 0.0,
        "Gain On Sale Of Business": 0.0,
        "Earnings From Equity Interest": -917000.0,
        "Gain On Sale Of Security": NaN,
        "Net Non Operating Interest Income Expense": NaN,
        "Interest Income Non Operating": NaN,
        "Operating Income": NaN,
        "Operating Expense": NaN,
        "Research And Development": NaN,
        "Selling General And Administration": NaN,
        "Selling And Marketing Expense": NaN,
        "General And Administrative Expense": NaN,
        "Other Gand A": NaN,
        "Gross Profit": NaN,
        "Cost Of Revenue": NaN,
        "Total Revenue": NaN,
        "Operating Revenue": NaN
    },
    "2023-10-31": {
        "Tax Effect Of Unusual Items": NaN,
        "Tax Rate For Calcs": NaN,
        "Normalized EBITDA": NaN,
        "Total Unusual Items": NaN,
        "Total Unusual Items Excluding Goodwill": NaN,
        "Net Income From Continuing Operation Net Minority Interest": NaN,
        "Reconciled Depreciation": NaN,
        "Reconciled Cost Of Revenue": NaN,
        "EBITDA": NaN,
        "EBIT": NaN,
        "Net Interest Income": NaN,
        "Interest Income": NaN,
        "Normalized Income": NaN,
        "Net Income From Continuing And Discontinued Operation": NaN,
        "Total Expenses": NaN,
        "Total Operating Income As Reported": NaN,
        "Diluted Average Shares": NaN,
        "Basic Average Shares": NaN,
        "Diluted EPS": NaN,
        "Basic EPS": NaN,
        "Diluted NI Availto Com Stockholders": NaN,
        "Net Income Common Stockholders": NaN,
        "Net Income": NaN,
        "Minority Interests": NaN,
        "Net Income Including Noncontrolling Interests": NaN,
        "Net Income Continuous Operations": NaN,
        "Earnings From Equity Interest Net Of Tax": NaN,
        "Tax Provision": NaN,
        "Pretax Income": NaN,
        "Other Income Expense": NaN,
        "Other Non Operating Income Expenses": NaN,
        "Special Income Charges": 0.0,
        "Gain On Sale Of Business": 0.0,
        "Gain On Sale Of Security": NaN,
        "Net Non Operating Interest Income Expense": NaN,
        "Interest Income Non Operating": NaN,
        "Operating Income": NaN,
        "Operating Expense": NaN,
        "Research And Development": NaN,
        "Selling General And Administration": NaN,
        "Selling And Marketing Expense": NaN,
        "General And Administrative Expense": NaN,
        "Other Gand A": NaN,
        "Gross Profit": NaN,
        "Cost Of Revenue": NaN,
        "Total Revenue": NaN,
        "Operating Revenue": NaN
    },
    "2024-01-31": {
        "Tax Effect Of Unusual Items": NaN,
        "Tax Rate For Calcs": NaN,
        "Normalized EBITDA": NaN,
        "Total Unusual Items": NaN,
        "Total Unusual Items Excluding Goodwill": NaN,
        "Net Income From Continuing Operation Net Minority Interest": NaN,
        "Reconciled Depreciation": NaN,
        "Reconciled Cost Of Revenue": NaN,
        "EBITDA": NaN,
        "EBIT": NaN,
        "Net Interest Income": NaN,
        "Interest Income": NaN,
        "Normalized Income": NaN,
        "Net Income From Continuing And Discontinued Operation": NaN,
        "Total Expenses": NaN,
        "Total Operating Income As Reported": NaN,
        "Diluted Average Shares": NaN,
        "Basic Average Shares": NaN,
        "Diluted EPS": NaN,
        "Basic EPS": NaN,
        "Diluted NI Availto Com Stockholders": NaN,
        "Net Income Common Stockholders": NaN,
        "Net Income": NaN,
        "Minority Interests": NaN,
        "Net Income Including Noncontrolling Interests": NaN,
        "Net Income Continuous Operations": NaN,
        "Earnings From Equity Interest Net Of Tax": -1416000.0,
        "Tax Provision": NaN,
        "Pretax Income": NaN,
        "Other Income Expense": NaN,
        "Other Non Operating Income Expenses": NaN,
        "Special Income Charges": -8858000.0,
        "Gain On Sale Of Business": 0.0,
        "Gain On Sale Of Security": NaN,
        "Net Non Operating Interest Income Expense": NaN,
        "Interest Income Non Operating": NaN,
        "Operating Income": NaN,
        "Operating Expense": NaN,
        "Research And Development": NaN,
        "Selling General And Administration": NaN,
        "Selling And Marketing Expense": NaN,
        "General And Administrative Expense": NaN,
        "Other Gand A": NaN,
        "Gross Profit": NaN,
        "Cost Of Revenue": NaN,
        "Total Revenue": NaN,
        "Operating Revenue": NaN
    },
    "2024-04-30": {
        "Tax Effect Of Unusual Items": NaN,
        "Tax Rate For Calcs": NaN,
        "Normalized EBITDA": NaN,
        "Total Unusual Items": NaN,
        "Total Unusual Items Excluding Goodwill": NaN,
        "Net Income From Continuing Operation Net Minority Interest": NaN,
        "Reconciled Depreciation": NaN,
        "Reconciled Cost Of Revenue": NaN,
        "EBITDA": NaN,
        "EBIT": NaN,
        "Net Interest Income": NaN,
        "Interest Income": NaN,
        "Normalized Income": NaN,
        "Net Income From Continuing And Discontinued Operation": NaN,
        "Total Expenses": NaN,
        "Total Operating Income As Reported": NaN,
        "Diluted Average Shares": NaN,
        "Basic Average Shares": NaN,
        "Diluted EPS": NaN,
        "Basic EPS": NaN,
        "Diluted NI Availto Com Stockholders": NaN,
        "Net Income Common Stockholders": NaN,
        "Net Income": NaN,
        "Minority Interests": NaN,
        "Net Income Including Noncontrolling Interests": NaN,
        "Net Income Continuous Operations": NaN,
        "Earnings From Equity Interest Net Of Tax": 0.0,
        "Tax Provision": NaN,
        "Pretax Income": NaN,
        "Other Income Expense": NaN,
        "Other Non Operating Income Expenses": NaN,
        "Special Income Charges": NaN,
        "Gain On Sale Of Business": NaN,
        "Gain On Sale Of Security": NaN,
        "Net Non Operating Interest Income Expense": NaN,
        "Interest Income Non Operating": NaN,
        "Operating Income": NaN,
        "Operating Expense": NaN,
        "Research And Development": NaN,
        "Selling General And Administration": NaN,
        "Selling And Marketing Expense": NaN,
        "General And Administrative Expense": NaN,
        "Other Gand A": NaN,
        "Gross Profit": NaN,
        "Cost Of Revenue": NaN,
        "Total Revenue": NaN,
        "Operating Revenue": NaN
    },
    "2024-07-31": {
        "Tax Effect Of Unusual Items": 266070.0,
        "Tax Rate For Calcs": 0.21,
        "Normalized EBITDA": -39195000.0,
        "Total Unusual Items": 1267000.0,
        "Total Unusual Items Excluding Goodwill": 1267000.0,
        "Net Income From Continuing Operation Net Minority Interest": 12912000.0,
        "Reconciled Depreciation": 3077000.0,
        "Reconciled Cost Of Revenue": 21370000.0,
        "EBITDA": -37928000.0,
        "EBIT": -41005000.0,
        "Net Interest Income": 12827000.0,
        "Interest Income": 12827000.0,
        "Normalized Income": 11911070.0,
        "Net Income From Continuing And Discontinued Operation": 12912000.0,
        "Total Expenses": 223589000.0,
        "Total Operating Income As Reported": -41005000.0,
        "Diluted Average Shares": 166346000.0,
        "Basic Average Shares": 159677000.0,
        "Diluted EPS": 0.08,
        "Basic EPS": 0.08,
        "Diluted NI Availto Com Stockholders": 12912000.0,
        "Net Income Common Stockholders": 12912000.0,
        "Net Income": 12912000.0,
        "Minority Interests": 675000.0,
        "Net Income Including Noncontrolling Interests": 12237000.0,
        "Net Income Continuous Operations": 12237000.0,
        "Earnings From Equity Interest Net Of Tax": 0.0,
        "Tax Provision": -39155000.0,
        "Pretax Income": -26918000.0,
        "Other Income Expense": 1260000.0,
        "Other Non Operating Income Expenses": -7000.0,
        "Special Income Charges": NaN,
        "Gain On Sale Of Business": NaN,
        "Gain On Sale Of Security": 1267000.0,
        "Net Non Operating Interest Income Expense": 12827000.0,
        "Interest Income Non Operating": 12827000.0,
        "Operating Income": -41005000.0,
        "Operating Expense": 202219000.0,
        "Research And Development": 61273000.0,
        "Selling General And Administration": 140946000.0,
        "Selling And Marketing Expense": 97778000.0,
        "General And Administrative Expense": 43168000.0,
        "Other Gand A": 43168000.0,
        "Gross Profit": 161214000.0,
        "Cost Of Revenue": 21370000.0,
        "Total Revenue": 182584000.0,
        "Operating Revenue": 182584000.0
    },
    "2024-10-31": {
        "Tax Effect Of Unusual Items": 1070160.0,
        "Tax Rate For Calcs": 0.21,
        "Normalized EBITDA": -30637000.0,
        "Total Unusual Items": 5096000.0,
        "Total Unusual Items Excluding Goodwill": 5096000.0,
        "Net Income From Continuing Operation Net Minority Interest": 29565000.0,
        "Reconciled Depreciation": 3191000.0,
        "Reconciled Cost Of Revenue": 22125000.0,
        "EBITDA": -25541000.0,
        "EBIT": -28732000.0,
        "Net Interest Income": 12586000.0,
        "Interest Income": 12586000.0,
        "Normalized Income": 25539160.0,
        "Net Income From Continuing And Discontinued Operation": 29565000.0,
        "Total Expenses": 224779000.0,
        "Total Operating Income As Reported": -28732000.0,
        "Diluted Average Shares": 167436000.0,
        "Basic Average Shares": 161317000.0,
        "Diluted EPS": 0.18,
        "Basic EPS": 0.18,
        "Diluted NI Availto Com Stockholders": 29565000.0,
        "Net Income Common Stockholders": 29565000.0,
        "Net Income": 29565000.0,
        "Minority Interests": 1298000.0,
        "Net Income Including Noncontrolling Interests": 28267000.0,
        "Net Income Continuous Operations": 28267000.0,
        "Earnings From Equity Interest Net Of Tax": 0.0,
        "Tax Provision": -39421000.0,
        "Pretax Income": -11154000.0,
        "Other Income Expense": 4992000.0,
        "Other Non Operating Income Expenses": -104000.0,
        "Special Income Charges": NaN,
        "Gain On Sale Of Business": NaN,
        "Gain On Sale Of Security": 5096000.0,
        "Net Non Operating Interest Income Expense": 12586000.0,
        "Interest Income Non Operating": 12586000.0,
        "Operating Income": -28732000.0,
        "Operating Expense": 202654000.0,
        "Research And Development": 61354000.0,
        "Selling General And Administration": 141300000.0,
        "Selling And Marketing Expense": 95340000.0,
        "General And Administrative Expense": 45960000.0,
        "Other Gand A": 45960000.0,
        "Gross Profit": 173922000.0,
        "Cost Of Revenue": 22125000.0,
        "Total Revenue": 196047000.0,
        "Operating Revenue": 196047000.0
    },
    "2025-01-31": {
        "Tax Effect Of Unusual Items": 858900.0,
        "Tax Rate For Calcs": 0.21,
        "Normalized EBITDA": -20734000.0,
        "Total Unusual Items": 4090000.0,
        "Total Unusual Items Excluding Goodwill": 4090000.0,
        "Net Income From Continuing Operation Net Minority Interest": 5804000.0,
        "Reconciled Depreciation": 2694000.0,
        "Reconciled Cost Of Revenue": 22869000.0,
        "EBITDA": -16644000.0,
        "EBIT": -19338000.0,
        "Net Interest Income": 10292000.0,
        "Interest Income": 10292000.0,
        "Normalized Income": 2572900.0,
        "Net Income From Continuing And Discontinued Operation": 5804000.0,
        "Total Expenses": 230769000.0,
        "Total Operating Income As Reported": -19338000.0,
        "Diluted Average Shares": 170094000.0,
        "Basic Average Shares": 163055000.0,
        "Diluted EPS": 0.06,
        "Basic EPS": 0.07,
        "Diluted NI Availto Com Stockholders": 5804000.0,
        "Net Income Common Stockholders": 5804000.0,
        "Net Income": 5804000.0,
        "Minority Interests": 577000.0,
        "Net Income Including Noncontrolling Interests": 5227000.0,
        "Net Income Continuous Operations": 5227000.0,
        "Earnings From Equity Interest Net Of Tax": 0.0,
        "Tax Provision": -10543000.0,
        "Pretax Income": -5316000.0,
        "Other Income Expense": 3730000.0,
        "Other Non Operating Income Expenses": -360000.0,
        "Special Income Charges": NaN,
        "Gain On Sale Of Business": NaN,
        "Gain On Sale Of Security": 4090000.0,
        "Net Non Operating Interest Income Expense": 10292000.0,
        "Interest Income Non Operating": 10292000.0,
        "Operating Income": -19338000.0,
        "Operating Expense": 207900000.0,
        "Research And Development": 62885000.0,
        "Selling General And Administration": 145015000.0,
        "Selling And Marketing Expense": 98753000.0,
        "General And Administrative Expense": 46262000.0,
        "Other Gand A": 46262000.0,
        "Gross Profit": 188562000.0,
        "Cost Of Revenue": 22869000.0,
        "Total Revenue": 211431000.0,
        "Operating Revenue": 211431000.0
    },
    "2025-04-30": {
        "Tax Effect Of Unusual Items": -2090340.0,
        "Tax Rate For Calcs": 0.21,
        "Normalized EBITDA": -22080000.0,
        "Total Unusual Items": -9954000.0,
        "Total Unusual Items Excluding Goodwill": -9954000.0,
        "Net Income From Continuing Operation Net Minority Interest": -35875000.0,
        "Reconciled Depreciation": 2576000.0,
        "Reconciled Cost Of Revenue": 25035000.0,
        "EBITDA": -32034000.0,
        "EBIT": -34610000.0,
        "Net Interest Income": 10862000.0,
        "Interest Income": 10862000.0,
        "Normalized Income": -28011340.0,
        "Net Income From Continuing And Discontinued Operation": -35875000.0,
        "Total Expenses": 249119000.0,
        "Total Operating Income As Reported": -34610000.0,
        "Diluted Average Shares": 164491000.0,
        "Basic Average Shares": 164491000.0,
        "Diluted EPS": -0.22,
        "Basic EPS": -0.22,
        "Diluted NI Availto Com Stockholders": -35875000.0,
        "Net Income Common Stockholders": -35875000.0,
        "Net Income": -35875000.0,
        "Minority Interests": 383000.0,
        "Net Income Including Noncontrolling Interests": -36258000.0,
        "Net Income Continuous Operations": -36258000.0,
        "Earnings From Equity Interest Net Of Tax": NaN,
        "Tax Provision": 2539000.0,
        "Pretax Income": -33719000.0,
        "Other Income Expense": -9971000.0,
        "Other Non Operating Income Expenses": -17000.0,
        "Special Income Charges": NaN,
        "Gain On Sale Of Business": NaN,
        "Gain On Sale Of Security": -9954000.0,
        "Net Non Operating Interest Income Expense": 10862000.0,
        "Interest Income Non Operating": 10862000.0,
        "Operating Income": -34610000.0,
        "Operating Expense": 224084000.0,
        "Research And Development": 65410000.0,
        "Selling General And Administration": 158674000.0,
        "Selling And Marketing Expense": 107587000.0,
        "General And Administrative Expense": 51087000.0,
        "Other Gand A": 51087000.0,
        "Gross Profit": 189474000.0,
        "Cost Of Revenue": 25035000.0,
        "Total Revenue": 214509000.0,
        "Operating Revenue": 214509000.0
    },
    "2025-07-31": {
        "Tax Effect Of Unusual Items": -234570.0,
        "Tax Rate For Calcs": 0.21,
        "Normalized EBITDA": -14460000.0,
        "Total Unusual Items": -1117000.0,
        "Total Unusual Items Excluding Goodwill": -1117000.0,
        "Net Income From Continuing Operation Net Minority Interest": -9208000.0,
        "Reconciled Depreciation": 2774000.0,
        "Reconciled Cost Of Revenue": 28505000.0,
        "EBITDA": -15577000.0,
        "EBIT": -18351000.0,
        "Net Interest Income": 11511000.0,
        "Interest Income": 11511000.0,
        "Normalized Income": -8325570.0,
        "Net Income From Continuing And Discontinued Operation": -9208000.0,
        "Total Expenses": 254311000.0,
        "Total Operating Income As Reported": -18351000.0,
        "Diluted Average Shares": 165953000.0,
        "Basic Average Shares": 165953000.0,
        "Diluted EPS": -0.06,
        "Basic EPS": -0.06,
        "Diluted NI Availto Com Stockholders": -9208000.0,
        "Net Income Common Stockholders": -9208000.0,
        "Net Income": -9208000.0,
        "Minority Interests": 788000.0,
        "Net Income Including Noncontrolling Interests": -9996000.0,
        "Net Income Continuous Operations": -9996000.0,
        "Earnings From Equity Interest Net Of Tax": NaN,
        "Tax Provision": 2245000.0,
        "Pretax Income": -7751000.0,
        "Other Income Expense": -911000.0,
        "Other Non Operating Income Expenses": 206000.0,
        "Special Income Charges": NaN,
        "Gain On Sale Of Business": NaN,
        "Gain On Sale Of Security": -1117000.0,
        "Net Non Operating Interest Income Expense": 11511000.0,
        "Interest Income Non Operating": 11511000.0,
        "Operating Income": -18351000.0,
        "Operating Expense": 225806000.0,
        "Research And Development": 71488000.0,
        "Selling General And Administration": 154318000.0,
        "Selling And Marketing Expense": 109583000.0,
        "General And Administrative Expense": 44735000.0,
        "Other Gand A": 44735000.0,
        "Gross Profit": 207455000.0,
        "Cost Of Revenue": 28505000.0,
        "Total Revenue": 235960000.0,
        "Operating Revenue": 235960000.0
    }
}