{
    "2023-06-30": {
        "Tax Effect Of Unusual Items": NaN,
        "Tax Rate For Calcs": NaN,
        "Normalized EBITDA": NaN,
        "Total Unusual Items": NaN,
        "Total Unusual Items Excluding Goodwill": NaN,
        "Net Income From Continuing Operation Net Minority Interest": NaN,
        "Reconciled Depreciation": NaN,
        "Reconciled Cost Of Revenue": NaN,
        "EBITDA": NaN,
        "EBIT": NaN,
        "Net Interest Income": NaN,
        "Interest Expense": NaN,
        "Normalized Income": NaN,
        "Net Income From Continuing And Discontinued Operation": NaN,
        "Total Expenses": NaN,
        "Total Operating Income As Reported": NaN,
        "Diluted Average Shares": NaN,
        "Basic Average Shares": NaN,
        "Diluted EPS": NaN,
        "Basic EPS": NaN,
        "Diluted NI Availto Com Stockholders": NaN,
        "Net Income Common Stockholders": NaN,
        "Preferred Stock Dividends": NaN,
        "Net Income": NaN,
        "Minority Interests": NaN,
        "Net Income Including Noncontrolling Interests": NaN,
        "Net Income Discontinuous Operations": NaN,
        "Net Income Continuous Operations": NaN,
        "Earnings From Equity Interest Net Of Tax": NaN,
        "Tax Provision": NaN,
        "Pretax Income": NaN,
        "Other Income Expense": NaN,
        "Other Non Operating Income Expenses": NaN,
        "Special Income Charges": NaN,
        "Restructuring And Mergern Acquisition": NaN,
        "Earnings From Equity Interest": NaN,
        "Gain On Sale Of Security": -500000.0,
        "Net Non Operating Interest Income Expense": NaN,
        "Total Other Finance Cost": 4400000.0,
        "Interest Expense Non Operating": NaN,
        "Operating Income": NaN,
        "Operating Expense": NaN,
        "Depreciation Amortization Depletion Income Statement": NaN,
        "Depreciation And Amortization In Income Statement": NaN,
        "Amortization": NaN,
        "Amortization Of Intangibles Income Statement": NaN,
        "Selling General And Administration": NaN,
        "Gross Profit": NaN,
        "Cost Of Revenue": NaN,
        "Total Revenue": NaN,
        "Operating Revenue": NaN
    },
    "2023-03-31": {
        "Tax Effect Of Unusual Items": NaN,
        "Tax Rate For Calcs": NaN,
        "Normalized EBITDA": NaN,
        "Total Unusual Items": NaN,
        "Total Unusual Items Excluding Goodwill": NaN,
        "Net Income From Continuing Operation Net Minority Interest": NaN,
        "Reconciled Depreciation": NaN,
        "Reconciled Cost Of Revenue": NaN,
        "EBITDA": NaN,
        "EBIT": NaN,
        "Net Interest Income": NaN,
        "Interest Expense": NaN,
        "Normalized Income": NaN,
        "Net Income From Continuing And Discontinued Operation": NaN,
        "Total Expenses": NaN,
        "Total Operating Income As Reported": NaN,
        "Diluted Average Shares": NaN,
        "Basic Average Shares": NaN,
        "Diluted EPS": NaN,
        "Basic EPS": NaN,
        "Diluted NI Availto Com Stockholders": NaN,
        "Net Income Common Stockholders": NaN,
        "Preferred Stock Dividends": NaN,
        "Net Income": NaN,
        "Minority Interests": NaN,
        "Net Income Including Noncontrolling Interests": NaN,
        "Net Income Discontinuous Operations": NaN,
        "Net Income Continuous Operations": NaN,
        "Earnings From Equity Interest Net Of Tax": NaN,
        "Tax Provision": NaN,
        "Pretax Income": NaN,
        "Other Income Expense": NaN,
        "Other Non Operating Income Expenses": NaN,
        "Special Income Charges": NaN,
        "Restructuring And Mergern Acquisition": NaN,
        "Earnings From Equity Interest": NaN,
        "Gain On Sale Of Security": -900000.0,
        "Net Non Operating Interest Income Expense": NaN,
        "Total Other Finance Cost": 2800000.0,
        "Interest Expense Non Operating": NaN,
        "Operating Income": NaN,
        "Operating Expense": NaN,
        "Depreciation Amortization Depletion Income Statement": NaN,
        "Depreciation And Amortization In Income Statement": NaN,
        "Amortization": NaN,
        "Amortization Of Intangibles Income Statement": NaN,
        "Selling General And Administration": NaN,
        "Gross Profit": NaN,
        "Cost Of Revenue": NaN,
        "Total Revenue": NaN,
        "Operating Revenue": NaN
    },
    "2022-12-31": {
        "Tax Effect Of Unusual Items": NaN,
        "Tax Rate For Calcs": NaN,
        "Normalized EBITDA": NaN,
        "Total Unusual Items": NaN,
        "Total Unusual Items Excluding Goodwill": NaN,
        "Net Income From Continuing Operation Net Minority Interest": NaN,
        "Reconciled Depreciation": NaN,
        "Reconciled Cost Of Revenue": NaN,
        "EBITDA": NaN,
        "EBIT": NaN,
        "Net Interest Income": NaN,
        "Interest Expense": NaN,
        "Normalized Income": NaN,
        "Net Income From Continuing And Discontinued Operation": NaN,
        "Total Expenses": NaN,
        "Total Operating Income As Reported": NaN,
        "Diluted Average Shares": NaN,
        "Basic Average Shares": NaN,
        "Diluted EPS": NaN,
        "Basic EPS": NaN,
        "Diluted NI Availto Com Stockholders": NaN,
        "Net Income Common Stockholders": NaN,
        "Preferred Stock Dividends": NaN,
        "Net Income": NaN,
        "Minority Interests": NaN,
        "Net Income Including Noncontrolling Interests": NaN,
        "Net Income Discontinuous Operations": NaN,
        "Net Income Continuous Operations": NaN,
        "Earnings From Equity Interest Net Of Tax": NaN,
        "Tax Provision": NaN,
        "Pretax Income": NaN,
        "Other Income Expense": NaN,
        "Other Non Operating Income Expenses": NaN,
        "Special Income Charges": NaN,
        "Restructuring And Mergern Acquisition": NaN,
        "Earnings From Equity Interest": NaN,
        "Gain On Sale Of Security": 22500000.0,
        "Net Non Operating Interest Income Expense": NaN,
        "Total Other Finance Cost": 800000.0,
        "Interest Expense Non Operating": NaN,
        "Operating Income": NaN,
        "Operating Expense": NaN,
        "Depreciation Amortization Depletion Income Statement": NaN,
        "Depreciation And Amortization In Income Statement": NaN,
        "Amortization": NaN,
        "Amortization Of Intangibles Income Statement": NaN,
        "Selling General And Administration": NaN,
        "Gross Profit": NaN,
        "Cost Of Revenue": NaN,
        "Total Revenue": NaN,
        "Operating Revenue": NaN
    },
    "2022-09-30": {
        "Tax Effect Of Unusual Items": NaN,
        "Tax Rate For Calcs": NaN,
        "Normalized EBITDA": NaN,
        "Total Unusual Items": NaN,
        "Total Unusual Items Excluding Goodwill": NaN,
        "Net Income From Continuing Operation Net Minority Interest": NaN,
        "Reconciled Depreciation": NaN,
        "Reconciled Cost Of Revenue": NaN,
        "EBITDA": NaN,
        "EBIT": NaN,
        "Net Interest Income": NaN,
        "Interest Expense": NaN,
        "Normalized Income": NaN,
        "Net Income From Continuing And Discontinued Operation": NaN,
        "Total Expenses": NaN,
        "Total Operating Income As Reported": NaN,
        "Diluted Average Shares": NaN,
        "Basic Average Shares": NaN,
        "Diluted EPS": NaN,
        "Basic EPS": NaN,
        "Diluted NI Availto Com Stockholders": NaN,
        "Net Income Common Stockholders": NaN,
        "Preferred Stock Dividends": NaN,
        "Net Income": NaN,
        "Minority Interests": NaN,
        "Net Income Including Noncontrolling Interests": NaN,
        "Net Income Discontinuous Operations": NaN,
        "Net Income Continuous Operations": NaN,
        "Earnings From Equity Interest Net Of Tax": NaN,
        "Tax Provision": NaN,
        "Pretax Income": NaN,
        "Other Income Expense": NaN,
        "Other Non Operating Income Expenses": NaN,
        "Special Income Charges": NaN,
        "Restructuring And Mergern Acquisition": NaN,
        "Earnings From Equity Interest": 0.0,
        "Gain On Sale Of Security": NaN,
        "Net Non Operating Interest Income Expense": NaN,
        "Total Other Finance Cost": NaN,
        "Interest Expense Non Operating": NaN,
        "Operating Income": NaN,
        "Operating Expense": NaN,
        "Depreciation Amortization Depletion Income Statement": NaN,
        "Depreciation And Amortization In Income Statement": NaN,
        "Amortization": NaN,
        "Amortization Of Intangibles Income Statement": NaN,
        "Selling General And Administration": NaN,
        "Gross Profit": NaN,
        "Cost Of Revenue": NaN,
        "Total Revenue": NaN,
        "Operating Revenue": NaN
    },
    "2022-06-30": {
        "Tax Effect Of Unusual Items": -1558000.0,
        "Tax Rate For Calcs": 0.205,
        "Normalized EBITDA": 50800000.0,
        "Total Unusual Items": -7600000.0,
        "Total Unusual Items Excluding Goodwill": -7600000.0,
        "Net Income From Continuing Operation Net Minority Interest": 13000000.0,
        "Reconciled Depreciation": 21700000.0,
        "Reconciled Cost Of Revenue": 300000000.0,
        "EBITDA": 43200000.0,
        "EBIT": 21500000.0,
        "Net Interest Income": -5100000.0,
        "Interest Expense": 4400000.0,
        "Normalized Income": 19042000.0,
        "Net Income From Continuing And Discontinued Operation": 13000000.0,
        "Total Expenses": 375200000.0,
        "Total Operating Income As Reported": 29600000.0,
        "Diluted Average Shares": 41560000.0,
        "Basic Average Shares": 35860000.0,
        "Diluted EPS": 0.31,
        "Basic EPS": 0.36,
        "Diluted NI Availto Com Stockholders": 13000000.0,
        "Net Income Common Stockholders": 13000000.0,
        "Preferred Stock Dividends": NaN,
        "Net Income": 13000000.0,
        "Minority Interests": -400000.0,
        "Net Income Including Noncontrolling Interests": 13400000.0,
        "Net Income Discontinuous Operations": NaN,
        "Net Income Continuous Operations": 13400000.0,
        "Earnings From Equity Interest Net Of Tax": -200000.0,
        "Tax Provision": 3500000.0,
        "Pretax Income": 17100000.0,
        "Other Income Expense": -7400000.0,
        "Other Non Operating Income Expenses": 200000.0,
        "Special Income Charges": NaN,
        "Restructuring And Mergern Acquisition": NaN,
        "Earnings From Equity Interest": NaN,
        "Gain On Sale Of Security": -7600000.0,
        "Net Non Operating Interest Income Expense": -5100000.0,
        "Total Other Finance Cost": 700000.0,
        "Interest Expense Non Operating": 4400000.0,
        "Operating Income": 29600000.0,
        "Operating Expense": 65200000.0,
        "Depreciation Amortization Depletion Income Statement": 11700000.0,
        "Depreciation And Amortization In Income Statement": 11700000.0,
        "Amortization": 11700000.0,
        "Amortization Of Intangibles Income Statement": 11700000.0,
        "Selling General And Administration": 53500000.0,
        "Gross Profit": 94800000.0,
        "Cost Of Revenue": 310000000.0,
        "Total Revenue": 404800000.0,
        "Operating Revenue": 404800000.0
    },
    "2022-03-31": {
        "Diluted EPS": 0.25,
        "Total Revenue": 354,
        "Gross Profit": 84,
        "Operating Income": 20,
        "EBIT": 41,
        "Net Income": 10
    },
    "2021-12-31": {
        "Diluted EPS": 0.29,
        "Total Revenue": 379,
        "Gross Profit": 82,
        "Operating Income": 20,
        "EBIT": 46,
        "Net Income": 12
    },
    "2021-09-30": {
        "Diluted EPS": 0.36,
        "Total Revenue": 328,
        "Gross Profit": 75,
        "Operating Income": 14,
        "EBIT": 36,
        "Net Income": 15
    },
    "2021-06-30": {
        "Diluted EPS": 0.16,
        "Total Revenue": 322,
        "Gross Profit": 83,
        "Operating Income": 26,
        "EBIT": 46,
        "Net Income": 7
    },
    "2021-03-31": {
        "Diluted EPS": 0.63,
        "Total Revenue": 289,
        "Gross Profit": 84,
        "Operating Income": 29,
        "EBIT": 50,
        "Net Income": 26
    },
    "2020-12-31": {
        "Diluted EPS": 7.04,
        "Total Revenue": 313,
        "Gross Profit": 88,
        "Operating Income": 23,
        "EBIT": 42,
        "Net Income": 258
    },
    "2020-09-30": {
        "Diluted EPS": 0.6,
        "Total Revenue": 273,
        "Gross Profit": 79,
        "Operating Income": 28,
        "EBIT": 49,
        "Net Income": 22
    },
    "2020-06-30": {
        "Diluted EPS": 0.57,
        "Total Revenue": 290,
        "Gross Profit": 83,
        "Operating Income": 26,
        "EBIT": 51,
        "Net Income": 20
    },
    "2020-03-31": {
        "Diluted EPS": 0.24,
        "Total Revenue": 302,
        "Gross Profit": 82,
        "Operating Income": 16,
        "EBIT": 41,
        "Net Income": 9
    },
    "2019-12-31": {
        "Diluted EPS": 0.37,
        "Total Revenue": 279,
        "Gross Profit": 55,
        "Operating Income": -1,
        "EBIT": 23,
        "Net Income": 12
    },
    "2019-09-30": {
        "Diluted EPS": 0.51,
        "Total Revenue": 338,
        "Gross Profit": 93,
        "Operating Income": 24,
        "EBIT": 48,
        "Net Income": 19
    },
    "2019-06-30": {
        "Diluted EPS": 0.41,
        "Total Revenue": 310,
        "Gross Profit": 83,
        "Operating Income": 25,
        "EBIT": 42,
        "Net Income": 14
    },
    "2019-03-31": {
        "Diluted EPS": 0.03,
        "Total Revenue": 289,
        "Gross Profit": 67,
        "Operating Income": 5,
        "EBIT": 21,
        "Net Income": 1
    },
    "2018-12-31": {
        "Diluted EPS": 1.5,
        "Total Revenue": 210,
        "Gross Profit": 37,
        "Operating Income": -1,
        "EBIT": 18,
        "Net Income": 48
    },
    "2018-09-30": {
        "Diluted EPS": 0.67,
        "Total Revenue": 272,
        "Gross Profit": 82,
        "Operating Income": 32,
        "EBIT": 44,
        "Net Income": 22
    },
    "2018-06-30": {
        "Diluted EPS": 0.38,
        "Total Revenue": 278,
        "Gross Profit": 73,
        "Operating Income": 20,
        "EBIT": 31,
        "Net Income": 12
    },
    "2018-03-31": {
        "Diluted EPS": 0.18,
        "Total Revenue": 244,
        "Gross Profit": 67,
        "Operating Income": 15,
        "EBIT": 28,
        "Net Income": 6
    },
    "2017-12-31": {
        "Diluted EPS": 0.84,
        "Total Revenue": 198,
        "Gross Profit": 55,
        "Operating Income": 21,
        "EBIT": 34,
        "Net Income": 27
    },
    "2017-09-30": {
        "Diluted EPS": 0.05,
        "Total Revenue": 203,
        "Gross Profit": 58,
        "Operating Income": 7,
        "EBIT": 14,
        "Net Income": 2
    },
    "2017-06-30": {
        "Diluted EPS": 0.09,
        "Total Revenue": 238,
        "Gross Profit": 63,
        "Operating Income": 10,
        "EBIT": 20,
        "Net Income": 3
    },
    "2017-03-31": {
        "Diluted EPS": -0.09,
        "Total Revenue": 204,
        "Gross Profit": 56,
        "Operating Income": 0,
        "EBIT": 10,
        "Net Income": -3
    },
    "2016-12-31": {
        "Diluted EPS": -0.1,
        "Total Revenue": 77,
        "Gross Profit": 0,
        "Operating Income": -14,
        "EBIT": -9,
        "Net Income": -3
    },
    "2016-09-30": {
        "Diluted EPS": 0.48,
        "Total Revenue": 204,
        "Gross Profit": 70,
        "Operating Income": 20,
        "EBIT": 30,
        "Net Income": 15
    },
    "2016-06-30": {
        "Diluted EPS": 0.68,
        "Total Revenue": 247,
        "Gross Profit": 87,
        "Operating Income": 35,
        "EBIT": 45,
        "Net Income": 21
    },
    "2016-03-31": {
        "Diluted EPS": -0.15,
        "Total Revenue": 194,
        "Gross Profit": 53,
        "Operating Income": 0,
        "EBIT": 10,
        "Net Income": -5
    },
    "2015-12-31": {
        "Diluted EPS": -7.54,
        "Total Revenue": 261,
        "Gross Profit": 73,
        "Operating Income": -239,
        "EBIT": -227,
        "Net Income": -230
    },
    "2015-09-30": {
        "Diluted EPS": 0.15,
        "Total Revenue": 264,
        "Gross Profit": 68,
        "Operating Income": 16,
        "EBIT": 27,
        "Net Income": 5
    },
    "2015-06-30": {
        "Diluted EPS": 0.56,
        "Total Revenue": 270,
        "Gross Profit": 75,
        "Operating Income": 25,
        "EBIT": 37,
        "Net Income": 17
    },
    "2015-03-31": {
        "Diluted EPS": 0.17,
        "Total Revenue": 245,
        "Gross Profit": 73,
        "Operating Income": 15,
        "EBIT": 27,
        "Net Income": 5
    },
    "2014-12-31": {
        "Diluted EPS": 0.9,
        "Total Revenue": 326,
        "Gross Profit": 97,
        "Operating Income": 42,
        "EBIT": 54,
        "Net Income": 27
    },
    "2014-09-30": {
        "Diluted EPS": 0.74,
        "Total Revenue": 294,
        "Gross Profit": 91,
        "Operating Income": 40,
        "EBIT": 52,
        "Net Income": 23
    },
    "2014-06-30": {
        "Diluted EPS": 0.65,
        "Total Revenue": 307,
        "Gross Profit": 92,
        "Operating Income": 34,
        "EBIT": 45,
        "Net Income": 20
    },
    "2014-03-31": {
        "Diluted EPS": 0.38,
        "Total Revenue": 266,
        "Gross Profit": 78,
        "Operating Income": 22,
        "EBIT": 33,
        "Net Income": 12
    },
    "2013-12-31": {
        "Diluted EPS": 0.71,
        "Total Revenue": 304,
        "Gross Profit": 94,
        "Operating Income": 40,
        "EBIT": 50,
        "Net Income": 23
    },
    "2013-09-30": {
        "Diluted EPS": 0.74,
        "Total Revenue": 302,
        "Gross Profit": 89,
        "Operating Income": 36,
        "EBIT": 46,
        "Net Income": 24
    },
    "2013-06-30": {
        "Diluted EPS": 0.64,
        "Total Revenue": 298,
        "Gross Profit": 90,
        "Operating Income": 33,
        "EBIT": 43,
        "Net Income": 20
    },
    "2013-03-31": {
        "Diluted EPS": 0.51,
        "Total Revenue": 274,
        "Gross Profit": 79,
        "Operating Income": 27,
        "EBIT": 38,
        "Net Income": 16
    },
    "2012-12-31": {
        "Diluted EPS": 0.69,
        "Total Revenue": 304,
        "Gross Profit": 85,
        "Operating Income": 33,
        "EBIT": 43,
        "Net Income": 21
    },
    "2012-09-30": {
        "Diluted EPS": 0.61,
        "Total Revenue": 254,
        "Gross Profit": 78,
        "Operating Income": 32,
        "EBIT": 41,
        "Net Income": 19
    },
    "2012-06-30": {
        "Diluted EPS": 0.59,
        "Total Revenue": 240,
        "Gross Profit": 74,
        "Operating Income": 33,
        "EBIT": 41,
        "Net Income": 18
    },
    "2012-03-31": {
        "Diluted EPS": 0.47,
        "Total Revenue": 216,
        "Gross Profit": 68,
        "Operating Income": 24,
        "EBIT": 31,
        "Net Income": 14
    },
    "2011-12-31": {
        "Diluted EPS": 0.28,
        "Total Revenue": 220,
        "Gross Profit": 64,
        "Operating Income": 25,
        "EBIT": 36,
        "Net Income": 8
    },
    "2011-09-30": {
        "Diluted EPS": 0.59,
        "Total Revenue": 211,
        "Gross Profit": 67,
        "Operating Income": 29,
        "EBIT": 37,
        "Net Income": 18
    },
    "2011-06-30": {
        "Diluted EPS": 0.35,
        "Total Revenue": 201,
        "Gross Profit": 62,
        "Operating Income": 21,
        "EBIT": 29,
        "Net Income": 11
    },
    "2011-03-31": {
        "Diluted EPS": 0.25,
        "Total Revenue": 163,
        "Gross Profit": 52,
        "Operating Income": 14,
        "EBIT": 21,
        "Net Income": 8
    },
    "2010-12-31": {
        "Diluted EPS": 0.33,
        "Total Revenue": 159,
        "Gross Profit": 51,
        "Operating Income": 18,
        "EBIT": 24,
        "Net Income": 10
    },
    "2010-09-30": {
        "Diluted EPS": 0.23,
        "Total Revenue": 139,
        "Gross Profit": 43,
        "Operating Income": 13,
        "EBIT": 20,
        "Net Income": 7
    },
    "2010-06-30": {
        "Diluted EPS": 0.08,
        "Total Revenue": 139,
        "Gross Profit": 38,
        "Operating Income": 9,
        "EBIT": 16,
        "Net Income": 2
    },
    "2010-03-31": {
        "Diluted EPS": 0.05,
        "Total Revenue": 118,
        "Gross Profit": 34,
        "Operating Income": 8,
        "EBIT": 14,
        "Net Income": 1
    },
    "2009-12-31": {
        "Diluted EPS": 0.54,
        "Total Revenue": 132,
        "Gross Profit": 44,
        "Operating Income": 15,
        "EBIT": 21,
        "Net Income": 16
    },
    "2009-09-30": {
        "Diluted EPS": 0.28,
        "Total Revenue": 129,
        "Gross Profit": 39,
        "Operating Income": 16,
        "EBIT": 22,
        "Net Income": 8
    },
    "2009-06-30": {
        "Diluted EPS": 0.61,
        "Total Revenue": 157,
        "Gross Profit": 56,
        "Operating Income": 29,
        "EBIT": 35,
        "Net Income": 18
    },
    "2009-03-31": {
        "Diluted EPS": 0.68,
        "Total Revenue": 180,
        "Gross Profit": 63,
        "Operating Income": 34,
        "EBIT": 40,
        "Net Income": 19
    },
    "2023-09-30": {
        "Tax Effect Of Unusual Items": NaN,
        "Tax Rate For Calcs": NaN,
        "Normalized EBITDA": NaN,
        "Total Unusual Items": NaN,
        "Total Unusual Items Excluding Goodwill": NaN,
        "Net Income From Continuing Operation Net Minority Interest": NaN,
        "Reconciled Depreciation": NaN,
        "Reconciled Cost Of Revenue": NaN,
        "EBITDA": NaN,
        "EBIT": NaN,
        "Net Interest Income": NaN,
        "Interest Expense": NaN,
        "Normalized Income": NaN,
        "Net Income From Continuing And Discontinued Operation": NaN,
        "Total Expenses": NaN,
        "Total Operating Income As Reported": NaN,
        "Diluted Average Shares": NaN,
        "Basic Average Shares": NaN,
        "Diluted EPS": NaN,
        "Basic EPS": NaN,
        "Diluted NI Availto Com Stockholders": NaN,
        "Net Income Common Stockholders": NaN,
        "Preferred Stock Dividends": NaN,
        "Net Income": NaN,
        "Minority Interests": NaN,
        "Net Income Including Noncontrolling Interests": NaN,
        "Net Income Discontinuous Operations": NaN,
        "Net Income Continuous Operations": NaN,
        "Earnings From Equity Interest Net Of Tax": NaN,
        "Tax Provision": NaN,
        "Pretax Income": NaN,
        "Other Income Expense": NaN,
        "Other Non Operating Income Expenses": NaN,
        "Special Income Charges": NaN,
        "Restructuring And Mergern Acquisition": NaN,
        "Earnings From Equity Interest": 0.0,
        "Gain On Sale Of Security": -2300000.0,
        "Net Non Operating Interest Income Expense": NaN,
        "Total Other Finance Cost": 4800000.0,
        "Interest Expense Non Operating": NaN,
        "Operating Income": NaN,
        "Operating Expense": NaN,
        "Depreciation Amortization Depletion Income Statement": NaN,
        "Depreciation And Amortization In Income Statement": NaN,
        "Amortization": NaN,
        "Amortization Of Intangibles Income Statement": NaN,
        "Selling General And Administration": NaN,
        "Gross Profit": NaN,
        "Cost Of Revenue": NaN,
        "Total Revenue": NaN,
        "Operating Revenue": NaN
    },
    "2023-12-31": {
        "Tax Effect Of Unusual Items": NaN,
        "Tax Rate For Calcs": NaN,
        "Normalized EBITDA": NaN,
        "Total Unusual Items": -14400000.0,
        "Total Unusual Items Excluding Goodwill": -14400000.0,
        "Net Income From Continuing Operation Net Minority Interest": NaN,
        "Reconciled Depreciation": NaN,
        "Reconciled Cost Of Revenue": NaN,
        "EBITDA": NaN,
        "EBIT": NaN,
        "Net Interest Income": NaN,
        "Interest Expense": NaN,
        "Normalized Income": NaN,
        "Net Income From Continuing And Discontinued Operation": NaN,
        "Total Expenses": NaN,
        "Total Operating Income As Reported": NaN,
        "Diluted Average Shares": NaN,
        "Basic Average Shares": NaN,
        "Diluted EPS": NaN,
        "Basic EPS": NaN,
        "Diluted NI Availto Com Stockholders": NaN,
        "Net Income Common Stockholders": NaN,
        "Preferred Stock Dividends": NaN,
        "Net Income": NaN,
        "Minority Interests": NaN,
        "Net Income Including Noncontrolling Interests": NaN,
        "Net Income Discontinuous Operations": NaN,
        "Net Income Continuous Operations": NaN,
        "Earnings From Equity Interest Net Of Tax": NaN,
        "Tax Provision": NaN,
        "Pretax Income": NaN,
        "Other Income Expense": NaN,
        "Other Non Operating Income Expenses": NaN,
        "Special Income Charges": -7800000.0,
        "Restructuring And Mergern Acquisition": 0.0,
        "Earnings From Equity Interest": 0.0,
        "Gain On Sale Of Security": -6600000.0,
        "Net Non Operating Interest Income Expense": NaN,
        "Total Other Finance Cost": 5200000.0,
        "Interest Expense Non Operating": NaN,
        "Operating Income": NaN,
        "Operating Expense": NaN,
        "Depreciation Amortization Depletion Income Statement": NaN,
        "Depreciation And Amortization In Income Statement": NaN,
        "Amortization": NaN,
        "Amortization Of Intangibles Income Statement": NaN,
        "Selling General And Administration": NaN,
        "Gross Profit": NaN,
        "Cost Of Revenue": NaN,
        "Total Revenue": NaN,
        "Operating Revenue": NaN
    },
    "2024-03-31": {
        "Tax Effect Of Unusual Items": NaN,
        "Tax Rate For Calcs": NaN,
        "Normalized EBITDA": NaN,
        "Total Unusual Items": 0.0,
        "Total Unusual Items Excluding Goodwill": 0.0,
        "Net Income From Continuing Operation Net Minority Interest": NaN,
        "Reconciled Depreciation": NaN,
        "Reconciled Cost Of Revenue": NaN,
        "EBITDA": NaN,
        "EBIT": NaN,
        "Net Interest Income": NaN,
        "Interest Expense": NaN,
        "Normalized Income": NaN,
        "Net Income From Continuing And Discontinued Operation": NaN,
        "Total Expenses": NaN,
        "Total Operating Income As Reported": NaN,
        "Diluted Average Shares": NaN,
        "Basic Average Shares": NaN,
        "Diluted EPS": NaN,
        "Basic EPS": NaN,
        "Diluted NI Availto Com Stockholders": NaN,
        "Net Income Common Stockholders": NaN,
        "Preferred Stock Dividends": NaN,
        "Net Income": NaN,
        "Minority Interests": NaN,
        "Net Income Including Noncontrolling Interests": NaN,
        "Net Income Discontinuous Operations": NaN,
        "Net Income Continuous Operations": NaN,
        "Earnings From Equity Interest Net Of Tax": NaN,
        "Tax Provision": NaN,
        "Pretax Income": NaN,
        "Other Income Expense": NaN,
        "Other Non Operating Income Expenses": NaN,
        "Special Income Charges": 0.0,
        "Other Special Charges": NaN,
        "Restructuring And Mergern Acquisition": 0.0,
        "Net Non Operating Interest Income Expense": NaN,
        "Interest Expense Non Operating": NaN,
        "Operating Income": NaN,
        "Operating Expense": NaN,
        "Depreciation Amortization Depletion Income Statement": NaN,
        "Depreciation And Amortization In Income Statement": NaN,
        "Amortization": NaN,
        "Amortization Of Intangibles Income Statement": NaN,
        "Selling General And Administration": NaN,
        "Gross Profit": NaN,
        "Cost Of Revenue": NaN,
        "Total Revenue": NaN,
        "Operating Revenue": NaN
    },
    "2024-06-30": {
        "Tax Effect Of Unusual Items": NaN,
        "Tax Rate For Calcs": NaN,
        "Normalized EBITDA": NaN,
        "Total Unusual Items": 0.0,
        "Total Unusual Items Excluding Goodwill": 0.0,
        "Net Income From Continuing Operation Net Minority Interest": NaN,
        "Reconciled Depreciation": NaN,
        "Reconciled Cost Of Revenue": NaN,
        "EBITDA": NaN,
        "EBIT": NaN,
        "Net Interest Income": NaN,
        "Interest Expense": NaN,
        "Normalized Income": NaN,
        "Net Income From Continuing And Discontinued Operation": NaN,
        "Total Expenses": NaN,
        "Total Operating Income As Reported": NaN,
        "Diluted Average Shares": NaN,
        "Basic Average Shares": NaN,
        "Diluted EPS": NaN,
        "Basic EPS": NaN,
        "Diluted NI Availto Com Stockholders": NaN,
        "Net Income Common Stockholders": NaN,
        "Preferred Stock Dividends": NaN,
        "Net Income": NaN,
        "Minority Interests": NaN,
        "Net Income Including Noncontrolling Interests": NaN,
        "Net Income Discontinuous Operations": NaN,
        "Net Income Continuous Operations": NaN,
        "Earnings From Equity Interest Net Of Tax": NaN,
        "Tax Provision": NaN,
        "Pretax Income": NaN,
        "Other Income Expense": NaN,
        "Other Non Operating Income Expenses": NaN,
        "Special Income Charges": 0.0,
        "Other Special Charges": NaN,
        "Restructuring And Mergern Acquisition": 0.0,
        "Net Non Operating Interest Income Expense": NaN,
        "Interest Expense Non Operating": NaN,
        "Operating Income": NaN,
        "Operating Expense": NaN,
        "Depreciation Amortization Depletion Income Statement": NaN,
        "Depreciation And Amortization In Income Statement": NaN,
        "Amortization": NaN,
        "Amortization Of Intangibles Income Statement": NaN,
        "Selling General And Administration": NaN,
        "Gross Profit": NaN,
        "Cost Of Revenue": NaN,
        "Total Revenue": NaN,
        "Operating Revenue": NaN
    },
    "2024-09-30": {
        "Tax Effect Of Unusual Items": 0.0,
        "Tax Rate For Calcs": 0.264677,
        "Normalized EBITDA": 249200000.0,
        "Total Unusual Items": 0.0,
        "Total Unusual Items Excluding Goodwill": 0.0,
        "Net Income From Continuing Operation Net Minority Interest": 69400000.0,
        "Reconciled Depreciation": 68100000.0,
        "Reconciled Cost Of Revenue": 680200000.0,
        "EBITDA": 249200000.0,
        "EBIT": 181100000.0,
        "Net Interest Income": -80600000.0,
        "Interest Expense": 80600000.0,
        "Normalized Income": 69400000.0,
        "Net Income From Continuing And Discontinued Operation": 69000000.0,
        "Total Expenses": 884000000.0,
        "Total Operating Income As Reported": 178500000.0,
        "Diluted Average Shares": 46670000.0,
        "Basic Average Shares": 42050000.0,
        "Diluted EPS": 1.33,
        "Basic EPS": 1.48,
        "Diluted NI Availto Com Stockholders": 62200000.0,
        "Net Income Common Stockholders": 62200000.0,
        "Preferred Stock Dividends": 6800000.0,
        "Net Income": 69000000.0,
        "Minority Interests": -3700000.0,
        "Net Income Including Noncontrolling Interests": 72700000.0,
        "Net Income Discontinuous Operations": -400000.0,
        "Net Income Continuous Operations": 73100000.0,
        "Earnings From Equity Interest Net Of Tax": -800000.0,
        "Tax Provision": 26600000.0,
        "Pretax Income": 100500000.0,
        "Other Income Expense": 2600000.0,
        "Other Non Operating Income Expenses": 2600000.0,
        "Special Income Charges": 0.0,
        "Other Special Charges": NaN,
        "Restructuring And Mergern Acquisition": 0.0,
        "Net Non Operating Interest Income Expense": -80600000.0,
        "Interest Expense Non Operating": 80600000.0,
        "Operating Income": 178500000.0,
        "Operating Expense": 184100000.0,
        "Depreciation Amortization Depletion Income Statement": 48400000.0,
        "Depreciation And Amortization In Income Statement": 48400000.0,
        "Amortization": 48400000.0,
        "Amortization Of Intangibles Income Statement": 48400000.0,
        "Selling General And Administration": 135700000.0,
        "Gross Profit": 362600000.0,
        "Cost Of Revenue": 699900000.0,
        "Total Revenue": 1062500000.0,
        "Operating Revenue": 1062500000.0
    },
    "2024-12-31": {
        "Tax Effect Of Unusual Items": 0.0,
        "Tax Rate For Calcs": 0.246881,
        "Normalized EBITDA": 261900000.0,
        "Total Unusual Items": 0.0,
        "Total Unusual Items Excluding Goodwill": 0.0,
        "Net Income From Continuing Operation Net Minority Interest": 80300000.0,
        "Reconciled Depreciation": 69900000.0,
        "Reconciled Cost Of Revenue": 714600000.0,
        "EBITDA": 261900000.0,
        "EBIT": 192000000.0,
        "Net Interest Income": -79800000.0,
        "Interest Expense": 79800000.0,
        "Normalized Income": 80300000.0,
        "Net Income From Continuing And Discontinued Operation": 79600000.0,
        "Total Expenses": 918500000.0,
        "Total Operating Income As Reported": 188300000.0,
        "Diluted Average Shares": 46020000.0,
        "Basic Average Shares": 42470000.0,
        "Diluted EPS": 1.58,
        "Basic EPS": 1.71,
        "Diluted NI Availto Com Stockholders": 72800000.0,
        "Net Income Common Stockholders": 72800000.0,
        "Preferred Stock Dividends": 6800000.0,
        "Net Income": 79600000.0,
        "Minority Interests": -3000000.0,
        "Net Income Including Noncontrolling Interests": 82600000.0,
        "Net Income Discontinuous Operations": -700000.0,
        "Net Income Continuous Operations": 83300000.0,
        "Earnings From Equity Interest Net Of Tax": -1200000.0,
        "Tax Provision": 27700000.0,
        "Pretax Income": 112200000.0,
        "Other Income Expense": 3700000.0,
        "Other Non Operating Income Expenses": 3700000.0,
        "Special Income Charges": 0.0,
        "Other Special Charges": NaN,
        "Restructuring And Mergern Acquisition": 0.0,
        "Net Non Operating Interest Income Expense": -79800000.0,
        "Interest Expense Non Operating": 79800000.0,
        "Operating Income": 188300000.0,
        "Operating Expense": 184000000.0,
        "Depreciation Amortization Depletion Income Statement": 50000000.0,
        "Depreciation And Amortization In Income Statement": 50000000.0,
        "Amortization": 50000000.0,
        "Amortization Of Intangibles Income Statement": 50000000.0,
        "Selling General And Administration": 134000000.0,
        "Gross Profit": 372300000.0,
        "Cost Of Revenue": 734500000.0,
        "Total Revenue": 1106800000.0,
        "Operating Revenue": 1106800000.0
    },
    "2025-03-31": {
        "Tax Effect Of Unusual Items": 0.0,
        "Tax Rate For Calcs": 0.245,
        "Normalized EBITDA": 215200000.0,
        "Total Unusual Items": NaN,
        "Total Unusual Items Excluding Goodwill": NaN,
        "Net Income From Continuing Operation Net Minority Interest": 51500000.0,
        "Reconciled Depreciation": 66200000.0,
        "Reconciled Cost Of Revenue": 642000000.0,
        "EBITDA": 215200000.0,
        "EBIT": 149000000.0,
        "Net Interest Income": -77100000.0,
        "Interest Expense": 77100000.0,
        "Normalized Income": 51500000.0,
        "Net Income From Continuing And Discontinued Operation": 49500000.0,
        "Total Expenses": 849200000.0,
        "Total Operating Income As Reported": 152300000.0,
        "Diluted Average Shares": 45200000.0,
        "Basic Average Shares": 44930000.0,
        "Diluted EPS": 0.94,
        "Basic EPS": 0.95,
        "Diluted NI Availto Com Stockholders": 42700000.0,
        "Net Income Common Stockholders": 42700000.0,
        "Preferred Stock Dividends": 6800000.0,
        "Net Income": 49500000.0,
        "Minority Interests": -2800000.0,
        "Net Income Including Noncontrolling Interests": 52300000.0,
        "Net Income Discontinuous Operations": -2000000.0,
        "Net Income Continuous Operations": 54300000.0,
        "Earnings From Equity Interest Net Of Tax": 0.0,
        "Tax Provision": 17600000.0,
        "Pretax Income": 71900000.0,
        "Other Income Expense": -3300000.0,
        "Other Non Operating Income Expenses": -3300000.0,
        "Special Income Charges": NaN,
        "Other Special Charges": NaN,
        "Restructuring And Mergern Acquisition": NaN,
        "Net Non Operating Interest Income Expense": -77100000.0,
        "Interest Expense Non Operating": 77100000.0,
        "Operating Income": 152300000.0,
        "Operating Expense": 187500000.0,
        "Depreciation Amortization Depletion Income Statement": 46500000.0,
        "Depreciation And Amortization In Income Statement": 46500000.0,
        "Amortization": 46500000.0,
        "Amortization Of Intangibles Income Statement": 46500000.0,
        "Selling General And Administration": 141000000.0,
        "Gross Profit": 339800000.0,
        "Cost Of Revenue": 661700000.0,
        "Total Revenue": 1001500000.0,
        "Operating Revenue": 1001500000.0
    },
    "2025-06-30": {
        "Tax Effect Of Unusual Items": 0.0,
        "Tax Rate For Calcs": 0.166,
        "Normalized EBITDA": 244800000.0,
        "Total Unusual Items": NaN,
        "Total Unusual Items Excluding Goodwill": NaN,
        "Net Income From Continuing Operation Net Minority Interest": 76100000.0,
        "Reconciled Depreciation": 71100000.0,
        "Reconciled Cost Of Revenue": 696400000.0,
        "EBITDA": 244800000.0,
        "EBIT": 173700000.0,
        "Net Interest Income": -78300000.0,
        "Interest Expense": 78300000.0,
        "Normalized Income": 76100000.0,
        "Net Income From Continuing And Discontinued Operation": 76100000.0,
        "Total Expenses": 912800000.0,
        "Total Operating Income As Reported": 169500000.0,
        "Diluted Average Shares": 45150000.0,
        "Basic Average Shares": 44940000.0,
        "Diluted EPS": 1.53,
        "Basic EPS": 1.54,
        "Diluted NI Availto Com Stockholders": 69300000.0,
        "Net Income Common Stockholders": 69300000.0,
        "Preferred Stock Dividends": 6800000.0,
        "Net Income": 76100000.0,
        "Minority Interests": -3800000.0,
        "Net Income Including Noncontrolling Interests": 79900000.0,
        "Net Income Discontinuous Operations": 0.0,
        "Net Income Continuous Operations": 79900000.0,
        "Earnings From Equity Interest Net Of Tax": 300000.0,
        "Tax Provision": 15800000.0,
        "Pretax Income": 95400000.0,
        "Other Income Expense": 4200000.0,
        "Other Non Operating Income Expenses": 4200000.0,
        "Special Income Charges": NaN,
        "Other Special Charges": NaN,
        "Restructuring And Mergern Acquisition": NaN,
        "Net Non Operating Interest Income Expense": -78300000.0,
        "Interest Expense Non Operating": 78300000.0,
        "Operating Income": 169500000.0,
        "Operating Expense": 194000000.0,
        "Depreciation Amortization Depletion Income Statement": 48700000.0,
        "Depreciation And Amortization In Income Statement": 48700000.0,
        "Amortization": 48700000.0,
        "Amortization Of Intangibles Income Statement": 48700000.0,
        "Selling General And Administration": 145300000.0,
        "Gross Profit": 363500000.0,
        "Cost Of Revenue": 718800000.0,
        "Total Revenue": 1082300000.0,
        "Operating Revenue": 1082300000.0
    },
    "2025-09-30": {
        "Tax Effect Of Unusual Items": -69157088.122605,
        "Tax Rate For Calcs": 0.259989,
        "Normalized EBITDA": 231800000.0,
        "Total Unusual Items": -266000000.0,
        "Total Unusual Items Excluding Goodwill": -266000000.0,
        "Net Income From Continuing Operation Net Minority Interest": -138500000.0,
        "Reconciled Depreciation": 71400000.0,
        "Reconciled Cost Of Revenue": 703600000.0,
        "EBITDA": -34200000.0,
        "EBIT": -105600000.0,
        "Net Interest Income": -77100000.0,
        "Interest Expense": 77100000.0,
        "Normalized Income": 58342911.877395,
        "Net Income From Continuing And Discontinued Operation": -138500000.0,
        "Total Expenses": 923100000.0,
        "Total Operating Income As Reported": -88500000.0,
        "Diluted Average Shares": 44950000.0,
        "Basic Average Shares": 44950000.0,
        "Diluted EPS": -3.23,
        "Basic EPS": -3.23,
        "Diluted NI Availto Com Stockholders": -145300000.0,
        "Net Income Common Stockholders": -145300000.0,
        "Preferred Stock Dividends": 6800000.0,
        "Net Income": -138500000.0,
        "Minority Interests": -3100000.0,
        "Net Income Including Noncontrolling Interests": -135400000.0,
        "Net Income Discontinuous Operations": 0.0,
        "Net Income Continuous Operations": -135400000.0,
        "Earnings From Equity Interest Net Of Tax": -200000.0,
        "Tax Provision": -47500000.0,
        "Pretax Income": -182700000.0,
        "Other Income Expense": -283100000.0,
        "Other Non Operating Income Expenses": -17100000.0,
        "Special Income Charges": -266000000.0,
        "Other Special Charges": 266000000.0,
        "Restructuring And Mergern Acquisition": NaN,
        "Net Non Operating Interest Income Expense": -77100000.0,
        "Interest Expense Non Operating": 77100000.0,
        "Operating Income": 177500000.0,
        "Operating Expense": 197700000.0,
        "Depreciation Amortization Depletion Income Statement": 49600000.0,
        "Depreciation And Amortization In Income Statement": 49600000.0,
        "Amortization": 49600000.0,
        "Amortization Of Intangibles Income Statement": 49600000.0,
        "Selling General And Administration": 148100000.0,
        "Gross Profit": 375200000.0,
        "Cost Of Revenue": 725400000.0,
        "Total Revenue": 1100600000.0,
        "Operating Revenue": 1100600000.0
    }
}