{
    "2023-03-31": {
        "Tax Effect Of Unusual Items": NaN,
        "Tax Rate For Calcs": NaN,
        "Normalized EBITDA": NaN,
        "Total Unusual Items": NaN,
        "Total Unusual Items Excluding Goodwill": NaN,
        "Net Income From Continuing Operation Net Minority Interest": NaN,
        "Reconciled Depreciation": NaN,
        "Reconciled Cost Of Revenue": NaN,
        "EBITDA": NaN,
        "EBIT": NaN,
        "Net Interest Income": NaN,
        "Interest Expense": NaN,
        "Interest Income": NaN,
        "Normalized Income": NaN,
        "Net Income From Continuing And Discontinued Operation": NaN,
        "Total Expenses": NaN,
        "Total Operating Income As Reported": NaN,
        "Diluted Average Shares": NaN,
        "Basic Average Shares": NaN,
        "Diluted EPS": NaN,
        "Basic EPS": NaN,
        "Diluted NI Availto Com Stockholders": NaN,
        "Net Income Common Stockholders": NaN,
        "Net Income": NaN,
        "Net Income Including Noncontrolling Interests": NaN,
        "Net Income Continuous Operations": NaN,
        "Tax Provision": NaN,
        "Pretax Income": NaN,
        "Other Income Expense": NaN,
        "Special Income Charges": NaN,
        "Gain On Sale Of Ppe": 0.0,
        "Restructuring And Mergern Acquisition": NaN,
        "Net Non Operating Interest Income Expense": NaN,
        "Interest Expense Non Operating": NaN,
        "Interest Income Non Operating": NaN,
        "Operating Income": NaN,
        "Operating Expense": NaN,
        "Other Operating Expenses": NaN,
        "Selling General And Administration": NaN,
        "Selling And Marketing Expense": NaN,
        "General And Administrative Expense": NaN,
        "Other Gand A": NaN,
        "Gross Profit": NaN,
        "Cost Of Revenue": NaN,
        "Total Revenue": NaN,
        "Operating Revenue": NaN
    },
    "2022-12-31": {
        "Tax Effect Of Unusual Items": 0.0,
        "Tax Rate For Calcs": 0.25,
        "Normalized EBITDA": 10110660.0,
        "Total Unusual Items": -5980423.0,
        "Total Unusual Items Excluding Goodwill": -5980423.0,
        "Net Income From Continuing Operation Net Minority Interest": -2689778.0,
        "Reconciled Depreciation": 10543037.0,
        "Reconciled Cost Of Revenue": 19614999.0,
        "EBITDA": 10110660.0,
        "EBIT": -432377.0,
        "Net Interest Income": 45896.0,
        "Interest Expense": 26699.0,
        "Interest Income": 72595.0,
        "Normalized Income": -2689778.0,
        "Net Income From Continuing And Discontinued Operation": -2689778.0,
        "Total Expenses": 25116418.0,
        "Total Operating Income As Reported": -504972.0,
        "Diluted Average Shares": NaN,
        "Basic Average Shares": NaN,
        "Diluted EPS": NaN,
        "Basic EPS": NaN,
        "Diluted NI Availto Com Stockholders": -2689778.0,
        "Net Income Common Stockholders": -2689778.0,
        "Net Income": -2689778.0,
        "Net Income Including Noncontrolling Interests": -2689778.0,
        "Net Income Continuous Operations": -2689778.0,
        "Tax Provision": 2230702.0,
        "Pretax Income": -459076.0,
        "Other Income Expense": -5980423.0,
        "Special Income Charges": -5980423.0,
        "Restructuring And Mergern Acquisition": 5980423.0,
        "Net Non Operating Interest Income Expense": 45896.0,
        "Interest Expense Non Operating": 26699.0,
        "Interest Income Non Operating": 72595.0,
        "Operating Income": -6527178.0,
        "Operating Expense": 5501419.0,
        "Other Operating Expenses": 2841618.0,
        "Selling General And Administration": 2659801.0,
        "Selling And Marketing Expense": 15785.0,
        "General And Administrative Expense": 2644016.0,
        "Other Gand A": 2644016.0,
        "Gross Profit": -1025759.0,
        "Cost Of Revenue": 19614999.0,
        "Total Revenue": 18589240.0,
        "Operating Revenue": 18589240.0
    },
    "2022-09-30": {
        "Tax Effect Of Unusual Items": -480191.837614,
        "Tax Rate For Calcs": 0.251367,
        "Normalized EBITDA": 19993421.0,
        "Total Unusual Items": -1910318.0,
        "Total Unusual Items Excluding Goodwill": -1910318.0,
        "Net Income From Continuing Operation Net Minority Interest": 8967380.0,
        "Reconciled Depreciation": 6077041.0,
        "Reconciled Cost Of Revenue": 8405694.0,
        "EBITDA": 18083103.0,
        "EBIT": 12006062.0,
        "Net Interest Income": 35755.0,
        "Interest Expense": 27715.0,
        "Interest Income": 63470.0,
        "Normalized Income": 10397506.162386,
        "Net Income From Continuing And Discontinued Operation": 8967380.0,
        "Total Expenses": 9009885.0,
        "Total Operating Income As Reported": 11942592.0,
        "Diluted Average Shares": 10471924.0,
        "Basic Average Shares": 10471924.0,
        "Diluted EPS": 0.86,
        "Basic EPS": 0.86,
        "Diluted NI Availto Com Stockholders": 8967380.0,
        "Net Income Common Stockholders": 8967380.0,
        "Net Income": 8967380.0,
        "Net Income Including Noncontrolling Interests": 8967380.0,
        "Net Income Continuous Operations": 8967380.0,
        "Tax Provision": 3010967.0,
        "Pretax Income": 11978347.0,
        "Other Income Expense": -1910318.0,
        "Special Income Charges": -1910318.0,
        "Restructuring And Mergern Acquisition": 1910318.0,
        "Net Non Operating Interest Income Expense": 35755.0,
        "Interest Expense Non Operating": 27715.0,
        "Interest Income Non Operating": 63470.0,
        "Operating Income": 13852910.0,
        "Operating Expense": 604191.0,
        "Other Operating Expenses": 37.0,
        "Selling General And Administration": 604154.0,
        "Selling And Marketing Expense": 19681.0,
        "General And Administrative Expense": 584473.0,
        "Other Gand A": 584473.0,
        "Gross Profit": 14457101.0,
        "Cost Of Revenue": 8405694.0,
        "Total Revenue": 22862795.0,
        "Operating Revenue": 22862795.0
    },
    "2022-06-30": {
        "Tax Effect Of Unusual Items": -467520.245299,
        "Tax Rate For Calcs": 0.242578,
        "Normalized EBITDA": 12383804.0,
        "Total Unusual Items": -1927297.0,
        "Total Unusual Items Excluding Goodwill": -1927297.0,
        "Net Income From Continuing Operation Net Minority Interest": 3901794.0,
        "Reconciled Depreciation": 5272796.0,
        "Reconciled Cost Of Revenue": 8101120.0,
        "EBITDA": 10456507.0,
        "EBIT": 5183711.0,
        "Net Interest Income": 42252.0,
        "Interest Expense": 32296.0,
        "Interest Income": 74548.0,
        "Normalized Income": 5361570.754701,
        "Net Income From Continuing And Discontinued Operation": 3901794.0,
        "Total Expenses": 8675254.0,
        "Total Operating Income As Reported": 5109163.0,
        "Diluted Average Shares": 10471924.0,
        "Basic Average Shares": 10471924.0,
        "Diluted EPS": 0.37,
        "Basic EPS": 0.37,
        "Diluted NI Availto Com Stockholders": 3901794.0,
        "Net Income Common Stockholders": 3901794.0,
        "Net Income": 3901794.0,
        "Net Income Including Noncontrolling Interests": 3901794.0,
        "Net Income Continuous Operations": 3901794.0,
        "Tax Provision": 1249621.0,
        "Pretax Income": 5151415.0,
        "Other Income Expense": -1927297.0,
        "Special Income Charges": -1927297.0,
        "Restructuring And Mergern Acquisition": 1927297.0,
        "Net Non Operating Interest Income Expense": 42252.0,
        "Interest Expense Non Operating": 32296.0,
        "Interest Income Non Operating": 74548.0,
        "Operating Income": 7036460.0,
        "Operating Expense": 574134.0,
        "Other Operating Expenses": NaN,
        "Selling General And Administration": 574134.0,
        "Selling And Marketing Expense": 17045.0,
        "General And Administrative Expense": 557089.0,
        "Other Gand A": 557089.0,
        "Gross Profit": 7610594.0,
        "Cost Of Revenue": 8101120.0,
        "Total Revenue": 15711714.0,
        "Operating Revenue": 15711714.0
    },
    "2022-03-31": {
        "Diluted EPS": -0.01,
        "Total Revenue": 9,
        "Gross Profit": 2,
        "Operating Income": 0,
        "EBIT": 5,
        "Net Income": 0
    },
    "2021-12-31": {
        "Diluted EPS": -0.1,
        "Total Revenue": 21,
        "Gross Profit": 8,
        "Operating Income": 4,
        "EBIT": 12,
        "Net Income": -1
    },
    "2021-09-30": {
        "Diluted EPS": 0.52,
        "Total Revenue": 18,
        "Gross Profit": 8,
        "Operating Income": 7,
        "EBIT": 11,
        "Net Income": 5
    },
    "2021-06-30": {
        "Diluted EPS": -0.26,
        "Total Revenue": 11,
        "Gross Profit": 3,
        "Operating Income": -2,
        "EBIT": 2,
        "Net Income": -3
    },
    "2021-03-31": {
        "Diluted EPS": -0.25,
        "Total Revenue": 5,
        "Gross Profit": -2,
        "Operating Income": -3,
        "EBIT": 1,
        "Net Income": -3
    },
    "2020-12-31": {
        "Diluted EPS": 0.04,
        "Total Revenue": 12,
        "Gross Profit": 4,
        "Operating Income": 1,
        "EBIT": 5,
        "Net Income": 0
    },
    "2020-09-30": {
        "Diluted EPS": -0.3,
        "Total Revenue": 10,
        "Gross Profit": 2,
        "Operating Income": -3,
        "EBIT": 2,
        "Net Income": -3
    },
    "2020-06-30": {
        "Diluted EPS": -0.24,
        "Total Revenue": 5,
        "Gross Profit": -1,
        "Operating Income": -3,
        "EBIT": 1,
        "Net Income": -2
    },
    "2020-03-31": {
        "Diluted EPS": -0.37,
        "Total Revenue": 1,
        "Gross Profit": -4,
        "Operating Income": -5,
        "EBIT": -1,
        "Net Income": -4
    },
    "2019-12-31": {
        "Diluted EPS": -0.76,
        "Total Revenue": 0,
        "Gross Profit": -5,
        "Operating Income": -9,
        "EBIT": -6,
        "Net Income": -7
    },
    "2019-09-30": {
        "Diluted EPS": -1.37,
        "Total Revenue": 5,
        "Gross Profit": -1,
        "Operating Income": -6,
        "EBIT": -3,
        "Net Income": -13
    },
    "2019-06-30": {
        "Diluted EPS": -0.08,
        "Total Revenue": 6,
        "Gross Profit": 0,
        "Operating Income": -1,
        "EBIT": 2,
        "Net Income": -1
    },
    "2019-03-31": {
        "Diluted EPS": -0.52,
        "Total Revenue": 0,
        "Gross Profit": -4,
        "Operating Income": -6,
        "EBIT": -3,
        "Net Income": -5
    },
    "2018-12-31": {
        "Diluted EPS": -4.1,
        "Total Revenue": 0,
        "Gross Profit": -4,
        "Operating Income": -42,
        "EBIT": -10,
        "Net Income": -39
    },
    "2018-09-30": {
        "Diluted EPS": -2.1,
        "Total Revenue": 0,
        "Gross Profit": -5,
        "Operating Income": -27,
        "EBIT": -22,
        "Net Income": -19
    },
    "2018-06-30": {
        "Diluted EPS": -0.5,
        "Total Revenue": 0,
        "Gross Profit": -6,
        "Operating Income": -7,
        "EBIT": -2,
        "Net Income": -5
    },
    "2018-03-31": {
        "Diluted EPS": -0.75,
        "Total Revenue": 2,
        "Gross Profit": -5,
        "Operating Income": -8,
        "EBIT": -3,
        "Net Income": -7
    },
    "2017-12-31": {
        "Diluted EPS": -1.8,
        "Total Revenue": 3,
        "Gross Profit": -3,
        "Operating Income": -23,
        "EBIT": -19,
        "Net Income": -17
    },
    "2017-09-30": {
        "Diluted EPS": 0.35,
        "Total Revenue": 24,
        "Gross Profit": 7,
        "Operating Income": 5,
        "EBIT": 11,
        "Net Income": 3
    },
    "2017-06-30": {
        "Diluted EPS": 1.45,
        "Total Revenue": 48,
        "Gross Profit": 21,
        "Operating Income": 18,
        "EBIT": 24,
        "Net Income": 14
    },
    "2017-03-31": {
        "Diluted EPS": 0.85,
        "Total Revenue": 33,
        "Gross Profit": 13,
        "Operating Income": 11,
        "EBIT": 16,
        "Net Income": 8
    },
    "2016-12-31": {
        "Diluted EPS": 0.65,
        "Total Revenue": 28,
        "Gross Profit": 10,
        "Operating Income": 8,
        "EBIT": 14,
        "Net Income": 6
    },
    "2016-09-30": {
        "Diluted EPS": 1.15,
        "Total Revenue": 39,
        "Gross Profit": 16,
        "Operating Income": 14,
        "EBIT": 20,
        "Net Income": 11
    },
    "2016-06-30": {
        "Diluted EPS": 1.4,
        "Total Revenue": 48,
        "Gross Profit": 18,
        "Operating Income": 17,
        "EBIT": 24,
        "Net Income": 13
    },
    "2016-03-31": {
        "Diluted EPS": 0.7,
        "Total Revenue": 34,
        "Gross Profit": 11,
        "Operating Income": 9,
        "EBIT": 16,
        "Net Income": 6
    },
    "2015-12-31": {
        "Diluted EPS": 0.8,
        "Total Revenue": 35,
        "Gross Profit": 11,
        "Operating Income": 10,
        "EBIT": 17,
        "Net Income": 7
    },
    "2015-09-30": {
        "Diluted EPS": 1.15,
        "Total Revenue": 43,
        "Gross Profit": 16,
        "Operating Income": 14,
        "EBIT": 21,
        "Net Income": 11
    },
    "2015-06-30": {
        "Diluted EPS": 1.15,
        "Total Revenue": 49,
        "Gross Profit": 17,
        "Operating Income": 15,
        "EBIT": 22,
        "Net Income": 11
    },
    "2015-03-31": {
        "Diluted EPS": 0.6,
        "Total Revenue": 35,
        "Gross Profit": 9,
        "Operating Income": 7,
        "EBIT": 15,
        "Net Income": 5
    },
    "2014-12-31": {
        "Diluted EPS": 0.4,
        "Total Revenue": 25,
        "Gross Profit": 7,
        "Operating Income": 4,
        "EBIT": 11,
        "Net Income": 3
    },
    "2014-09-30": {
        "Diluted EPS": 0.65,
        "Total Revenue": 31,
        "Gross Profit": 9,
        "Operating Income": 7,
        "EBIT": 14,
        "Net Income": 5
    },
    "2014-06-30": {
        "Diluted EPS": 0.7,
        "Total Revenue": 32,
        "Gross Profit": 9,
        "Operating Income": 8,
        "EBIT": 14,
        "Net Income": 6
    },
    "2014-03-31": {
        "Diluted EPS": 0.55,
        "Total Revenue": 26,
        "Gross Profit": 7,
        "Operating Income": 6,
        "EBIT": 13,
        "Net Income": 4
    },
    "2013-12-31": {
        "Diluted EPS": 0.7,
        "Total Revenue": 30,
        "Gross Profit": 9,
        "Operating Income": 8,
        "EBIT": 15,
        "Net Income": 6
    },
    "2013-09-30": {
        "Diluted EPS": 1.05,
        "Total Revenue": 33,
        "Gross Profit": 11,
        "Operating Income": 11,
        "EBIT": 18,
        "Net Income": 8
    },
    "2013-06-30": {
        "Diluted EPS": 0.7,
        "Total Revenue": 33,
        "Gross Profit": 10,
        "Operating Income": 7,
        "EBIT": 14,
        "Net Income": 5
    },
    "2013-03-31": {
        "Diluted EPS": 0.25,
        "Total Revenue": 23,
        "Gross Profit": 5,
        "Operating Income": 3,
        "EBIT": 10,
        "Net Income": 2
    },
    "2012-12-31": {
        "Diluted EPS": 0.25,
        "Total Revenue": 22,
        "Gross Profit": 4,
        "Operating Income": 3,
        "EBIT": 9,
        "Net Income": 2
    },
    "2012-09-30": {
        "Diluted EPS": 0.6,
        "Total Revenue": 25,
        "Gross Profit": 7,
        "Operating Income": 6,
        "EBIT": 12,
        "Net Income": 4
    },
    "2012-06-30": {
        "Diluted EPS": 0.8,
        "Total Revenue": 31,
        "Gross Profit": 10,
        "Operating Income": 8,
        "EBIT": 13,
        "Net Income": 6
    },
    "2012-03-31": {
        "Diluted EPS": 0.5,
        "Total Revenue": 24,
        "Gross Profit": 7,
        "Operating Income": 5,
        "EBIT": 10,
        "Net Income": 3
    },
    "2011-12-31": {
        "Diluted EPS": 0.2,
        "Total Revenue": 31,
        "Gross Profit": 10,
        "Operating Income": 2,
        "EBIT": 7,
        "Net Income": 1
    },
    "2011-09-30": {
        "Diluted EPS": 0.8,
        "Total Revenue": 38,
        "Gross Profit": 14,
        "Operating Income": 9,
        "EBIT": 14,
        "Net Income": 6
    },
    "2011-06-30": {
        "Diluted EPS": 1.45,
        "Total Revenue": 51,
        "Gross Profit": 26,
        "Operating Income": 13,
        "EBIT": 18,
        "Net Income": 10
    },
    "2011-03-31": {
        "Diluted EPS": 2.0,
        "Total Revenue": 45,
        "Gross Profit": 25,
        "Operating Income": 20,
        "EBIT": 24,
        "Net Income": 14
    },
    "2010-12-31": {
        "Diluted EPS": 1.75,
        "Total Revenue": 37,
        "Gross Profit": 20,
        "Operating Income": 16,
        "EBIT": 20,
        "Net Income": 12
    },
    "2010-09-30": {
        "Diluted EPS": 2.15,
        "Total Revenue": 45,
        "Gross Profit": 22,
        "Operating Income": 20,
        "EBIT": 23,
        "Net Income": 15
    },
    "2010-06-30": {
        "Diluted EPS": 2.35,
        "Total Revenue": 47,
        "Gross Profit": 23,
        "Operating Income": 22,
        "EBIT": 24,
        "Net Income": 16
    },
    "2010-03-31": {
        "Diluted EPS": 1.15,
        "Total Revenue": 30,
        "Gross Profit": 13,
        "Operating Income": 11,
        "EBIT": 13,
        "Net Income": 8
    },
    "2009-12-31": {
        "Diluted EPS": 1.05,
        "Total Revenue": 29,
        "Gross Profit": 12,
        "Operating Income": 10,
        "EBIT": 12,
        "Net Income": 7
    },
    "2009-09-30": {
        "Diluted EPS": 1.35,
        "Total Revenue": 28,
        "Gross Profit": 12,
        "Operating Income": 11,
        "EBIT": 13,
        "Net Income": 8
    },
    "2009-06-30": {
        "Diluted EPS": 1.45,
        "Total Revenue": 30,
        "Gross Profit": 13,
        "Operating Income": 12,
        "EBIT": 14,
        "Net Income": 9
    },
    "2009-03-31": {
        "Diluted EPS": 1.15,
        "Total Revenue": 24,
        "Gross Profit": 10,
        "Operating Income": 9,
        "EBIT": 11,
        "Net Income": 7
    },
    "2023-06-30": {
        "Tax Effect Of Unusual Items": NaN,
        "Tax Rate For Calcs": NaN,
        "Normalized EBITDA": NaN,
        "Total Unusual Items": NaN,
        "Total Unusual Items Excluding Goodwill": NaN,
        "Net Income From Continuing Operation Net Minority Interest": NaN,
        "Reconciled Depreciation": NaN,
        "Reconciled Cost Of Revenue": NaN,
        "EBITDA": NaN,
        "EBIT": NaN,
        "Net Interest Income": NaN,
        "Interest Expense": NaN,
        "Interest Income": NaN,
        "Normalized Income": NaN,
        "Net Income From Continuing And Discontinued Operation": NaN,
        "Total Expenses": NaN,
        "Total Operating Income As Reported": NaN,
        "Diluted Average Shares": 10431924.0,
        "Basic Average Shares": 10431924.0,
        "Diluted EPS": -0.07,
        "Basic EPS": -0.07,
        "Diluted NI Availto Com Stockholders": NaN,
        "Net Income Common Stockholders": NaN,
        "Net Income": NaN,
        "Net Income Including Noncontrolling Interests": NaN,
        "Net Income Continuous Operations": NaN,
        "Tax Provision": NaN,
        "Pretax Income": NaN,
        "Other Income Expense": NaN,
        "Special Income Charges": NaN,
        "Gain On Sale Of Ppe": 0.0,
        "Restructuring And Mergern Acquisition": 1055529.0,
        "Net Non Operating Interest Income Expense": NaN,
        "Interest Expense Non Operating": NaN,
        "Interest Income Non Operating": NaN,
        "Operating Income": NaN,
        "Operating Expense": NaN,
        "Other Operating Expenses": -60134.0,
        "Selling General And Administration": NaN,
        "Selling And Marketing Expense": NaN,
        "General And Administrative Expense": NaN,
        "Other Gand A": NaN,
        "Gross Profit": NaN,
        "Cost Of Revenue": NaN,
        "Total Revenue": NaN,
        "Operating Revenue": NaN
    },
    "2023-09-30": {
        "Tax Effect Of Unusual Items": -215658.516889,
        "Tax Rate For Calcs": 0.214013,
        "Normalized EBITDA": 3584809.0,
        "Total Unusual Items": -1007689.0,
        "Total Unusual Items Excluding Goodwill": -1007689.0,
        "Net Income From Continuing Operation Net Minority Interest": -1775797.0,
        "Reconciled Depreciation": 4812650.0,
        "Reconciled Cost Of Revenue": 6373902.0,
        "EBITDA": 2577120.0,
        "EBIT": -2235530.0,
        "Net Interest Income": 33967.0,
        "Interest Expense": 23791.0,
        "Interest Income": 57758.0,
        "Normalized Income": -983766.516889,
        "Net Income From Continuing And Discontinued Operation": -1775797.0,
        "Total Expenses": 7151214.0,
        "Total Operating Income As Reported": -2293288.0,
        "Diluted Average Shares": 10431924.0,
        "Basic Average Shares": 10431924.0,
        "Diluted EPS": -0.17,
        "Basic EPS": -0.17,
        "Diluted NI Availto Com Stockholders": -1775797.0,
        "Net Income Common Stockholders": -1775797.0,
        "Net Income": -1775797.0,
        "Net Income Including Noncontrolling Interests": -1775797.0,
        "Net Income Continuous Operations": -1775797.0,
        "Tax Provision": -483524.0,
        "Pretax Income": -2259321.0,
        "Other Income Expense": -1007689.0,
        "Special Income Charges": -1007689.0,
        "Gain On Sale Of Ppe": NaN,
        "Restructuring And Mergern Acquisition": 1007689.0,
        "Net Non Operating Interest Income Expense": 33967.0,
        "Interest Expense Non Operating": 23791.0,
        "Interest Income Non Operating": 57758.0,
        "Operating Income": -1285599.0,
        "Operating Expense": 777312.0,
        "Selling General And Administration": 777312.0,
        "Selling And Marketing Expense": 14428.0,
        "General And Administrative Expense": 762884.0,
        "Other Gand A": 762884.0,
        "Gross Profit": -508287.0,
        "Cost Of Revenue": 6373902.0,
        "Total Revenue": 5865615.0,
        "Operating Revenue": 5865615.0
    },
    "2023-12-31": {
        "Tax Effect Of Unusual Items": -10509725.5,
        "Tax Rate For Calcs": 0.25,
        "Normalized EBITDA": 356496.0,
        "Total Unusual Items": -42038902.0,
        "Total Unusual Items Excluding Goodwill": -42038902.0,
        "Net Income From Continuing Operation Net Minority Interest": -58779919.0,
        "Reconciled Depreciation": 12658230.0,
        "Reconciled Cost Of Revenue": 17170210.0,
        "EBITDA": -41682406.0,
        "EBIT": -54340636.0,
        "Net Interest Income": 25114.0,
        "Interest Expense": 23887.0,
        "Interest Income": 49001.0,
        "Normalized Income": -27250742.5,
        "Net Income From Continuing And Discontinued Operation": -58779919.0,
        "Total Expenses": 19221121.0,
        "Total Operating Income As Reported": -7878781.0,
        "Diluted Average Shares": NaN,
        "Basic Average Shares": NaN,
        "Diluted EPS": NaN,
        "Basic EPS": NaN,
        "Diluted NI Availto Com Stockholders": -58779919.0,
        "Net Income Common Stockholders": -58779919.0,
        "Net Income": -58779919.0,
        "Net Income Including Noncontrolling Interests": -58779919.0,
        "Net Income Continuous Operations": -58779919.0,
        "Tax Provision": 4415396.0,
        "Pretax Income": -54364523.0,
        "Other Income Expense": -42038902.0,
        "Special Income Charges": -42038902.0,
        "Gain On Sale Of Ppe": NaN,
        "Restructuring And Mergern Acquisition": NaN,
        "Net Non Operating Interest Income Expense": 25114.0,
        "Interest Expense Non Operating": 23887.0,
        "Interest Income Non Operating": 49001.0,
        "Operating Income": -12350735.0,
        "Operating Expense": 2050911.0,
        "Selling General And Administration": 1990777.0,
        "Selling And Marketing Expense": 16205.0,
        "General And Administrative Expense": 1974572.0,
        "Other Gand A": 1974572.0,
        "Gross Profit": -10299824.0,
        "Cost Of Revenue": 17170210.0,
        "Total Revenue": 6870386.0,
        "Operating Revenue": 6870386.0
    },
    "2024-06-30": {
        "Tax Effect Of Unusual Items": -1087583.746921,
        "Tax Rate For Calcs": 0.035216,
        "Normalized EBITDA": 1608462.0,
        "Total Unusual Items": -30883511.0,
        "Total Unusual Items Excluding Goodwill": -30883511.0,
        "Net Income From Continuing Operation Net Minority Interest": -33097918.0,
        "Reconciled Depreciation": 5006165.0,
        "Reconciled Cost Of Revenue": 5112058.0,
        "EBITDA": -29275049.0,
        "EBIT": -34281214.0,
        "Net Interest Income": 9977.0,
        "Interest Expense": 24814.0,
        "Interest Income": 34791.0,
        "Normalized Income": -3301990.746921,
        "Net Income From Continuing And Discontinued Operation": -33097918.0,
        "Total Expenses": 5815663.0,
        "Total Operating Income As Reported": -5146997.0,
        "Diluted Average Shares": 10726924.0,
        "Basic Average Shares": 10726924.0,
        "Diluted EPS": -3.09,
        "Basic EPS": -3.09,
        "Diluted NI Availto Com Stockholders": -33097918.0,
        "Net Income Common Stockholders": -33097918.0,
        "Net Income": -33097918.0,
        "Net Income Including Noncontrolling Interests": -33097918.0,
        "Net Income Continuous Operations": -33097918.0,
        "Tax Provision": -1208110.0,
        "Pretax Income": -34306028.0,
        "Other Income Expense": -30883511.0,
        "Special Income Charges": -30883511.0,
        "Gain On Sale Of Ppe": -29169008.0,
        "Restructuring And Mergern Acquisition": 1714503.0,
        "Net Non Operating Interest Income Expense": 9977.0,
        "Interest Expense Non Operating": 24814.0,
        "Interest Income Non Operating": 34791.0,
        "Operating Income": -3432494.0,
        "Operating Expense": 703605.0,
        "Selling General And Administration": 703605.0,
        "Selling And Marketing Expense": 13633.0,
        "General And Administrative Expense": 689972.0,
        "Other Gand A": 689972.0,
        "Gross Profit": -2728889.0,
        "Cost Of Revenue": 5112058.0,
        "Total Revenue": 2383169.0,
        "Operating Revenue": 2383169.0
    },
    "2024-03-31": {
        "Tax Effect Of Unusual Items": -902354.600805,
        "Tax Rate For Calcs": 0.241356,
        "Normalized EBITDA": 3452150.0,
        "Total Unusual Items": -3738692.0,
        "Total Unusual Items Excluding Goodwill": -3738692.0,
        "Net Income From Continuing Operation Net Minority Interest": -3992132.0,
        "Reconciled Depreciation": 4950820.0,
        "Reconciled Cost Of Revenue": 2119845.0,
        "EBITDA": -286542.0,
        "EBIT": -5237362.0,
        "Net Interest Income": 11230.0,
        "Interest Expense": 24830.0,
        "Interest Income": 36060.0,
        "Normalized Income": -1155794.600805,
        "Net Income From Continuing And Discontinued Operation": -3992132.0,
        "Total Expenses": 2841792.0,
        "Total Operating Income As Reported": -5269419.0,
        "Diluted Average Shares": 10726924.0,
        "Basic Average Shares": 10726924.0,
        "Diluted EPS": -0.37,
        "Basic EPS": -0.37,
        "Diluted NI Availto Com Stockholders": -3992132.0,
        "Net Income Common Stockholders": -3992132.0,
        "Net Income": -3992132.0,
        "Net Income Including Noncontrolling Interests": -3992132.0,
        "Net Income Continuous Operations": -3992132.0,
        "Tax Provision": -1270060.0,
        "Pretax Income": -5262192.0,
        "Other Income Expense": -3738692.0,
        "Special Income Charges": -3738692.0,
        "Gain On Sale Of Ppe": -4003.0,
        "Restructuring And Mergern Acquisition": 3734689.0,
        "Net Non Operating Interest Income Expense": 11230.0,
        "Interest Expense Non Operating": 24830.0,
        "Interest Income Non Operating": 36060.0,
        "Operating Income": -1534730.0,
        "Operating Expense": 721947.0,
        "Selling General And Administration": 721947.0,
        "Selling And Marketing Expense": 4491.0,
        "General And Administrative Expense": 717456.0,
        "Other Gand A": 717456.0,
        "Gross Profit": -812783.0,
        "Cost Of Revenue": 2119845.0,
        "Total Revenue": 1307062.0,
        "Operating Revenue": 1307062.0
    },
    "2024-09-30": {
        "Tax Effect Of Unusual Items": -416918.397475,
        "Tax Rate For Calcs": 0.240113,
        "Normalized EBITDA": 1971869.0,
        "Total Unusual Items": -1736345.0,
        "Total Unusual Items Excluding Goodwill": -1736345.0,
        "Net Income From Continuing Operation Net Minority Interest": -3492883.0,
        "Reconciled Depreciation": 4810913.0,
        "Reconciled Cost Of Revenue": 4071616.0,
        "EBITDA": 235524.0,
        "EBIT": -4575389.0,
        "Net Interest Income": -14971.0,
        "Interest Expense": 21191.0,
        "Interest Income": 6220.0,
        "Normalized Income": -2173456.397475,
        "Net Income From Continuing And Discontinued Operation": -3492883.0,
        "Total Expenses": 5087629.0,
        "Total Operating Income As Reported": -4581609.0,
        "Diluted Average Shares": 10726924.0,
        "Basic Average Shares": 10726924.0,
        "Diluted EPS": -0.33,
        "Basic EPS": -0.33,
        "Diluted NI Availto Com Stockholders": -3492883.0,
        "Net Income Common Stockholders": -3492883.0,
        "Net Income": -3492883.0,
        "Net Income Including Noncontrolling Interests": -3492883.0,
        "Net Income Continuous Operations": -3492883.0,
        "Tax Provision": -1103697.0,
        "Pretax Income": -4596580.0,
        "Other Income Expense": -1736345.0,
        "Special Income Charges": -1736345.0,
        "Gain On Sale Of Ppe": NaN,
        "Restructuring And Mergern Acquisition": 1736345.0,
        "Net Non Operating Interest Income Expense": -14971.0,
        "Interest Expense Non Operating": 21191.0,
        "Interest Income Non Operating": 6220.0,
        "Operating Income": -2845264.0,
        "Operating Expense": 1016013.0,
        "Selling General And Administration": 1016013.0,
        "Selling And Marketing Expense": 13484.0,
        "General And Administrative Expense": 1002529.0,
        "Other Gand A": 1002529.0,
        "Gross Profit": -1829251.0,
        "Cost Of Revenue": 4071616.0,
        "Total Revenue": 2242365.0,
        "Operating Revenue": 2242365.0
    }
}