{
    "2023-06-30": {
        "Tax Effect Of Unusual Items": NaN,
        "Tax Rate For Calcs": NaN,
        "Total Unusual Items": NaN,
        "Total Unusual Items Excluding Goodwill": NaN,
        "Net Income From Continuing Operation Net Minority Interest": NaN,
        "Reconciled Depreciation": NaN,
        "Net Interest Income": NaN,
        "Interest Expense": NaN,
        "Interest Income": NaN,
        "Normalized Income": NaN,
        "Net Income From Continuing And Discontinued Operation": NaN,
        "Diluted Average Shares": NaN,
        "Basic Average Shares": NaN,
        "Diluted EPS": NaN,
        "Basic EPS": NaN,
        "Diluted NI Availto Com Stockholders": NaN,
        "Net Income Common Stockholders": NaN,
        "Otherunder Preferred Stock Dividend": NaN,
        "Net Income": NaN,
        "Net Income Including Noncontrolling Interests": NaN,
        "Net Income Continuous Operations": NaN,
        "Tax Provision": NaN,
        "Pretax Income": NaN,
        "Special Income Charges": NaN,
        "Other Special Charges": -1943000.0,
        "Gain On Sale Of Security": NaN,
        "Selling General And Administration": NaN,
        "Selling And Marketing Expense": NaN,
        "General And Administrative Expense": NaN,
        "Salaries And Wages": NaN,
        "Total Revenue": NaN,
        "Operating Revenue": NaN,
        "Occupancy And Equipment": NaN,
        "Professional Expense And Contract Services Expense": NaN,
        "Other Non Interest Expense": NaN
    },
    "2023-03-31": {
        "Tax Effect Of Unusual Items": 0.0,
        "Tax Rate For Calcs": 0.297,
        "Total Unusual Items": NaN,
        "Total Unusual Items Excluding Goodwill": NaN,
        "Net Income From Continuing Operation Net Minority Interest": 21991000.0,
        "Reconciled Depreciation": 1742000.0,
        "Net Interest Income": 57564000.0,
        "Interest Expense": 29450000.0,
        "Interest Income": 87014000.0,
        "Normalized Income": 21991000.0,
        "Net Income From Continuing And Discontinued Operation": 21991000.0,
        "Diluted Average Shares": 30430745.0,
        "Basic Average Shares": 30347325.0,
        "Diluted EPS": 0.72,
        "Basic EPS": 0.72,
        "Diluted NI Availto Com Stockholders": 21874000.0,
        "Net Income Common Stockholders": 21874000.0,
        "Otherunder Preferred Stock Dividend": 117000.0,
        "Net Income": 21991000.0,
        "Net Income Including Noncontrolling Interests": 21991000.0,
        "Net Income Continuous Operations": 21991000.0,
        "Tax Provision": 9274000.0,
        "Pretax Income": 31265000.0,
        "Special Income Charges": NaN,
        "Other Special Charges": NaN,
        "Gain On Sale Of Security": 0.0,
        "Selling General And Administration": 21443000.0,
        "Selling And Marketing Expense": 833000.0,
        "General And Administrative Expense": 20610000.0,
        "Salaries And Wages": 20610000.0,
        "Total Revenue": 66189000.0,
        "Operating Revenue": 66189000.0,
        "Occupancy And Equipment": 4412000.0,
        "Professional Expense And Contract Services Expense": 1335000.0,
        "Other Non Interest Expense": 5601000.0
    },
    "2022-12-31": {
        "Tax Effect Of Unusual Items": NaN,
        "Tax Rate For Calcs": NaN,
        "Total Unusual Items": 0.0,
        "Total Unusual Items Excluding Goodwill": 0.0,
        "Net Income From Continuing Operation Net Minority Interest": NaN,
        "Reconciled Depreciation": NaN,
        "Net Interest Income": NaN,
        "Interest Expense": NaN,
        "Interest Income": NaN,
        "Normalized Income": NaN,
        "Net Income From Continuing And Discontinued Operation": NaN,
        "Diluted Average Shares": NaN,
        "Basic Average Shares": NaN,
        "Diluted EPS": NaN,
        "Basic EPS": NaN,
        "Diluted NI Availto Com Stockholders": NaN,
        "Net Income Common Stockholders": NaN,
        "Otherunder Preferred Stock Dividend": NaN,
        "Net Income": NaN,
        "Net Income Including Noncontrolling Interests": NaN,
        "Net Income Continuous Operations": NaN,
        "Tax Provision": NaN,
        "Pretax Income": NaN,
        "Special Income Charges": 0.0,
        "Other Special Charges": NaN,
        "Gain On Sale Of Security": NaN,
        "Selling General And Administration": NaN,
        "Selling And Marketing Expense": NaN,
        "General And Administrative Expense": NaN,
        "Salaries And Wages": NaN,
        "Total Revenue": NaN,
        "Operating Revenue": NaN,
        "Occupancy And Equipment": NaN,
        "Professional Expense And Contract Services Expense": NaN,
        "Other Non Interest Expense": NaN
    },
    "2022-09-30": {
        "Tax Effect Of Unusual Items": NaN,
        "Tax Rate For Calcs": NaN,
        "Total Unusual Items": 0.0,
        "Total Unusual Items Excluding Goodwill": 0.0,
        "Net Income From Continuing Operation Net Minority Interest": NaN,
        "Reconciled Depreciation": NaN,
        "Net Interest Income": NaN,
        "Interest Expense": NaN,
        "Interest Income": NaN,
        "Normalized Income": NaN,
        "Net Income From Continuing And Discontinued Operation": NaN,
        "Diluted Average Shares": NaN,
        "Basic Average Shares": NaN,
        "Diluted EPS": NaN,
        "Basic EPS": NaN,
        "Diluted NI Availto Com Stockholders": NaN,
        "Net Income Common Stockholders": NaN,
        "Otherunder Preferred Stock Dividend": NaN,
        "Net Income": NaN,
        "Net Income Including Noncontrolling Interests": NaN,
        "Net Income Continuous Operations": NaN,
        "Tax Provision": NaN,
        "Pretax Income": NaN,
        "Special Income Charges": 0.0,
        "Other Special Charges": NaN,
        "Gain On Sale Of Security": NaN,
        "Selling General And Administration": NaN,
        "Selling And Marketing Expense": NaN,
        "General And Administrative Expense": NaN,
        "Salaries And Wages": NaN,
        "Total Revenue": NaN,
        "Operating Revenue": NaN
    },
    "2022-06-30": {
        "Tax Effect Of Unusual Items": 0.0,
        "Tax Rate For Calcs": 0.29,
        "Total Unusual Items": 0.0,
        "Total Unusual Items Excluding Goodwill": 0.0,
        "Net Income From Continuing Operation Net Minority Interest": 25050000.0,
        "Reconciled Depreciation": 3013000.0,
        "Net Interest Income": 58802000.0,
        "Interest Expense": 4176000.0,
        "Interest Income": 62978000.0,
        "Normalized Income": 25050000.0,
        "Net Income From Continuing And Discontinued Operation": 25050000.0,
        "Diluted Average Shares": 30412348.0,
        "Basic Average Shares": 30296897.0,
        "Diluted EPS": 0.82,
        "Basic EPS": 0.82,
        "Diluted NI Availto Com Stockholders": 25050000.0,
        "Net Income Common Stockholders": 25050000.0,
        "Otherunder Preferred Stock Dividend": 150000.0,
        "Net Income": 25050000.0,
        "Net Income Including Noncontrolling Interests": 25050000.0,
        "Net Income Continuous Operations": 25050000.0,
        "Tax Provision": 10233000.0,
        "Pretax Income": 35283000.0,
        "Special Income Charges": 0.0,
        "Other Special Charges": NaN,
        "Gain On Sale Of Security": 0.0,
        "Selling General And Administration": 19439000.0,
        "Selling And Marketing Expense": 660000.0,
        "General And Administrative Expense": 18779000.0,
        "Other Gand A": 3695000.0,
        "Salaries And Wages": 18779000.0,
        "Total Revenue": 68354000.0,
        "Operating Revenue": 68354000.0
    },
    "2022-03-31": {
        "Diluted EPS": 0.68,
        "Total Revenue": 65,
        "Gross Profit": 59,
        "Operating Income": 29,
        "EBIT": NaN,
        "Net Income": 21
    },
    "2021-12-31": {
        "Diluted EPS": 1.1,
        "Total Revenue": 64,
        "Gross Profit": 59,
        "Operating Income": 43,
        "EBIT": NaN,
        "Net Income": 34
    },
    "2021-09-30": {
        "Diluted EPS": 0.86,
        "Total Revenue": 68,
        "Gross Profit": 62,
        "Operating Income": 37,
        "EBIT": NaN,
        "Net Income": 26
    },
    "2021-06-30": {
        "Diluted EPS": 0.72,
        "Total Revenue": 63,
        "Gross Profit": 58,
        "Operating Income": 31,
        "EBIT": NaN,
        "Net Income": 22
    },
    "2021-03-31": {
        "Diluted EPS": 0.54,
        "Total Revenue": 62,
        "Gross Profit": 56,
        "Operating Income": 24,
        "EBIT": NaN,
        "Net Income": 17
    },
    "2020-12-31": {
        "Diluted EPS": 0.47,
        "Total Revenue": 63,
        "Gross Profit": 56,
        "Operating Income": 20,
        "EBIT": NaN,
        "Net Income": 14
    },
    "2020-09-30": {
        "Diluted EPS": 0.53,
        "Total Revenue": 62,
        "Gross Profit": 53,
        "Operating Income": 23,
        "EBIT": NaN,
        "Net Income": 16
    },
    "2020-06-30": {
        "Diluted EPS": 0.3,
        "Total Revenue": 77,
        "Gross Profit": 65,
        "Operating Income": 14,
        "EBIT": NaN,
        "Net Income": 9
    },
    "2020-03-31": {
        "Diluted EPS": 0.08,
        "Total Revenue": 65,
        "Gross Profit": 50,
        "Operating Income": 3,
        "EBIT": NaN,
        "Net Income": 2
    },
    "2019-12-31": {
        "Diluted EPS": 0.09,
        "Total Revenue": 67,
        "Gross Profit": 51,
        "Operating Income": 6,
        "EBIT": NaN,
        "Net Income": 3
    },
    "2019-09-30": {
        "Diluted EPS": 0.4,
        "Total Revenue": 69,
        "Gross Profit": 51,
        "Operating Income": 17,
        "EBIT": NaN,
        "Net Income": 12
    },
    "2019-06-30": {
        "Diluted EPS": 0.09,
        "Total Revenue": 69,
        "Gross Profit": 51,
        "Operating Income": 4,
        "EBIT": NaN,
        "Net Income": 3
    },
    "2019-03-31": {
        "Diluted EPS": 0.48,
        "Total Revenue": 69,
        "Gross Profit": 51,
        "Operating Income": 21,
        "EBIT": NaN,
        "Net Income": 15
    },
    "2018-12-31": {
        "Diluted EPS": 0.35,
        "Total Revenue": 68,
        "Gross Profit": 52,
        "Operating Income": 20,
        "EBIT": NaN,
        "Net Income": 11
    },
    "2018-09-30": {
        "Diluted EPS": 0.5,
        "Total Revenue": 66,
        "Gross Profit": 52,
        "Operating Income": 22,
        "EBIT": NaN,
        "Net Income": 16
    },
    "2018-06-30": {
        "Diluted EPS": 0.48,
        "Total Revenue": 63,
        "Gross Profit": 51,
        "Operating Income": 21,
        "EBIT": NaN,
        "Net Income": 15
    },
    "2018-03-31": {
        "Diluted EPS": 0.46,
        "Total Revenue": 61,
        "Gross Profit": 51,
        "Operating Income": 21,
        "EBIT": NaN,
        "Net Income": 15
    },
    "2017-12-31": {
        "Diluted EPS": 0.35,
        "Total Revenue": 63,
        "Gross Profit": 54,
        "Operating Income": 25,
        "EBIT": NaN,
        "Net Income": 11
    },
    "2017-09-30": {
        "Diluted EPS": 0.46,
        "Total Revenue": 63,
        "Gross Profit": 54,
        "Operating Income": 25,
        "EBIT": NaN,
        "Net Income": 15
    },
    "2017-06-30": {
        "Diluted EPS": 0.45,
        "Total Revenue": 61,
        "Gross Profit": 53,
        "Operating Income": 24,
        "EBIT": NaN,
        "Net Income": 14
    },
    "2017-03-31": {
        "Diluted EPS": 0.43,
        "Total Revenue": 56,
        "Gross Profit": 50,
        "Operating Income": 22,
        "EBIT": NaN,
        "Net Income": 14
    },
    "2016-12-31": {
        "Diluted EPS": 0.44,
        "Total Revenue": 55,
        "Gross Profit": 50,
        "Operating Income": 24,
        "EBIT": NaN,
        "Net Income": 14
    },
    "2016-09-30": {
        "Diluted EPS": 0.41,
        "Total Revenue": 53,
        "Gross Profit": 48,
        "Operating Income": 21,
        "EBIT": NaN,
        "Net Income": 13
    },
    "2016-06-30": {
        "Diluted EPS": 0.44,
        "Total Revenue": 54,
        "Gross Profit": 49,
        "Operating Income": 23,
        "EBIT": NaN,
        "Net Income": 14
    },
    "2016-03-31": {
        "Diluted EPS": 0.46,
        "Total Revenue": 50,
        "Gross Profit": 46,
        "Operating Income": 21,
        "EBIT": NaN,
        "Net Income": 15
    },
    "2015-12-31": {
        "Diluted EPS": 0.45,
        "Total Revenue": 54,
        "Gross Profit": 50,
        "Operating Income": 26,
        "EBIT": NaN,
        "Net Income": 15
    },
    "2015-09-30": {
        "Diluted EPS": 0.44,
        "Total Revenue": 54,
        "Gross Profit": 50,
        "Operating Income": 25,
        "EBIT": NaN,
        "Net Income": 14
    },
    "2015-06-30": {
        "Diluted EPS": 0.44,
        "Total Revenue": 52,
        "Gross Profit": 48,
        "Operating Income": 24,
        "EBIT": NaN,
        "Net Income": 14
    },
    "2015-03-31": {
        "Diluted EPS": 0.35,
        "Total Revenue": 52,
        "Gross Profit": 48,
        "Operating Income": 20,
        "EBIT": NaN,
        "Net Income": 11
    },
    "2014-12-31": {
        "Diluted EPS": 0.19,
        "Total Revenue": 50,
        "Gross Profit": 46,
        "Operating Income": 11,
        "EBIT": NaN,
        "Net Income": 6
    },
    "2014-09-30": {
        "Diluted EPS": 0.68,
        "Total Revenue": 56,
        "Gross Profit": 53,
        "Operating Income": 31,
        "EBIT": NaN,
        "Net Income": 22
    },
    "2014-06-30": {
        "Diluted EPS": 0.35,
        "Total Revenue": 36,
        "Gross Profit": 33,
        "Operating Income": 18,
        "EBIT": NaN,
        "Net Income": 11
    },
    "2014-03-31": {
        "Diluted EPS": 0.34,
        "Total Revenue": 37,
        "Gross Profit": 33,
        "Operating Income": 19,
        "EBIT": NaN,
        "Net Income": 11
    },
    "2013-12-31": {
        "Diluted EPS": 0.31,
        "Total Revenue": 34,
        "Gross Profit": 31,
        "Operating Income": 16,
        "EBIT": NaN,
        "Net Income": 10
    },
    "2013-09-30": {
        "Diluted EPS": 0.33,
        "Total Revenue": 38,
        "Gross Profit": 35,
        "Operating Income": 17,
        "EBIT": NaN,
        "Net Income": 10
    },
    "2013-06-30": {
        "Diluted EPS": 0.3,
        "Total Revenue": 37,
        "Gross Profit": 34,
        "Operating Income": 15,
        "EBIT": NaN,
        "Net Income": 9
    },
    "2013-03-31": {
        "Diluted EPS": 0.32,
        "Total Revenue": 38,
        "Gross Profit": 34,
        "Operating Income": 15,
        "EBIT": NaN,
        "Net Income": 10
    },
    "2012-12-31": {
        "Diluted EPS": 0.45,
        "Total Revenue": 32,
        "Gross Profit": 28,
        "Operating Income": 15,
        "EBIT": NaN,
        "Net Income": 14
    },
    "2012-09-30": {
        "Diluted EPS": 0.42,
        "Total Revenue": 36,
        "Gross Profit": 31,
        "Operating Income": 13,
        "EBIT": NaN,
        "Net Income": 13
    },
    "2012-06-30": {
        "Diluted EPS": 1.77,
        "Total Revenue": 37,
        "Gross Profit": 32,
        "Operating Income": 9,
        "EBIT": NaN,
        "Net Income": 56
    },
    "2012-03-31": {
        "Diluted EPS": 0.23,
        "Total Revenue": 34,
        "Gross Profit": 28,
        "Operating Income": 7,
        "EBIT": NaN,
        "Net Income": 7
    },
    "2011-12-31": {
        "Diluted EPS": 0.19,
        "Total Revenue": 37,
        "Gross Profit": 31,
        "Operating Income": 6,
        "EBIT": NaN,
        "Net Income": 6
    },
    "2011-09-30": {
        "Diluted EPS": 0.22,
        "Total Revenue": 38,
        "Gross Profit": 31,
        "Operating Income": 4,
        "EBIT": NaN,
        "Net Income": 4
    },
    "2011-06-30": {
        "Diluted EPS": 0.42,
        "Total Revenue": 39,
        "Gross Profit": 31,
        "Operating Income": 9,
        "EBIT": NaN,
        "Net Income": 8
    },
    "2011-03-31": {
        "Diluted EPS": 0.55,
        "Total Revenue": 39,
        "Gross Profit": 32,
        "Operating Income": 11,
        "EBIT": NaN,
        "Net Income": 10
    },
    "2010-12-31": {
        "Diluted EPS": 5.82,
        "Total Revenue": 41,
        "Gross Profit": 32,
        "Operating Income": 5,
        "EBIT": NaN,
        "Net Income": 5
    },
    "2010-09-30": {
        "Diluted EPS": -0.96,
        "Total Revenue": 41,
        "Gross Profit": 32,
        "Operating Income": -14,
        "EBIT": NaN,
        "Net Income": -15
    },
    "2010-06-30": {
        "Diluted EPS": -4.56,
        "Total Revenue": 43,
        "Gross Profit": 33,
        "Operating Income": -29,
        "EBIT": NaN,
        "Net Income": -29
    },
    "2010-03-31": {
        "Diluted EPS": -7.76,
        "Total Revenue": 45,
        "Gross Profit": 34,
        "Operating Income": -50,
        "EBIT": NaN,
        "Net Income": -49
    },
    "2009-12-31": {
        "Diluted EPS": -5.84,
        "Total Revenue": 51,
        "Gross Profit": 36,
        "Operating Income": -63,
        "EBIT": NaN,
        "Net Income": -36
    },
    "2009-09-30": {
        "Diluted EPS": -10.08,
        "Total Revenue": 54,
        "Gross Profit": 35,
        "Operating Income": -38,
        "EBIT": NaN,
        "Net Income": -60
    },
    "2009-06-30": {
        "Diluted EPS": -1.68,
        "Total Revenue": 55,
        "Gross Profit": 31,
        "Operating Income": -19,
        "EBIT": NaN,
        "Net Income": -10
    },
    "2009-03-31": {
        "Diluted EPS": -2.96,
        "Total Revenue": 56,
        "Gross Profit": 32,
        "Operating Income": -33,
        "EBIT": NaN,
        "Net Income": -17
    },
    "2023-09-30": {
        "Tax Effect Of Unusual Items": NaN,
        "Tax Rate For Calcs": NaN,
        "Total Unusual Items": 4000000.0,
        "Total Unusual Items Excluding Goodwill": 4000000.0,
        "Net Income From Continuing Operation Net Minority Interest": NaN,
        "Reconciled Depreciation": NaN,
        "Net Interest Income": NaN,
        "Interest Expense": NaN,
        "Interest Income": NaN,
        "Normalized Income": NaN,
        "Net Income From Continuing And Discontinued Operation": NaN,
        "Diluted Average Shares": NaN,
        "Basic Average Shares": NaN,
        "Diluted EPS": NaN,
        "Basic EPS": NaN,
        "Diluted NI Availto Com Stockholders": NaN,
        "Net Income Common Stockholders": NaN,
        "Otherunder Preferred Stock Dividend": NaN,
        "Net Income": NaN,
        "Net Income Including Noncontrolling Interests": NaN,
        "Net Income Continuous Operations": NaN,
        "Tax Provision": NaN,
        "Pretax Income": NaN,
        "Special Income Charges": 4000000.0,
        "Other Special Charges": -4000000.0,
        "Gain On Sale Of Security": NaN,
        "Selling General And Administration": NaN,
        "Selling And Marketing Expense": NaN,
        "General And Administrative Expense": NaN,
        "Salaries And Wages": NaN,
        "Total Revenue": NaN,
        "Operating Revenue": NaN,
        "Occupancy And Equipment": NaN,
        "Professional Expense And Contract Services Expense": NaN,
        "Other Non Interest Expense": NaN
    },
    "2023-12-31": {
        "Tax Effect Of Unusual Items": NaN,
        "Tax Rate For Calcs": NaN,
        "Total Unusual Items": 0.0,
        "Total Unusual Items Excluding Goodwill": 0.0,
        "Net Income From Continuing Operation Net Minority Interest": NaN,
        "Reconciled Depreciation": NaN,
        "Net Interest Income": NaN,
        "Interest Expense": NaN,
        "Interest Income": NaN,
        "Normalized Income": NaN,
        "Net Income From Continuing And Discontinued Operation": NaN,
        "Diluted Average Shares": NaN,
        "Basic Average Shares": NaN,
        "Diluted EPS": NaN,
        "Basic EPS": NaN,
        "Diluted NI Availto Com Stockholders": NaN,
        "Net Income Common Stockholders": NaN,
        "Otherunder Preferred Stock Dividend": NaN,
        "Net Income": NaN,
        "Net Income Including Noncontrolling Interests": NaN,
        "Net Income Continuous Operations": NaN,
        "Tax Provision": NaN,
        "Pretax Income": NaN,
        "Special Income Charges": 0.0,
        "Other Special Charges": 0.0,
        "Gain On Sale Of Security": NaN,
        "Selling General And Administration": NaN,
        "Selling And Marketing Expense": NaN,
        "General And Administrative Expense": NaN,
        "Salaries And Wages": NaN,
        "Total Revenue": NaN,
        "Operating Revenue": NaN,
        "Occupancy And Equipment": NaN,
        "Professional Expense And Contract Services Expense": NaN,
        "Other Non Interest Expense": NaN
    },
    "2024-03-31": {
        "Tax Effect Of Unusual Items": 0.0,
        "Tax Rate For Calcs": 0.302,
        "Total Unusual Items": NaN,
        "Total Unusual Items Excluding Goodwill": NaN,
        "Net Income From Continuing Operation Net Minority Interest": 15164000.0,
        "Reconciled Depreciation": 1604000.0,
        "Net Interest Income": 50294000.0,
        "Interest Expense": 48939000.0,
        "Interest Income": 99233000.0,
        "Normalized Income": 15164000.0,
        "Net Income From Continuing And Discontinued Operation": 15164000.0,
        "Diluted Average Shares": NaN,
        "Basic Average Shares": NaN,
        "Diluted EPS": NaN,
        "Basic EPS": NaN,
        "Diluted NI Availto Com Stockholders": 15072000.0,
        "Net Income Common Stockholders": 15072000.0,
        "Otherunder Preferred Stock Dividend": 92000.0,
        "Net Income": 15164000.0,
        "Net Income Including Noncontrolling Interests": 15164000.0,
        "Net Income Continuous Operations": 15164000.0,
        "Tax Provision": 6552000.0,
        "Pretax Income": 21716000.0,
        "Special Income Charges": NaN,
        "Other Special Charges": NaN,
        "Gain On Sale Of Security": 0.0,
        "Selling General And Administration": 22492000.0,
        "Selling And Marketing Expense": 907000.0,
        "General And Administrative Expense": 21585000.0,
        "Salaries And Wages": 21585000.0,
        "Total Revenue": 58388000.0,
        "Operating Revenue": 58388000.0,
        "Occupancy And Equipment": 4537000.0,
        "Professional Expense And Contract Services Expense": 1893000.0,
        "Other Non Interest Expense": 7523000.0
    },
    "2024-06-30": {
        "Tax Effect Of Unusual Items": NaN,
        "Tax Rate For Calcs": NaN,
        "Total Unusual Items": 0.0,
        "Total Unusual Items Excluding Goodwill": 0.0,
        "Net Income From Continuing Operation Net Minority Interest": NaN,
        "Reconciled Depreciation": NaN,
        "Net Interest Income": NaN,
        "Interest Expense": NaN,
        "Interest Income": NaN,
        "Normalized Income": NaN,
        "Net Income From Continuing And Discontinued Operation": NaN,
        "Diluted Average Shares": NaN,
        "Basic Average Shares": NaN,
        "Diluted EPS": NaN,
        "Basic EPS": NaN,
        "Diluted NI Availto Com Stockholders": NaN,
        "Net Income Common Stockholders": NaN,
        "Otherunder Preferred Stock Dividend": NaN,
        "Net Income": NaN,
        "Net Income Including Noncontrolling Interests": NaN,
        "Net Income Continuous Operations": NaN,
        "Tax Provision": NaN,
        "Pretax Income": NaN,
        "Special Income Charges": 0.0,
        "Other Special Charges": NaN,
        "Gain On Sale Of Security": NaN,
        "Selling General And Administration": NaN,
        "Selling And Marketing Expense": NaN,
        "General And Administrative Expense": NaN,
        "Salaries And Wages": NaN,
        "Total Revenue": NaN,
        "Operating Revenue": NaN,
        "Occupancy And Equipment": NaN,
        "Professional Expense And Contract Services Expense": NaN,
        "Other Non Interest Expense": NaN
    },
    "2024-09-30": {
        "Tax Effect Of Unusual Items": 253688.396535,
        "Tax Rate For Calcs": 0.294987,
        "Total Unusual Items": 860000.0,
        "Total Unusual Items Excluding Goodwill": 860000.0,
        "Net Income From Continuing Operation Net Minority Interest": 14892000.0,
        "Reconciled Depreciation": -777000.0,
        "Net Interest Income": 49695000.0,
        "Interest Expense": 50366000.0,
        "Interest Income": 100061000.0,
        "Normalized Income": 14285688.396535,
        "Net Income From Continuing And Discontinued Operation": 14892000.0,
        "Diluted Average Shares": 30033679.0,
        "Basic Average Shares": 29968004.0,
        "Diluted EPS": 0.49,
        "Basic EPS": 0.49,
        "Diluted NI Availto Com Stockholders": 14761000.0,
        "Net Income Common Stockholders": 14761000.0,
        "Otherunder Preferred Stock Dividend": 131000.0,
        "Net Income": 14892000.0,
        "Net Income Including Noncontrolling Interests": 14892000.0,
        "Net Income Continuous Operations": 14892000.0,
        "Tax Provision": 6231000.0,
        "Pretax Income": 21123000.0,
        "Special Income Charges": 860000.0,
        "Other Special Charges": -860000.0,
        "Gain On Sale Of Security": 0.0,
        "Selling General And Administration": 21482000.0,
        "Selling And Marketing Expense": 631000.0,
        "General And Administrative Expense": 20851000.0,
        "Salaries And Wages": 20851000.0,
        "Total Revenue": 57629000.0,
        "Operating Revenue": 57629000.0,
        "Occupancy And Equipment": 4499000.0,
        "Professional Expense And Contract Services Expense": 1492000.0,
        "Other Non Interest Expense": 7607000.0
    },
    "2024-12-31": {
        "Tax Effect Of Unusual Items": 0.0,
        "Tax Rate For Calcs": 0.301338,
        "Total Unusual Items": 0.0,
        "Total Unusual Items Excluding Goodwill": 0.0,
        "Net Income From Continuing Operation Net Minority Interest": 17695000.0,
        "Reconciled Depreciation": 1617000.0,
        "Net Interest Income": 53089000.0,
        "Interest Expense": 46663000.0,
        "Interest Income": 99752000.0,
        "Normalized Income": 17695000.0,
        "Net Income From Continuing And Discontinued Operation": 17695000.0,
        "Diluted Average Shares": 30011773.0,
        "Basic Average Shares": 29933644.0,
        "Diluted EPS": 0.58,
        "Basic EPS": 0.59,
        "Diluted NI Availto Com Stockholders": 17543000.0,
        "Net Income Common Stockholders": 17543000.0,
        "Otherunder Preferred Stock Dividend": 152000.0,
        "Net Income": 17695000.0,
        "Net Income Including Noncontrolling Interests": 17695000.0,
        "Net Income Continuous Operations": 17695000.0,
        "Tax Provision": 7632000.0,
        "Pretax Income": 25327000.0,
        "Special Income Charges": 0.0,
        "Other Special Charges": 0.0,
        "Gain On Sale Of Security": 0.0,
        "Selling General And Administration": 21319000.0,
        "Selling And Marketing Expense": 821000.0,
        "General And Administrative Expense": 20498000.0,
        "Salaries And Wages": 20498000.0,
        "Total Revenue": 60807000.0,
        "Operating Revenue": 60807000.0,
        "Occupancy And Equipment": 4202000.0,
        "Professional Expense And Contract Services Expense": 1822000.0,
        "Other Non Interest Expense": 7192000.0
    },
    "2025-03-31": {
        "Tax Effect Of Unusual Items": 0.0,
        "Tax Rate For Calcs": 0.296,
        "Total Unusual Items": NaN,
        "Total Unusual Items Excluding Goodwill": NaN,
        "Net Income From Continuing Operation Net Minority Interest": 17672000.0,
        "Reconciled Depreciation": 1592000.0,
        "Net Interest Income": 54732000.0,
        "Interest Expense": 44165000.0,
        "Interest Income": 98897000.0,
        "Normalized Income": 17672000.0,
        "Net Income From Continuing And Discontinued Operation": 17672000.0,
        "Diluted Average Shares": 30058248.0,
        "Basic Average Shares": 29937660.0,
        "Diluted EPS": 0.58,
        "Basic EPS": 0.59,
        "Diluted NI Availto Com Stockholders": 17524000.0,
        "Net Income Common Stockholders": 17524000.0,
        "Otherunder Preferred Stock Dividend": 148000.0,
        "Net Income": 17672000.0,
        "Net Income Including Noncontrolling Interests": 17672000.0,
        "Net Income Continuous Operations": 17672000.0,
        "Tax Provision": 7441000.0,
        "Pretax Income": 25113000.0,
        "Special Income Charges": NaN,
        "Other Special Charges": NaN,
        "Gain On Sale Of Security": 0.0,
        "Selling General And Administration": 21557000.0,
        "Selling And Marketing Expense": 585000.0,
        "General And Administrative Expense": 20972000.0,
        "Salaries And Wages": 20972000.0,
        "Total Revenue": 62818000.0,
        "Operating Revenue": 62818000.0,
        "Occupancy And Equipment": 4450000.0,
        "Professional Expense And Contract Services Expense": 1468000.0,
        "Other Non Interest Expense": 7509000.0
    },
    "2025-06-30": {
        "Tax Effect Of Unusual Items": 0.0,
        "Tax Rate For Calcs": 0.288,
        "Total Unusual Items": NaN,
        "Total Unusual Items Excluding Goodwill": NaN,
        "Net Income From Continuing Operation Net Minority Interest": 15117000.0,
        "Reconciled Depreciation": 1652000.0,
        "Net Interest Income": 56785000.0,
        "Interest Expense": 44194000.0,
        "Interest Income": 100979000.0,
        "Normalized Income": 15117000.0,
        "Net Income From Continuing And Discontinued Operation": 15117000.0,
        "Diluted Average Shares": 30054456.0,
        "Basic Average Shares": 29948836.0,
        "Diluted EPS": 0.5,
        "Basic EPS": 0.5,
        "Diluted NI Availto Com Stockholders": 14995000.0,
        "Net Income Common Stockholders": 14995000.0,
        "Otherunder Preferred Stock Dividend": 122000.0,
        "Net Income": 15117000.0,
        "Net Income Including Noncontrolling Interests": 15117000.0,
        "Net Income Continuous Operations": 15117000.0,
        "Tax Provision": 6115000.0,
        "Pretax Income": 21232000.0,
        "Special Income Charges": NaN,
        "Other Special Charges": NaN,
        "Gain On Sale Of Security": 0.0,
        "Selling General And Administration": 22867000.0,
        "Selling And Marketing Expense": 798000.0,
        "General And Administrative Expense": 22069000.0,
        "Salaries And Wages": 22069000.0,
        "Total Revenue": 65210000.0,
        "Operating Revenue": 65210000.0,
        "Occupancy And Equipment": 4344000.0,
        "Professional Expense And Contract Services Expense": 1725000.0,
        "Other Non Interest Expense": 7411000.0
    },
    "2025-09-30": {
        "Tax Effect Of Unusual Items": 0.0,
        "Tax Rate For Calcs": 0.298693,
        "Total Unusual Items": 0.0,
        "Total Unusual Items Excluding Goodwill": 0.0,
        "Net Income From Continuing Operation Net Minority Interest": 22061000.0,
        "Reconciled Depreciation": -786000.0,
        "Net Interest Income": 60722000.0,
        "Interest Expense": 44147000.0,
        "Interest Income": 104869000.0,
        "Normalized Income": 22061000.0,
        "Net Income From Continuing And Discontinued Operation": 22061000.0,
        "Diluted Average Shares": 29880865.0,
        "Basic Average Shares": 29830475.0,
        "Diluted EPS": 0.73,
        "Basic EPS": 0.73,
        "Diluted NI Availto Com Stockholders": 21885000.0,
        "Net Income Common Stockholders": 21885000.0,
        "Otherunder Preferred Stock Dividend": 176000.0,
        "Net Income": 22061000.0,
        "Net Income Including Noncontrolling Interests": 22061000.0,
        "Net Income Continuous Operations": 22061000.0,
        "Tax Provision": 9396000.0,
        "Pretax Income": 31457000.0,
        "Special Income Charges": 0.0,
        "Other Special Charges": NaN,
        "Gain On Sale Of Security": 0.0,
        "Selling General And Administration": 22875000.0,
        "Selling And Marketing Expense": 712000.0,
        "General And Administrative Expense": 22163000.0,
        "Salaries And Wages": 22163000.0,
        "Total Revenue": 70959000.0,
        "Operating Revenue": 70959000.0,
        "Occupancy And Equipment": 4507000.0,
        "Professional Expense And Contract Services Expense": 1978000.0,
        "Other Non Interest Expense": 7997000.0
    }
}