{
    "2023-03-31": {
        "Tax Effect Of Unusual Items": NaN,
        "Tax Rate For Calcs": NaN,
        "Normalized EBITDA": NaN,
        "Total Unusual Items": NaN,
        "Total Unusual Items Excluding Goodwill": NaN,
        "Net Income From Continuing Operation Net Minority Interest": NaN,
        "Reconciled Depreciation": NaN,
        "Reconciled Cost Of Revenue": NaN,
        "EBITDA": NaN,
        "EBIT": NaN,
        "Net Interest Income": NaN,
        "Interest Expense": NaN,
        "Normalized Income": NaN,
        "Net Income From Continuing And Discontinued Operation": NaN,
        "Total Expenses": NaN,
        "Total Operating Income As Reported": NaN,
        "Diluted Average Shares": 89421000.0,
        "Basic Average Shares": 89421000.0,
        "Diluted EPS": -1.29,
        "Basic EPS": -1.29,
        "Diluted NI Availto Com Stockholders": NaN,
        "Net Income Common Stockholders": NaN,
        "Net Income": NaN,
        "Net Income Including Noncontrolling Interests": NaN,
        "Net Income Continuous Operations": NaN,
        "Earnings From Equity Interest Net Of Tax": NaN,
        "Tax Provision": NaN,
        "Pretax Income": NaN,
        "Other Income Expense": NaN,
        "Other Non Operating Income Expenses": NaN,
        "Special Income Charges": NaN,
        "Write Off": NaN,
        "Impairment Of Capital Assets": 156583000.0,
        "Restructuring And Mergern Acquisition": NaN,
        "Net Non Operating Interest Income Expense": NaN,
        "Interest Expense Non Operating": NaN,
        "Operating Income": NaN,
        "Operating Expense": NaN,
        "Depreciation Amortization Depletion Income Statement": NaN,
        "Depreciation And Amortization In Income Statement": NaN,
        "Amortization": NaN,
        "Amortization Of Intangibles Income Statement": NaN,
        "Selling General And Administration": NaN,
        "Gross Profit": NaN,
        "Cost Of Revenue": NaN,
        "Total Revenue": NaN,
        "Operating Revenue": NaN
    },
    "2022-12-31": {
        "Tax Effect Of Unusual Items": NaN,
        "Tax Rate For Calcs": NaN,
        "Normalized EBITDA": NaN,
        "Total Unusual Items": NaN,
        "Total Unusual Items Excluding Goodwill": NaN,
        "Net Income From Continuing Operation Net Minority Interest": NaN,
        "Reconciled Depreciation": NaN,
        "Reconciled Cost Of Revenue": NaN,
        "EBITDA": NaN,
        "EBIT": NaN,
        "Net Interest Income": NaN,
        "Interest Expense": NaN,
        "Normalized Income": NaN,
        "Net Income From Continuing And Discontinued Operation": NaN,
        "Total Expenses": NaN,
        "Total Operating Income As Reported": NaN,
        "Diluted Average Shares": NaN,
        "Basic Average Shares": NaN,
        "Diluted EPS": NaN,
        "Basic EPS": NaN,
        "Diluted NI Availto Com Stockholders": NaN,
        "Net Income Common Stockholders": NaN,
        "Net Income": NaN,
        "Net Income Including Noncontrolling Interests": NaN,
        "Net Income Continuous Operations": NaN,
        "Earnings From Equity Interest Net Of Tax": NaN,
        "Tax Provision": NaN,
        "Pretax Income": NaN,
        "Other Income Expense": NaN,
        "Other Non Operating Income Expenses": NaN,
        "Special Income Charges": NaN,
        "Write Off": NaN,
        "Impairment Of Capital Assets": 340000.0,
        "Restructuring And Mergern Acquisition": NaN,
        "Net Non Operating Interest Income Expense": NaN,
        "Interest Expense Non Operating": NaN,
        "Operating Income": NaN,
        "Operating Expense": NaN,
        "Depreciation Amortization Depletion Income Statement": NaN,
        "Depreciation And Amortization In Income Statement": NaN,
        "Amortization": NaN,
        "Amortization Of Intangibles Income Statement": NaN,
        "Selling General And Administration": NaN,
        "Gross Profit": NaN,
        "Cost Of Revenue": NaN,
        "Total Revenue": NaN,
        "Operating Revenue": NaN
    },
    "2022-09-30": {
        "Tax Effect Of Unusual Items": NaN,
        "Tax Rate For Calcs": NaN,
        "Normalized EBITDA": NaN,
        "Total Unusual Items": NaN,
        "Total Unusual Items Excluding Goodwill": NaN,
        "Net Income From Continuing Operation Net Minority Interest": NaN,
        "Reconciled Depreciation": NaN,
        "Reconciled Cost Of Revenue": NaN,
        "EBITDA": NaN,
        "EBIT": NaN,
        "Net Interest Income": NaN,
        "Interest Expense": NaN,
        "Normalized Income": NaN,
        "Net Income From Continuing And Discontinued Operation": NaN,
        "Total Expenses": NaN,
        "Total Operating Income As Reported": NaN,
        "Diluted Average Shares": NaN,
        "Basic Average Shares": NaN,
        "Diluted EPS": NaN,
        "Basic EPS": NaN,
        "Diluted NI Availto Com Stockholders": NaN,
        "Net Income Common Stockholders": NaN,
        "Net Income": NaN,
        "Net Income Including Noncontrolling Interests": NaN,
        "Net Income Continuous Operations": NaN,
        "Earnings From Equity Interest Net Of Tax": NaN,
        "Tax Provision": NaN,
        "Pretax Income": NaN,
        "Other Income Expense": NaN,
        "Other Non Operating Income Expenses": NaN,
        "Special Income Charges": NaN,
        "Write Off": 0.0,
        "Impairment Of Capital Assets": NaN,
        "Restructuring And Mergern Acquisition": NaN,
        "Net Non Operating Interest Income Expense": NaN,
        "Interest Expense Non Operating": NaN,
        "Operating Income": NaN,
        "Operating Expense": NaN,
        "Depreciation Amortization Depletion Income Statement": NaN,
        "Depreciation And Amortization In Income Statement": NaN,
        "Amortization": NaN,
        "Amortization Of Intangibles Income Statement": NaN,
        "Selling General And Administration": NaN,
        "Gross Profit": NaN,
        "Cost Of Revenue": NaN,
        "Total Revenue": NaN,
        "Operating Revenue": NaN
    },
    "2022-06-30": {
        "Tax Effect Of Unusual Items": -1330400.0,
        "Tax Rate For Calcs": 0.4,
        "Normalized EBITDA": 28538000.0,
        "Total Unusual Items": -3326000.0,
        "Total Unusual Items Excluding Goodwill": -3326000.0,
        "Net Income From Continuing Operation Net Minority Interest": 3042000.0,
        "Reconciled Depreciation": 12453000.0,
        "Reconciled Cost Of Revenue": 358492000.0,
        "EBITDA": 25212000.0,
        "EBIT": 12759000.0,
        "Net Interest Income": -4898000.0,
        "Interest Expense": 4898000.0,
        "Normalized Income": 5037600.0,
        "Net Income From Continuing And Discontinued Operation": 3042000.0,
        "Total Expenses": 441735000.0,
        "Total Operating Income As Reported": 11949000.0,
        "Diluted Average Shares": 89823000.0,
        "Basic Average Shares": 89659000.0,
        "Diluted EPS": 0.03,
        "Basic EPS": 0.03,
        "Diluted NI Availto Com Stockholders": 3042000.0,
        "Net Income Common Stockholders": 3042000.0,
        "Net Income": 3042000.0,
        "Net Income Including Noncontrolling Interests": 3042000.0,
        "Net Income Discontinuous Operations": 0.0,
        "Net Income Continuous Operations": 3042000.0,
        "Earnings From Equity Interest Net Of Tax": -1528000.0,
        "Tax Provision": 3291000.0,
        "Pretax Income": 7861000.0,
        "Other Income Expense": -2516000.0,
        "Other Non Operating Income Expenses": 810000.0,
        "Special Income Charges": -3326000.0,
        "Other Special Charges": 0.0,
        "Impairment Of Capital Assets": 1600000.0,
        "Restructuring And Mergern Acquisition": 1726000.0,
        "Net Non Operating Interest Income Expense": -4898000.0,
        "Interest Expense Non Operating": 4898000.0,
        "Operating Income": 15275000.0,
        "Operating Expense": 73750000.0,
        "Depreciation Amortization Depletion Income Statement": 2960000.0,
        "Depreciation And Amortization In Income Statement": 2960000.0,
        "Amortization": 2960000.0,
        "Amortization Of Intangibles Income Statement": 2960000.0,
        "Selling General And Administration": 70790000.0,
        "Gross Profit": 89025000.0,
        "Cost Of Revenue": 367985000.0,
        "Total Revenue": 457010000.0,
        "Operating Revenue": 457010000.0
    },
    "2022-03-31": {
        "Diluted EPS": 0.27,
        "Total Revenue": 503,
        "Gross Profit": 116,
        "Operating Income": 35,
        "EBIT": 48,
        "Net Income": 25
    },
    "2021-12-31": {
        "Diluted EPS": 0.33,
        "Total Revenue": 477,
        "Gross Profit": 117,
        "Operating Income": 32,
        "EBIT": 43,
        "Net Income": 31
    },
    "2021-09-30": {
        "Diluted EPS": 0.2,
        "Total Revenue": 455,
        "Gross Profit": 105,
        "Operating Income": 26,
        "EBIT": 36,
        "Net Income": 19
    },
    "2021-06-30": {
        "Diluted EPS": 0.4,
        "Total Revenue": 451,
        "Gross Profit": 113,
        "Operating Income": 42,
        "EBIT": 53,
        "Net Income": 40
    },
    "2021-03-31": {
        "Diluted EPS": 0.34,
        "Total Revenue": 493,
        "Gross Profit": 130,
        "Operating Income": 50,
        "EBIT": 62,
        "Net Income": 34
    },
    "2020-12-31": {
        "Diluted EPS": 0.02,
        "Total Revenue": 528,
        "Gross Profit": 130,
        "Operating Income": 13,
        "EBIT": 24,
        "Net Income": 2
    },
    "2020-09-30": {
        "Diluted EPS": 0.01,
        "Total Revenue": 499,
        "Gross Profit": 119,
        "Operating Income": 3,
        "EBIT": 17,
        "Net Income": 0
    },
    "2020-06-30": {
        "Diluted EPS": 0.04,
        "Total Revenue": 512,
        "Gross Profit": 130,
        "Operating Income": 25,
        "EBIT": 38,
        "Net Income": 3
    },
    "2020-03-31": {
        "Diluted EPS": 0.23,
        "Total Revenue": 553,
        "Gross Profit": 132,
        "Operating Income": 19,
        "EBIT": 32,
        "Net Income": 24
    },
    "2019-12-31": {
        "Diluted EPS": -0.01,
        "Total Revenue": 507,
        "Gross Profit": 106,
        "Operating Income": 9,
        "EBIT": 22,
        "Net Income": -1
    },
    "2019-09-30": {
        "Diluted EPS": -1.03,
        "Total Revenue": 482,
        "Gross Profit": 98,
        "Operating Income": 2,
        "EBIT": 16,
        "Net Income": -107
    },
    "2019-06-30": {
        "Diluted EPS": -0.13,
        "Total Revenue": 505,
        "Gross Profit": 95,
        "Operating Income": -3,
        "EBIT": 11,
        "Net Income": -14
    },
    "2019-03-31": {
        "Diluted EPS": -0.63,
        "Total Revenue": 547,
        "Gross Profit": 113,
        "Operating Income": 19,
        "EBIT": 31,
        "Net Income": -66
    },
    "2018-12-31": {
        "Diluted EPS": -0.64,
        "Total Revenue": 534,
        "Gross Profit": 101,
        "Operating Income": -21,
        "EBIT": -9,
        "Net Income": -67
    },
    "2018-09-30": {
        "Diluted EPS": -0.36,
        "Total Revenue": 518,
        "Gross Profit": 89,
        "Operating Income": -28,
        "EBIT": -15,
        "Net Income": -37
    },
    "2018-06-30": {
        "Diluted EPS": -0.67,
        "Total Revenue": 427,
        "Gross Profit": 77,
        "Operating Income": -3,
        "EBIT": 14,
        "Net Income": -70
    },
    "2018-03-31": {
        "Diluted EPS": 0.12,
        "Total Revenue": 633,
        "Gross Profit": 133,
        "Operating Income": 29,
        "EBIT": 44,
        "Net Income": 13
    },
    "2017-12-31": {
        "Diluted EPS": 0.45,
        "Total Revenue": 616,
        "Gross Profit": 134,
        "Operating Income": 31,
        "EBIT": 46,
        "Net Income": 47
    },
    "2017-09-30": {
        "Diluted EPS": 0.19,
        "Total Revenue": 589,
        "Gross Profit": 123,
        "Operating Income": 29,
        "EBIT": 44,
        "Net Income": 20
    },
    "2017-06-30": {
        "Diluted EPS": 0.01,
        "Total Revenue": 333,
        "Gross Profit": 132,
        "Operating Income": 5,
        "EBIT": 19,
        "Net Income": 0
    },
    "2017-03-31": {
        "Diluted EPS": 0.3,
        "Total Revenue": 589,
        "Gross Profit": 139,
        "Operating Income": 50,
        "EBIT": 60,
        "Net Income": 31
    },
    "2016-12-31": {
        "Diluted EPS": 0.26,
        "Total Revenue": 740,
        "Gross Profit": 138,
        "Operating Income": 41,
        "EBIT": 58,
        "Net Income": 27
    },
    "2016-09-30": {
        "Diluted EPS": 0.08,
        "Total Revenue": 681,
        "Gross Profit": 110,
        "Operating Income": 14,
        "EBIT": 31,
        "Net Income": 9
    },
    "2016-06-30": {
        "Diluted EPS": -0.85,
        "Total Revenue": 245,
        "Gross Profit": 101,
        "Operating Income": -97,
        "EBIT": -86,
        "Net Income": -89
    },
    "2016-03-31": {
        "Diluted EPS": 0.47,
        "Total Revenue": 737,
        "Gross Profit": 160,
        "Operating Income": 71,
        "EBIT": 87,
        "Net Income": 49
    },
    "2015-12-31": {
        "Diluted EPS": 0.56,
        "Total Revenue": 743,
        "Gross Profit": 166,
        "Operating Income": 90,
        "EBIT": 106,
        "Net Income": 58
    },
    "2015-09-30": {
        "Diluted EPS": 0.28,
        "Total Revenue": 668,
        "Gross Profit": 138,
        "Operating Income": 54,
        "EBIT": 70,
        "Net Income": 29
    },
    "2015-06-30": {
        "Diluted EPS": 0.67,
        "Total Revenue": 619,
        "Gross Profit": 112,
        "Operating Income": 71,
        "EBIT": 85,
        "Net Income": 68
    },
    "2015-03-31": {
        "Diluted EPS": 0.32,
        "Total Revenue": 663,
        "Gross Profit": 158,
        "Operating Income": 60,
        "EBIT": 74,
        "Net Income": 33
    },
    "2014-12-31": {
        "Diluted EPS": 0.43,
        "Total Revenue": 696,
        "Gross Profit": 167,
        "Operating Income": 74,
        "EBIT": 88,
        "Net Income": 45
    },
    "2014-09-30": {
        "Diluted EPS": 0.18,
        "Total Revenue": 631,
        "Gross Profit": 126,
        "Operating Income": 29,
        "EBIT": 43,
        "Net Income": 19
    },
    "2014-06-30": {
        "Diluted EPS": 0.26,
        "Total Revenue": 538,
        "Gross Profit": 113,
        "Operating Income": 49,
        "EBIT": 63,
        "Net Income": 26
    },
    "2014-03-31": {
        "Diluted EPS": 0.34,
        "Total Revenue": 557,
        "Gross Profit": 153,
        "Operating Income": 64,
        "EBIT": 76,
        "Net Income": 35
    },
    "2013-12-31": {
        "Diluted EPS": 0.42,
        "Total Revenue": 535,
        "Gross Profit": 143,
        "Operating Income": 64,
        "EBIT": 76,
        "Net Income": 41
    },
    "2013-09-30": {
        "Diluted EPS": 0.29,
        "Total Revenue": 477,
        "Gross Profit": 119,
        "Operating Income": 40,
        "EBIT": 50,
        "Net Income": 28
    },
    "2013-06-30": {
        "Diluted EPS": 0.28,
        "Total Revenue": 463,
        "Gross Profit": 123,
        "Operating Income": 40,
        "EBIT": 53,
        "Net Income": 26
    },
    "2013-03-31": {
        "Diluted EPS": 0.43,
        "Total Revenue": 456,
        "Gross Profit": 126,
        "Operating Income": 51,
        "EBIT": 61,
        "Net Income": 41
    },
    "2012-12-31": {
        "Diluted EPS": 0.34,
        "Total Revenue": 455,
        "Gross Profit": 131,
        "Operating Income": 51,
        "EBIT": 60,
        "Net Income": 32
    },
    "2012-09-30": {
        "Diluted EPS": 0.18,
        "Total Revenue": 360,
        "Gross Profit": 95,
        "Operating Income": 32,
        "EBIT": 40,
        "Net Income": 16
    },
    "2012-06-30": {
        "Diluted EPS": 0.26,
        "Total Revenue": 351,
        "Gross Profit": 93,
        "Operating Income": 50,
        "EBIT": 58,
        "Net Income": 23
    },
    "2012-03-31": {
        "Diluted EPS": 0.26,
        "Total Revenue": 376,
        "Gross Profit": 105,
        "Operating Income": 42,
        "EBIT": 49,
        "Net Income": 24
    },
    "2011-12-31": {
        "Diluted EPS": 0.22,
        "Total Revenue": 365,
        "Gross Profit": 105,
        "Operating Income": 36,
        "EBIT": 44,
        "Net Income": 20
    },
    "2011-09-30": {
        "Diluted EPS": 0.13,
        "Total Revenue": 287,
        "Gross Profit": 80,
        "Operating Income": 24,
        "EBIT": 30,
        "Net Income": 12
    },
    "2011-06-30": {
        "Diluted EPS": 0.14,
        "Total Revenue": 270,
        "Gross Profit": 82,
        "Operating Income": 32,
        "EBIT": 39,
        "Net Income": 13
    },
    "2011-03-31": {
        "Diluted EPS": 0.19,
        "Total Revenue": 288,
        "Gross Profit": 83,
        "Operating Income": 31,
        "EBIT": 37,
        "Net Income": 17
    },
    "2010-12-31": {
        "Diluted EPS": 0.19,
        "Total Revenue": 292,
        "Gross Profit": 85,
        "Operating Income": 30,
        "EBIT": 35,
        "Net Income": 16
    },
    "2010-09-30": {
        "Diluted EPS": 0.11,
        "Total Revenue": 258,
        "Gross Profit": 70,
        "Operating Income": 19,
        "EBIT": 24,
        "Net Income": 9
    },
    "2010-06-30": {
        "Diluted EPS": 0.08,
        "Total Revenue": 195,
        "Gross Profit": 56,
        "Operating Income": 22,
        "EBIT": 26,
        "Net Income": 7
    },
    "2010-03-31": {
        "Diluted EPS": 0.03,
        "Total Revenue": 222,
        "Gross Profit": 62,
        "Operating Income": 19,
        "EBIT": 24,
        "Net Income": 3
    },
    "2009-12-31": {
        "Diluted EPS": 0.14,
        "Total Revenue": 242,
        "Gross Profit": 70,
        "Operating Income": 22,
        "EBIT": 26,
        "Net Income": 11
    },
    "2009-09-30": {
        "Diluted EPS": 0.1,
        "Total Revenue": 230,
        "Gross Profit": 62,
        "Operating Income": 17,
        "EBIT": 22,
        "Net Income": 8
    },
    "2009-06-30": {
        "Diluted EPS": 0.02,
        "Total Revenue": 259,
        "Gross Profit": 47,
        "Operating Income": -3,
        "EBIT": 2,
        "Net Income": 1
    },
    "2009-03-31": {
        "Diluted EPS": -0.51,
        "Total Revenue": 265,
        "Gross Profit": 60,
        "Operating Income": -40,
        "EBIT": -35,
        "Net Income": -41
    },
    "2023-06-30": {
        "Tax Effect Of Unusual Items": NaN,
        "Tax Rate For Calcs": NaN,
        "Normalized EBITDA": NaN,
        "Total Unusual Items": NaN,
        "Total Unusual Items Excluding Goodwill": NaN,
        "Net Income From Continuing Operation Net Minority Interest": NaN,
        "Reconciled Depreciation": NaN,
        "Reconciled Cost Of Revenue": NaN,
        "EBITDA": NaN,
        "EBIT": NaN,
        "Net Interest Income": NaN,
        "Interest Expense": NaN,
        "Normalized Income": NaN,
        "Net Income From Continuing And Discontinued Operation": NaN,
        "Total Expenses": NaN,
        "Total Operating Income As Reported": NaN,
        "Diluted Average Shares": 89477000.0,
        "Basic Average Shares": 89477000.0,
        "Diluted EPS": -0.21,
        "Basic EPS": -0.21,
        "Diluted NI Availto Com Stockholders": NaN,
        "Net Income Common Stockholders": NaN,
        "Net Income": NaN,
        "Net Income Including Noncontrolling Interests": NaN,
        "Net Income Continuous Operations": NaN,
        "Earnings From Equity Interest Net Of Tax": NaN,
        "Tax Provision": NaN,
        "Pretax Income": NaN,
        "Other Income Expense": NaN,
        "Other Non Operating Income Expenses": NaN,
        "Special Income Charges": NaN,
        "Write Off": NaN,
        "Impairment Of Capital Assets": NaN,
        "Restructuring And Mergern Acquisition": NaN,
        "Net Non Operating Interest Income Expense": NaN,
        "Interest Expense Non Operating": NaN,
        "Operating Income": NaN,
        "Operating Expense": NaN,
        "Depreciation Amortization Depletion Income Statement": NaN,
        "Depreciation And Amortization In Income Statement": NaN,
        "Amortization": NaN,
        "Amortization Of Intangibles Income Statement": NaN,
        "Selling General And Administration": NaN,
        "Gross Profit": NaN,
        "Cost Of Revenue": NaN,
        "Total Revenue": NaN,
        "Operating Revenue": NaN
    },
    "2023-09-30": {
        "Tax Effect Of Unusual Items": NaN,
        "Tax Rate For Calcs": NaN,
        "Normalized EBITDA": NaN,
        "Total Unusual Items": NaN,
        "Total Unusual Items Excluding Goodwill": NaN,
        "Net Income From Continuing Operation Net Minority Interest": NaN,
        "Reconciled Depreciation": NaN,
        "Reconciled Cost Of Revenue": NaN,
        "EBITDA": NaN,
        "EBIT": NaN,
        "Net Interest Income": NaN,
        "Interest Expense": NaN,
        "Normalized Income": NaN,
        "Net Income From Continuing And Discontinued Operation": NaN,
        "Total Expenses": NaN,
        "Total Operating Income As Reported": NaN,
        "Diluted Average Shares": NaN,
        "Basic Average Shares": NaN,
        "Diluted EPS": NaN,
        "Basic EPS": NaN,
        "Diluted NI Availto Com Stockholders": NaN,
        "Net Income Common Stockholders": NaN,
        "Net Income": NaN,
        "Net Income Including Noncontrolling Interests": NaN,
        "Net Income Continuous Operations": NaN,
        "Earnings From Equity Interest Net Of Tax": NaN,
        "Tax Provision": NaN,
        "Pretax Income": NaN,
        "Other Income Expense": NaN,
        "Other Non Operating Income Expenses": NaN,
        "Special Income Charges": NaN,
        "Write Off": 694000.0,
        "Impairment Of Capital Assets": NaN,
        "Restructuring And Mergern Acquisition": NaN,
        "Net Non Operating Interest Income Expense": NaN,
        "Interest Expense Non Operating": NaN,
        "Operating Income": NaN,
        "Operating Expense": NaN,
        "Depreciation Amortization Depletion Income Statement": NaN,
        "Depreciation And Amortization In Income Statement": NaN,
        "Amortization": NaN,
        "Amortization Of Intangibles Income Statement": NaN,
        "Selling General And Administration": NaN,
        "Gross Profit": NaN,
        "Cost Of Revenue": NaN,
        "Total Revenue": NaN,
        "Operating Revenue": NaN
    },
    "2023-12-31": {
        "Tax Effect Of Unusual Items": -6938820.0,
        "Tax Rate For Calcs": 0.252,
        "Normalized EBITDA": 37993000.0,
        "Total Unusual Items": -27535000.0,
        "Total Unusual Items Excluding Goodwill": -27535000.0,
        "Net Income From Continuing Operation Net Minority Interest": -13535000.0,
        "Reconciled Depreciation": 11197000.0,
        "Reconciled Cost Of Revenue": 342197000.0,
        "EBITDA": 10458000.0,
        "EBIT": -739000.0,
        "Net Interest Income": -16138000.0,
        "Interest Expense": 16138000.0,
        "Normalized Income": 7061180.0,
        "Net Income From Continuing And Discontinued Operation": -13535000.0,
        "Total Expenses": 427346000.0,
        "Total Operating Income As Reported": -781000.0,
        "Diluted Average Shares": 89811000.0,
        "Basic Average Shares": 89811000.0,
        "Diluted EPS": -0.15,
        "Basic EPS": -0.15,
        "Diluted NI Availto Com Stockholders": -13535000.0,
        "Net Income Common Stockholders": -13535000.0,
        "Net Income": -13535000.0,
        "Net Income Including Noncontrolling Interests": -13535000.0,
        "Net Income Continuous Operations": -13535000.0,
        "Earnings From Equity Interest Net Of Tax": -907000.0,
        "Tax Provision": -4249000.0,
        "Pretax Income": -16877000.0,
        "Other Income Expense": -27493000.0,
        "Other Non Operating Income Expenses": 42000.0,
        "Special Income Charges": -27535000.0,
        "Write Off": NaN,
        "Impairment Of Capital Assets": 20666000.0,
        "Restructuring And Mergern Acquisition": 6869000.0,
        "Net Non Operating Interest Income Expense": -16138000.0,
        "Interest Expense Non Operating": 16138000.0,
        "Operating Income": 26754000.0,
        "Operating Expense": 75461000.0,
        "Depreciation Amortization Depletion Income Statement": 1509000.0,
        "Depreciation And Amortization In Income Statement": 1509000.0,
        "Amortization": 1509000.0,
        "Amortization Of Intangibles Income Statement": 1509000.0,
        "Selling General And Administration": 73952000.0,
        "Gross Profit": 102215000.0,
        "Cost Of Revenue": 351885000.0,
        "Total Revenue": 454100000.0,
        "Operating Revenue": 454100000.0
    },
    "2024-03-31": {
        "Tax Effect Of Unusual Items": -11886210.0,
        "Tax Rate For Calcs": 0.21,
        "Normalized EBITDA": 39458000.0,
        "Total Unusual Items": -56601000.0,
        "Total Unusual Items Excluding Goodwill": -56601000.0,
        "Net Income From Continuing Operation Net Minority Interest": -48194000.0,
        "Reconciled Depreciation": 10858000.0,
        "Reconciled Cost Of Revenue": 332084000.0,
        "EBITDA": -17143000.0,
        "EBIT": -28001000.0,
        "Net Interest Income": -14127000.0,
        "Interest Expense": 14127000.0,
        "Normalized Income": -3479210.0,
        "Net Income From Continuing And Discontinued Operation": -48194000.0,
        "Total Expenses": 409658000.0,
        "Total Operating Income As Reported": -27901000.0,
        "Diluted Average Shares": 89832000.0,
        "Basic Average Shares": 89832000.0,
        "Diluted EPS": -0.54,
        "Basic EPS": -0.54,
        "Diluted NI Availto Com Stockholders": -48194000.0,
        "Net Income Common Stockholders": -48194000.0,
        "Net Income": -48194000.0,
        "Net Income Including Noncontrolling Interests": -48194000.0,
        "Net Income Continuous Operations": -48194000.0,
        "Earnings From Equity Interest Net Of Tax": -966000.0,
        "Tax Provision": 5100000.0,
        "Pretax Income": -42128000.0,
        "Other Income Expense": -56701000.0,
        "Other Non Operating Income Expenses": -100000.0,
        "Special Income Charges": -56601000.0,
        "Impairment Of Capital Assets": 49426000.0,
        "Restructuring And Mergern Acquisition": 7175000.0,
        "Net Non Operating Interest Income Expense": -14127000.0,
        "Interest Expense Non Operating": 14127000.0,
        "Operating Income": 28700000.0,
        "Operating Expense": 67971000.0,
        "Depreciation Amortization Depletion Income Statement": 1255000.0,
        "Depreciation And Amortization In Income Statement": 1255000.0,
        "Amortization": 1255000.0,
        "Amortization Of Intangibles Income Statement": 1255000.0,
        "Selling General And Administration": 66716000.0,
        "Gross Profit": 96671000.0,
        "Cost Of Revenue": 341687000.0,
        "Total Revenue": 438358000.0,
        "Operating Revenue": 438358000.0
    },
    "2024-06-30": {
        "Tax Effect Of Unusual Items": -2656710.0,
        "Tax Rate For Calcs": 0.21,
        "Normalized EBITDA": 30641000.0,
        "Total Unusual Items": -12651000.0,
        "Total Unusual Items Excluding Goodwill": -12651000.0,
        "Net Income From Continuing Operation Net Minority Interest": -2937000.0,
        "Reconciled Depreciation": 10305000.0,
        "Reconciled Cost Of Revenue": 311552000.0,
        "EBITDA": 17990000.0,
        "EBIT": 7685000.0,
        "Net Interest Income": -13704000.0,
        "Interest Expense": 13704000.0,
        "Normalized Income": 7057290.0,
        "Net Income From Continuing And Discontinued Operation": -2937000.0,
        "Total Expenses": 394136000.0,
        "Total Operating Income As Reported": 12012000.0,
        "Diluted Average Shares": 89845000.0,
        "Basic Average Shares": 89845000.0,
        "Diluted EPS": -0.03,
        "Basic EPS": -0.03,
        "Diluted NI Availto Com Stockholders": -2937000.0,
        "Net Income Common Stockholders": -2937000.0,
        "Net Income": -2937000.0,
        "Net Income Including Noncontrolling Interests": -2937000.0,
        "Net Income Continuous Operations": -2937000.0,
        "Earnings From Equity Interest Net Of Tax": -210000.0,
        "Tax Provision": -3292000.0,
        "Pretax Income": -6019000.0,
        "Other Income Expense": -16978000.0,
        "Other Non Operating Income Expenses": -4327000.0,
        "Special Income Charges": -12651000.0,
        "Impairment Of Capital Assets": 5357000.0,
        "Restructuring And Mergern Acquisition": 7294000.0,
        "Net Non Operating Interest Income Expense": -13704000.0,
        "Interest Expense Non Operating": 13704000.0,
        "Operating Income": 24663000.0,
        "Operating Expense": 73340000.0,
        "Depreciation Amortization Depletion Income Statement": 1061000.0,
        "Depreciation And Amortization In Income Statement": 1061000.0,
        "Amortization": 1061000.0,
        "Amortization Of Intangibles Income Statement": 1061000.0,
        "Selling General And Administration": 72279000.0,
        "Gross Profit": 98003000.0,
        "Cost Of Revenue": 320796000.0,
        "Total Revenue": 418799000.0,
        "Operating Revenue": 418799000.0
    },
    "2024-09-30": {
        "Tax Effect Of Unusual Items": -1110780.0,
        "Tax Rate For Calcs": 0.22,
        "Normalized EBITDA": 14237000.0,
        "Total Unusual Items": -5049000.0,
        "Total Unusual Items Excluding Goodwill": -5049000.0,
        "Net Income From Continuing Operation Net Minority Interest": -19663000.0,
        "Reconciled Depreciation": 11427000.0,
        "Reconciled Cost Of Revenue": 303739000.0,
        "EBITDA": 9188000.0,
        "EBIT": -2239000.0,
        "Net Interest Income": -13746000.0,
        "Interest Expense": 13746000.0,
        "Normalized Income": -15724780.0,
        "Net Income From Continuing And Discontinued Operation": -19663000.0,
        "Total Expenses": 386494000.0,
        "Total Operating Income As Reported": 3053000.0,
        "Diluted Average Shares": 89861000.0,
        "Basic Average Shares": 89861000.0,
        "Diluted EPS": -0.22,
        "Basic EPS": -0.22,
        "Diluted NI Availto Com Stockholders": -19663000.0,
        "Net Income Common Stockholders": -19663000.0,
        "Net Income": -19663000.0,
        "Net Income Including Noncontrolling Interests": -19663000.0,
        "Net Income Continuous Operations": -19663000.0,
        "Earnings From Equity Interest Net Of Tax": -155000.0,
        "Tax Provision": 3523000.0,
        "Pretax Income": -15985000.0,
        "Other Income Expense": -10341000.0,
        "Other Non Operating Income Expenses": -5292000.0,
        "Special Income Charges": -5049000.0,
        "Impairment Of Capital Assets": 31000.0,
        "Restructuring And Mergern Acquisition": 5018000.0,
        "Net Non Operating Interest Income Expense": -13746000.0,
        "Interest Expense Non Operating": 13746000.0,
        "Operating Income": 8102000.0,
        "Operating Expense": 73508000.0,
        "Depreciation Amortization Depletion Income Statement": 2180000.0,
        "Depreciation And Amortization In Income Statement": 2180000.0,
        "Amortization": 2180000.0,
        "Amortization Of Intangibles Income Statement": 2180000.0,
        "Selling General And Administration": 71328000.0,
        "Gross Profit": 81610000.0,
        "Cost Of Revenue": 312986000.0,
        "Total Revenue": 394596000.0,
        "Operating Revenue": 394596000.0
    },
    "2024-12-31": {
        "Tax Effect Of Unusual Items": -23823030.0,
        "Tax Rate For Calcs": 0.21,
        "Normalized EBITDA": 36604000.0,
        "Total Unusual Items": -113443000.0,
        "Total Unusual Items Excluding Goodwill": -113443000.0,
        "Net Income From Continuing Operation Net Minority Interest": -103975000.0,
        "Reconciled Depreciation": 11020000.0,
        "Reconciled Cost Of Revenue": 308766000.0,
        "EBITDA": -76839000.0,
        "EBIT": -87859000.0,
        "Net Interest Income": -12800000.0,
        "Interest Expense": 12800000.0,
        "Normalized Income": -14355030.0,
        "Net Income From Continuing And Discontinued Operation": -103975000.0,
        "Total Expenses": 389941000.0,
        "Total Operating Income As Reported": -91899000.0,
        "Diluted Average Shares": 90132000.0,
        "Basic Average Shares": 90132000.0,
        "Diluted EPS": -1.15,
        "Basic EPS": -1.15,
        "Diluted NI Availto Com Stockholders": -103975000.0,
        "Net Income Common Stockholders": -103975000.0,
        "Net Income": -103975000.0,
        "Net Income Including Noncontrolling Interests": -103975000.0,
        "Net Income Continuous Operations": -103975000.0,
        "Earnings From Equity Interest Net Of Tax": -588000.0,
        "Tax Provision": 2728000.0,
        "Pretax Income": -100659000.0,
        "Other Income Expense": -109403000.0,
        "Other Non Operating Income Expenses": 4040000.0,
        "Special Income Charges": -113443000.0,
        "Impairment Of Capital Assets": 109253000.0,
        "Restructuring And Mergern Acquisition": 4190000.0,
        "Net Non Operating Interest Income Expense": -12800000.0,
        "Interest Expense Non Operating": 12800000.0,
        "Operating Income": 21544000.0,
        "Operating Expense": 71908000.0,
        "Depreciation Amortization Depletion Income Statement": 1753000.0,
        "Depreciation And Amortization In Income Statement": 1753000.0,
        "Amortization": 1753000.0,
        "Amortization Of Intangibles Income Statement": 1753000.0,
        "Selling General And Administration": 70155000.0,
        "Gross Profit": 93452000.0,
        "Cost Of Revenue": 318033000.0,
        "Total Revenue": 411485000.0,
        "Operating Revenue": 411485000.0
    },
    "2025-03-31": {
        "Tax Effect Of Unusual Items": -532955.780715,
        "Tax Rate For Calcs": 0.003765,
        "Normalized EBITDA": 29746000.0,
        "Total Unusual Items": -141552000.0,
        "Total Unusual Items Excluding Goodwill": -141552000.0,
        "Net Income From Continuing Operation Net Minority Interest": -134588000.0,
        "Reconciled Depreciation": 10455000.0,
        "Reconciled Cost Of Revenue": 296489000.0,
        "EBITDA": -111806000.0,
        "EBIT": -122261000.0,
        "Net Interest Income": -11866000.0,
        "Interest Expense": 11866000.0,
        "Normalized Income": 6431044.219285,
        "Net Income From Continuing And Discontinued Operation": -134588000.0,
        "Total Expenses": 369878000.0,
        "Total Operating Income As Reported": -121079000.0,
        "Diluted Average Shares": 90247000.0,
        "Basic Average Shares": 90247000.0,
        "Diluted EPS": -1.49,
        "Basic EPS": -1.49,
        "Diluted NI Availto Com Stockholders": -134588000.0,
        "Net Income Common Stockholders": -134588000.0,
        "Net Income": -134588000.0,
        "Net Income Including Noncontrolling Interests": -134588000.0,
        "Net Income Continuous Operations": -134588000.0,
        "Earnings From Equity Interest Net Of Tax": -966000.0,
        "Tax Provision": -505000.0,
        "Pretax Income": -134127000.0,
        "Other Income Expense": -142734000.0,
        "Other Non Operating Income Expenses": -1182000.0,
        "Special Income Charges": -141552000.0,
        "Impairment Of Capital Assets": 134263000.0,
        "Restructuring And Mergern Acquisition": 7289000.0,
        "Net Non Operating Interest Income Expense": -11866000.0,
        "Interest Expense Non Operating": 11866000.0,
        "Operating Income": 20473000.0,
        "Operating Expense": 64177000.0,
        "Depreciation Amortization Depletion Income Statement": 1243000.0,
        "Depreciation And Amortization In Income Statement": 1243000.0,
        "Amortization": 1243000.0,
        "Amortization Of Intangibles Income Statement": 1243000.0,
        "Selling General And Administration": 62934000.0,
        "Gross Profit": 84650000.0,
        "Cost Of Revenue": 305701000.0,
        "Total Revenue": 390351000.0,
        "Operating Revenue": 390351000.0
    }
}