{
    "2023-03-31": {
        "Tax Effect Of Unusual Items": NaN,
        "Tax Rate For Calcs": NaN,
        "Normalized EBITDA": NaN,
        "Total Unusual Items": NaN,
        "Total Unusual Items Excluding Goodwill": NaN,
        "Net Income From Continuing Operation Net Minority Interest": NaN,
        "Reconciled Depreciation": NaN,
        "Reconciled Cost Of Revenue": NaN,
        "EBITDA": NaN,
        "EBIT": NaN,
        "Net Interest Income": NaN,
        "Interest Expense": NaN,
        "Interest Income": NaN,
        "Normalized Income": NaN,
        "Net Income From Continuing And Discontinued Operation": NaN,
        "Total Expenses": NaN,
        "Total Operating Income As Reported": NaN,
        "Diluted Average Shares": NaN,
        "Basic Average Shares": NaN,
        "Diluted EPS": NaN,
        "Basic EPS": NaN,
        "Diluted NI Availto Com Stockholders": NaN,
        "Net Income Common Stockholders": NaN,
        "Net Income": NaN,
        "Minority Interests": NaN,
        "Net Income Including Noncontrolling Interests": NaN,
        "Net Income Continuous Operations": NaN,
        "Tax Provision": NaN,
        "Pretax Income": NaN,
        "Other Income Expense": NaN,
        "Other Non Operating Income Expenses": NaN,
        "Special Income Charges": NaN,
        "Gain On Sale Of Ppe": NaN,
        "Gain On Sale Of Business": NaN,
        "Impairment Of Capital Assets": NaN,
        "Net Non Operating Interest Income Expense": NaN,
        "Interest Expense Non Operating": NaN,
        "Interest Income Non Operating": NaN,
        "Operating Income": NaN,
        "Operating Expense": NaN,
        "Other Operating Expenses": NaN,
        "Depreciation Amortization Depletion Income Statement": NaN,
        "Depreciation And Amortization In Income Statement": NaN,
        "Amortization": NaN,
        "Amortization Of Intangibles Income Statement": NaN,
        "Research And Development": NaN,
        "Selling General And Administration": NaN,
        "Selling And Marketing Expense": NaN,
        "General And Administrative Expense": 317100000.0,
        "Other Gand A": 317100000.0,
        "Gross Profit": NaN,
        "Cost Of Revenue": NaN,
        "Total Revenue": NaN,
        "Operating Revenue": NaN
    },
    "2022-12-31": {
        "Tax Effect Of Unusual Items": NaN,
        "Tax Rate For Calcs": NaN,
        "Normalized EBITDA": NaN,
        "Total Unusual Items": NaN,
        "Total Unusual Items Excluding Goodwill": NaN,
        "Net Income From Continuing Operation Net Minority Interest": NaN,
        "Reconciled Depreciation": NaN,
        "Reconciled Cost Of Revenue": NaN,
        "EBITDA": NaN,
        "EBIT": NaN,
        "Net Interest Income": NaN,
        "Interest Expense": NaN,
        "Interest Income": NaN,
        "Normalized Income": NaN,
        "Net Income From Continuing And Discontinued Operation": NaN,
        "Total Expenses": NaN,
        "Total Operating Income As Reported": NaN,
        "Diluted Average Shares": NaN,
        "Basic Average Shares": NaN,
        "Diluted EPS": NaN,
        "Basic EPS": NaN,
        "Diluted NI Availto Com Stockholders": NaN,
        "Net Income Common Stockholders": NaN,
        "Net Income": NaN,
        "Minority Interests": NaN,
        "Net Income Including Noncontrolling Interests": NaN,
        "Net Income Continuous Operations": NaN,
        "Tax Provision": NaN,
        "Pretax Income": NaN,
        "Other Income Expense": NaN,
        "Other Non Operating Income Expenses": NaN,
        "Special Income Charges": NaN,
        "Gain On Sale Of Ppe": NaN,
        "Gain On Sale Of Business": -22100000.0,
        "Impairment Of Capital Assets": NaN,
        "Net Non Operating Interest Income Expense": NaN,
        "Interest Expense Non Operating": NaN,
        "Interest Income Non Operating": NaN,
        "Operating Income": NaN,
        "Operating Expense": NaN,
        "Other Operating Expenses": NaN,
        "Depreciation Amortization Depletion Income Statement": NaN,
        "Depreciation And Amortization In Income Statement": NaN,
        "Amortization": NaN,
        "Amortization Of Intangibles Income Statement": NaN,
        "Research And Development": NaN,
        "Selling General And Administration": NaN,
        "Selling And Marketing Expense": NaN,
        "General And Administrative Expense": 666000000.0,
        "Other Gand A": 666000000.0,
        "Gross Profit": NaN,
        "Cost Of Revenue": NaN,
        "Total Revenue": NaN,
        "Operating Revenue": NaN
    },
    "2022-09-30": {
        "Tax Effect Of Unusual Items": NaN,
        "Tax Rate For Calcs": NaN,
        "Normalized EBITDA": NaN,
        "Total Unusual Items": NaN,
        "Total Unusual Items Excluding Goodwill": NaN,
        "Net Income From Continuing Operation Net Minority Interest": NaN,
        "Reconciled Depreciation": NaN,
        "Reconciled Cost Of Revenue": NaN,
        "EBITDA": NaN,
        "EBIT": NaN,
        "Net Interest Income": NaN,
        "Interest Expense": NaN,
        "Interest Income": NaN,
        "Normalized Income": NaN,
        "Net Income From Continuing And Discontinued Operation": NaN,
        "Total Expenses": NaN,
        "Total Operating Income As Reported": NaN,
        "Diluted Average Shares": NaN,
        "Basic Average Shares": NaN,
        "Diluted EPS": NaN,
        "Basic EPS": NaN,
        "Diluted NI Availto Com Stockholders": NaN,
        "Net Income Common Stockholders": NaN,
        "Net Income": NaN,
        "Minority Interests": NaN,
        "Net Income Including Noncontrolling Interests": NaN,
        "Net Income Continuous Operations": NaN,
        "Tax Provision": NaN,
        "Pretax Income": NaN,
        "Other Income Expense": NaN,
        "Other Non Operating Income Expenses": NaN,
        "Special Income Charges": NaN,
        "Gain On Sale Of Ppe": -23100000.0,
        "Gain On Sale Of Business": 0.0,
        "Impairment Of Capital Assets": 0.0,
        "Net Non Operating Interest Income Expense": NaN,
        "Interest Expense Non Operating": NaN,
        "Interest Income Non Operating": NaN,
        "Operating Income": NaN,
        "Operating Expense": NaN,
        "Other Operating Expenses": NaN,
        "Depreciation Amortization Depletion Income Statement": NaN,
        "Depreciation And Amortization In Income Statement": NaN,
        "Amortization": NaN,
        "Amortization Of Intangibles Income Statement": NaN,
        "Research And Development": NaN,
        "Selling General And Administration": NaN,
        "Selling And Marketing Expense": NaN,
        "General And Administrative Expense": 365800000.0,
        "Other Gand A": 365800000.0,
        "Gross Profit": NaN,
        "Cost Of Revenue": NaN,
        "Total Revenue": NaN,
        "Operating Revenue": NaN
    },
    "2022-06-30": {
        "Tax Effect Of Unusual Items": 0.0,
        "Tax Rate For Calcs": 0.219011,
        "Normalized EBITDA": 248800000.0,
        "Total Unusual Items": 0.0,
        "Total Unusual Items Excluding Goodwill": 0.0,
        "Net Income From Continuing Operation Net Minority Interest": 142000000.0,
        "Reconciled Depreciation": 27200000.0,
        "Reconciled Cost Of Revenue": 521600000.0,
        "EBITDA": 248800000.0,
        "EBIT": 221600000.0,
        "Net Interest Income": -41700000.0,
        "Interest Expense": 41700000.0,
        "Interest Income": 2700000.0,
        "Normalized Income": 142000000.0,
        "Net Income From Continuing And Discontinued Operation": 142000000.0,
        "Total Expenses": 1120100000.0,
        "Total Operating Income As Reported": 219100000.0,
        "Diluted Average Shares": 139200000.0,
        "Basic Average Shares": 139000000.0,
        "Diluted EPS": 1.02,
        "Basic EPS": 1.02,
        "Diluted NI Availto Com Stockholders": 142000000.0,
        "Net Income Common Stockholders": 142000000.0,
        "Net Income": 142000000.0,
        "Minority Interests": 1500000.0,
        "Net Income Including Noncontrolling Interests": 140500000.0,
        "Net Income Continuous Operations": 140500000.0,
        "Tax Provision": 39400000.0,
        "Pretax Income": 179900000.0,
        "Other Income Expense": 2500000.0,
        "Other Non Operating Income Expenses": 2500000.0,
        "Special Income Charges": 0.0,
        "Gain On Sale Of Ppe": 0.0,
        "Gain On Sale Of Business": NaN,
        "Impairment Of Capital Assets": NaN,
        "Net Non Operating Interest Income Expense": -41700000.0,
        "Interest Expense Non Operating": 41700000.0,
        "Interest Income Non Operating": 2700000.0,
        "Operating Income": 219100000.0,
        "Operating Expense": 598500000.0,
        "Other Operating Expenses": 80700000.0,
        "Depreciation Amortization Depletion Income Statement": 27200000.0,
        "Depreciation And Amortization In Income Statement": 27200000.0,
        "Amortization": 27200000.0,
        "Amortization Of Intangibles Income Statement": 27200000.0,
        "Research And Development": 79200000.0,
        "Selling General And Administration": 411400000.0,
        "Selling And Marketing Expense": 84200000.0,
        "General And Administrative Expense": 327200000.0,
        "Other Gand A": 327200000.0,
        "Gross Profit": 817600000.0,
        "Cost Of Revenue": 521600000.0,
        "Total Revenue": 1339200000.0,
        "Operating Revenue": 1339200000.0
    },
    "2023-06-30": {
        "Tax Effect Of Unusual Items": NaN,
        "Tax Rate For Calcs": NaN,
        "Normalized EBITDA": NaN,
        "Total Unusual Items": NaN,
        "Total Unusual Items Excluding Goodwill": NaN,
        "Net Income From Continuing Operation Net Minority Interest": NaN,
        "Reconciled Depreciation": NaN,
        "Reconciled Cost Of Revenue": NaN,
        "EBITDA": NaN,
        "EBIT": NaN,
        "Net Interest Income": NaN,
        "Interest Expense": NaN,
        "Interest Income": NaN,
        "Normalized Income": NaN,
        "Net Income From Continuing And Discontinued Operation": NaN,
        "Total Expenses": NaN,
        "Total Operating Income As Reported": NaN,
        "Diluted Average Shares": NaN,
        "Basic Average Shares": NaN,
        "Diluted EPS": NaN,
        "Basic EPS": NaN,
        "Diluted NI Availto Com Stockholders": NaN,
        "Net Income Common Stockholders": NaN,
        "Net Income": NaN,
        "Minority Interests": NaN,
        "Net Income Including Noncontrolling Interests": NaN,
        "Net Income Continuous Operations": NaN,
        "Tax Provision": NaN,
        "Pretax Income": NaN,
        "Other Income Expense": NaN,
        "Other Non Operating Income Expenses": NaN,
        "Special Income Charges": NaN,
        "Gain On Sale Of Ppe": NaN,
        "Gain On Sale Of Business": 0.0,
        "Impairment Of Capital Assets": 231200000.0,
        "Net Non Operating Interest Income Expense": NaN,
        "Interest Expense Non Operating": NaN,
        "Interest Income Non Operating": NaN,
        "Operating Income": NaN,
        "Operating Expense": NaN,
        "Other Operating Expenses": NaN,
        "Depreciation Amortization Depletion Income Statement": NaN,
        "Depreciation And Amortization In Income Statement": NaN,
        "Amortization": NaN,
        "Amortization Of Intangibles Income Statement": NaN,
        "Research And Development": NaN,
        "Selling General And Administration": NaN,
        "Selling And Marketing Expense": NaN,
        "General And Administrative Expense": NaN,
        "Other Gand A": NaN,
        "Gross Profit": NaN,
        "Cost Of Revenue": NaN,
        "Total Revenue": NaN,
        "Operating Revenue": NaN
    },
    "2022-03-31": {
        "Diluted EPS": 0.44,
        "Total Revenue": NaN,
        "Gross Profit": 830,
        "Operating Income": 120,
        "EBIT": 311,
        "Net Income": 61
    },
    "2021-12-31": {
        "Diluted EPS": 0.6,
        "Total Revenue": NaN,
        "Gross Profit": NaN,
        "Operating Income": 172,
        "EBIT": 478,
        "Net Income": 82
    },
    "2021-09-30": {
        "Diluted EPS": 1.83,
        "Total Revenue": NaN,
        "Gross Profit": NaN,
        "Operating Income": 368,
        "EBIT": 632,
        "Net Income": 253
    },
    "2021-06-30": {
        "Diluted EPS": -0.17,
        "Total Revenue": NaN,
        "Gross Profit": 977,
        "Operating Income": 77,
        "EBIT": 260,
        "Net Income": -23
    },
    "2021-03-31": {
        "Diluted EPS": 0.84,
        "Total Revenue": NaN,
        "Gross Profit": 825,
        "Operating Income": 147,
        "EBIT": 303,
        "Net Income": 116
    },
    "2020-12-31": {
        "Diluted EPS": 0.77,
        "Total Revenue": NaN,
        "Gross Profit": NaN,
        "Operating Income": 186,
        "EBIT": 440,
        "Net Income": 105
    },
    "2020-09-30": {
        "Diluted EPS": 1.61,
        "Total Revenue": NaN,
        "Gross Profit": NaN,
        "Operating Income": 337,
        "EBIT": 496,
        "Net Income": 221
    },
    "2020-06-30": {
        "Diluted EPS": -0.25,
        "Total Revenue": 860,
        "Gross Profit": 607,
        "Operating Income": 2,
        "EBIT": 120,
        "Net Income": -34
    },
    "2020-03-31": {
        "Diluted EPS": -0.51,
        "Total Revenue": NaN,
        "Gross Profit": 843,
        "Operating Income": -23,
        "EBIT": 170,
        "Net Income": -70
    },
    "2019-12-31": {
        "Diluted EPS": 2.06,
        "Total Revenue": NaN,
        "Gross Profit": 851,
        "Operating Income": 190,
        "EBIT": 262,
        "Net Income": 267
    },
    "2019-09-30": {
        "Diluted EPS": 1.67,
        "Total Revenue": NaN,
        "Gross Profit": 948,
        "Operating Income": 297,
        "EBIT": 376,
        "Net Income": 213
    },
    "2019-06-30": {
        "Diluted EPS": 0.11,
        "Total Revenue": 985,
        "Gross Profit": 641,
        "Operating Income": 128,
        "EBIT": 199,
        "Net Income": 13
    },
    "2019-03-31": {
        "Diluted EPS": 0.21,
        "Total Revenue": 733,
        "Gross Profit": 473,
        "Operating Income": 36,
        "EBIT": 82,
        "Net Income": 27
    },
    "2018-12-31": {
        "Diluted EPS": 0.1,
        "Total Revenue": NaN,
        "Gross Profit": 788,
        "Operating Income": 11,
        "EBIT": 96,
        "Net Income": 9
    },
    "2018-09-30": {
        "Diluted EPS": 2.06,
        "Total Revenue": NaN,
        "Gross Profit": 914,
        "Operating Income": 313,
        "EBIT": 379,
        "Net Income": 264
    },
    "2018-06-30": {
        "Diluted EPS": 0.48,
        "Total Revenue": 904,
        "Gross Profit": 566,
        "Operating Income": 88,
        "EBIT": 136,
        "Net Income": 60
    },
    "2018-03-31": {
        "Diluted EPS": -0.9,
        "Total Revenue": 716,
        "Gross Profit": 461,
        "Operating Income": -80,
        "EBIT": -36,
        "Net Income": -112
    },
    "2017-12-31": {
        "Diluted EPS": -0.04,
        "Total Revenue": NaN,
        "Gross Profit": 967,
        "Operating Income": 271,
        "EBIT": 332,
        "Net Income": -5
    },
    "2017-09-30": {
        "Diluted EPS": 2.09,
        "Total Revenue": NaN,
        "Gross Profit": NaN,
        "Operating Income": 361,
        "EBIT": 415,
        "Net Income": 266
    },
    "2017-06-30": {
        "Diluted EPS": 0.53,
        "Total Revenue": 973,
        "Gross Profit": 604,
        "Operating Income": 100,
        "EBIT": 151,
        "Net Income": 68
    },
    "2017-03-31": {
        "Diluted EPS": 0.54,
        "Total Revenue": 850,
        "Gross Profit": 544,
        "Operating Income": 78,
        "EBIT": 119,
        "Net Income": 69
    },
    "2016-12-31": {
        "Diluted EPS": 1.52,
        "Total Revenue": NaN,
        "Gross Profit": 995,
        "Operating Income": 255,
        "EBIT": 313,
        "Net Income": 193
    },
    "2016-09-30": {
        "Diluted EPS": 2.03,
        "Total Revenue": NaN,
        "Gross Profit": NaN,
        "Operating Income": 362,
        "EBIT": 409,
        "Net Income": 258
    },
    "2016-06-30": {
        "Diluted EPS": 0.41,
        "Total Revenue": 879,
        "Gross Profit": 557,
        "Operating Income": 85,
        "EBIT": 131,
        "Net Income": 52
    },
    "2016-03-31": {
        "Diluted EPS": 0.38,
        "Total Revenue": 831,
        "Gross Profit": 541,
        "Operating Income": 86,
        "EBIT": 126,
        "Net Income": 49
    },
    "2015-12-31": {
        "Diluted EPS": 1.39,
        "Total Revenue": NaN,
        "Gross Profit": 911,
        "Operating Income": 259,
        "EBIT": 305,
        "Net Income": 176
    },
    "2015-09-30": {
        "Diluted EPS": 1.64,
        "Total Revenue": NaN,
        "Gross Profit": 892,
        "Operating Income": 304,
        "EBIT": 360,
        "Net Income": 208
    },
    "2015-06-30": {
        "Diluted EPS": 0.33,
        "Total Revenue": 798,
        "Gross Profit": 502,
        "Operating Income": 76,
        "EBIT": 125,
        "Net Income": 42
    },
    "2015-03-31": {
        "Diluted EPS": 0.21,
        "Total Revenue": 714,
        "Gross Profit": 466,
        "Operating Income": 54,
        "EBIT": 100,
        "Net Income": 27
    },
    "2014-12-31": {
        "Diluted EPS": 1.3,
        "Total Revenue": NaN,
        "Gross Profit": 782,
        "Operating Income": 224,
        "EBIT": 272,
        "Net Income": 170
    },
    "2014-09-30": {
        "Diluted EPS": 1.4,
        "Total Revenue": NaN,
        "Gross Profit": 867,
        "Operating Income": 286,
        "EBIT": 355,
        "Net Income": 180
    },
    "2014-06-30": {
        "Diluted EPS": 0.26,
        "Total Revenue": 829,
        "Gross Profit": 509,
        "Operating Income": 83,
        "EBIT": 130,
        "Net Income": 33
    },
    "2014-03-31": {
        "Diluted EPS": 0.24,
        "Total Revenue": 679,
        "Gross Profit": 421,
        "Operating Income": 43,
        "EBIT": 83,
        "Net Income": 32
    },
    "2013-12-31": {
        "Diluted EPS": 0.98,
        "Total Revenue": NaN,
        "Gross Profit": 746,
        "Operating Income": 184,
        "EBIT": 265,
        "Net Income": 130
    },
    "2013-09-30": {
        "Diluted EPS": 0.96,
        "Total Revenue": NaN,
        "Gross Profit": 802,
        "Operating Income": 199,
        "EBIT": 263,
        "Net Income": 127
    },
    "2013-06-30": {
        "Diluted EPS": 0.28,
        "Total Revenue": 766,
        "Gross Profit": 466,
        "Operating Income": 74,
        "EBIT": 120,
        "Net Income": 36
    },
    "2013-03-31": {
        "Diluted EPS": -0.05,
        "Total Revenue": 664,
        "Gross Profit": 396,
        "Operating Income": 11,
        "EBIT": 47,
        "Net Income": -7
    },
    "2012-12-31": {
        "Diluted EPS": 1.0,
        "Total Revenue": NaN,
        "Gross Profit": 767,
        "Operating Income": 200,
        "EBIT": 256,
        "Net Income": 130
    },
    "2012-09-30": {
        "Diluted EPS": 1.24,
        "Total Revenue": NaN,
        "Gross Profit": 759,
        "Operating Income": 250,
        "EBIT": 306,
        "Net Income": 165
    },
    "2012-06-30": {
        "Diluted EPS": 0.33,
        "Total Revenue": 811,
        "Gross Profit": 499,
        "Operating Income": 86,
        "EBIT": 132,
        "Net Income": 43
    },
    "2012-03-31": {
        "Diluted EPS": -0.02,
        "Total Revenue": 649,
        "Gross Profit": 392,
        "Operating Income": 16,
        "EBIT": 49,
        "Net Income": -3
    },
    "2011-12-31": {
        "Diluted EPS": 1.01,
        "Total Revenue": NaN,
        "Gross Profit": 738,
        "Operating Income": 217,
        "EBIT": 277,
        "Net Income": 139
    },
    "2011-09-30": {
        "Diluted EPS": 1.27,
        "Total Revenue": NaN,
        "Gross Profit": 776,
        "Operating Income": 248,
        "EBIT": 303,
        "Net Income": 171
    },
    "2011-06-30": {
        "Diluted EPS": 0.42,
        "Total Revenue": 908,
        "Gross Profit": 530,
        "Operating Income": 80,
        "EBIT": 126,
        "Net Income": 58
    },
    "2011-03-31": {
        "Diluted EPS": 0.12,
        "Total Revenue": 672,
        "Gross Profit": 405,
        "Operating Income": 49,
        "EBIT": 83,
        "Net Income": 17
    },
    "2010-12-31": {
        "Diluted EPS": 0.96,
        "Total Revenue": NaN,
        "Gross Profit": 743,
        "Operating Income": 201,
        "EBIT": 253,
        "Net Income": 140
    },
    "2010-09-30": {
        "Diluted EPS": 1.09,
        "Total Revenue": NaN,
        "Gross Profit": 722,
        "Operating Income": 238,
        "EBIT": 286,
        "Net Income": 155
    },
    "2010-06-30": {
        "Diluted EPS": 0.29,
        "Total Revenue": 738,
        "Gross Profit": 437,
        "Operating Income": 80,
        "EBIT": 119,
        "Net Income": 44
    },
    "2010-03-31": {
        "Diluted EPS": 0.4,
        "Total Revenue": 672,
        "Gross Profit": 410,
        "Operating Income": 69,
        "EBIT": 99,
        "Net Income": 59
    },
    "2009-12-31": {
        "Diluted EPS": 1.09,
        "Total Revenue": NaN,
        "Gross Profit": 813,
        "Operating Income": 244,
        "EBIT": 294,
        "Net Income": 166
    },
    "2009-09-30": {
        "Diluted EPS": 0.99,
        "Total Revenue": NaN,
        "Gross Profit": 729,
        "Operating Income": 231,
        "EBIT": 282,
        "Net Income": 150
    },
    "2009-06-30": {
        "Diluted EPS": 0.26,
        "Total Revenue": 792,
        "Gross Profit": 473,
        "Operating Income": 73,
        "EBIT": 117,
        "Net Income": 39
    },
    "2009-03-31": {
        "Diluted EPS": 0.14,
        "Total Revenue": 621,
        "Gross Profit": 377,
        "Operating Income": 41,
        "EBIT": 76,
        "Net Income": 20
    },
    "2023-09-30": {
        "Tax Effect Of Unusual Items": NaN,
        "Tax Rate For Calcs": NaN,
        "Normalized EBITDA": NaN,
        "Total Unusual Items": NaN,
        "Total Unusual Items Excluding Goodwill": NaN,
        "Net Income From Continuing Operation Net Minority Interest": NaN,
        "Reconciled Depreciation": NaN,
        "Reconciled Cost Of Revenue": NaN,
        "EBITDA": NaN,
        "EBIT": NaN,
        "Net Interest Income": NaN,
        "Interest Expense": NaN,
        "Interest Income": NaN,
        "Normalized Income": NaN,
        "Net Income From Continuing And Discontinued Operation": NaN,
        "Total Expenses": NaN,
        "Total Operating Income As Reported": NaN,
        "Diluted Average Shares": NaN,
        "Basic Average Shares": NaN,
        "Diluted EPS": NaN,
        "Basic EPS": NaN,
        "Diluted NI Availto Com Stockholders": NaN,
        "Net Income Common Stockholders": NaN,
        "Net Income": NaN,
        "Minority Interests": NaN,
        "Net Income Including Noncontrolling Interests": NaN,
        "Net Income Continuous Operations": NaN,
        "Tax Provision": NaN,
        "Pretax Income": NaN,
        "Other Income Expense": NaN,
        "Other Non Operating Income Expenses": NaN,
        "Special Income Charges": NaN,
        "Gain On Sale Of Ppe": -473000000.0,
        "Gain On Sale Of Business": NaN,
        "Impairment Of Capital Assets": 0.0,
        "Net Non Operating Interest Income Expense": NaN,
        "Interest Expense Non Operating": NaN,
        "Interest Income Non Operating": NaN,
        "Operating Income": NaN,
        "Operating Expense": NaN,
        "Other Operating Expenses": NaN,
        "Depreciation Amortization Depletion Income Statement": NaN,
        "Depreciation And Amortization In Income Statement": NaN,
        "Amortization": NaN,
        "Amortization Of Intangibles Income Statement": NaN,
        "Research And Development": NaN,
        "Selling General And Administration": NaN,
        "Selling And Marketing Expense": NaN,
        "General And Administrative Expense": 352300000.0,
        "Other Gand A": 352300000.0,
        "Gross Profit": NaN,
        "Cost Of Revenue": NaN,
        "Total Revenue": NaN,
        "Operating Revenue": NaN
    },
    "2023-12-31": {
        "Tax Effect Of Unusual Items": NaN,
        "Tax Rate For Calcs": NaN,
        "Normalized EBITDA": NaN,
        "Total Unusual Items": NaN,
        "Total Unusual Items Excluding Goodwill": NaN,
        "Net Income From Continuing Operation Net Minority Interest": NaN,
        "Reconciled Depreciation": NaN,
        "Reconciled Cost Of Revenue": NaN,
        "EBITDA": NaN,
        "EBIT": NaN,
        "Net Interest Income": NaN,
        "Interest Expense": NaN,
        "Interest Income": NaN,
        "Normalized Income": NaN,
        "Net Income From Continuing And Discontinued Operation": NaN,
        "Total Expenses": NaN,
        "Total Operating Income As Reported": NaN,
        "Diluted Average Shares": NaN,
        "Basic Average Shares": NaN,
        "Diluted EPS": NaN,
        "Basic EPS": NaN,
        "Diluted NI Availto Com Stockholders": NaN,
        "Net Income Common Stockholders": NaN,
        "Net Income": NaN,
        "Minority Interests": NaN,
        "Net Income Including Noncontrolling Interests": NaN,
        "Net Income Continuous Operations": NaN,
        "Tax Provision": NaN,
        "Pretax Income": NaN,
        "Other Income Expense": NaN,
        "Other Non Operating Income Expenses": NaN,
        "Special Income Charges": NaN,
        "Gain On Sale Of Ppe": NaN,
        "Gain On Sale Of Business": NaN,
        "Impairment Of Capital Assets": 960000000.0,
        "Net Non Operating Interest Income Expense": NaN,
        "Interest Expense Non Operating": NaN,
        "Interest Income Non Operating": NaN,
        "Operating Income": NaN,
        "Operating Expense": NaN,
        "Other Operating Expenses": NaN,
        "Depreciation Amortization Depletion Income Statement": NaN,
        "Depreciation And Amortization In Income Statement": NaN,
        "Amortization": NaN,
        "Amortization Of Intangibles Income Statement": NaN,
        "Research And Development": NaN,
        "Selling General And Administration": NaN,
        "Selling And Marketing Expense": NaN,
        "General And Administrative Expense": NaN,
        "Other Gand A": NaN,
        "Gross Profit": NaN,
        "Cost Of Revenue": NaN,
        "Total Revenue": NaN,
        "Operating Revenue": NaN
    },
    "2024-03-31": {
        "Tax Effect Of Unusual Items": -2460370.37037,
        "Tax Rate For Calcs": 0.27037,
        "Normalized EBITDA": 175000000.0,
        "Total Unusual Items": -9100000.0,
        "Total Unusual Items Excluding Goodwill": -9100000.0,
        "Net Income From Continuing Operation Net Minority Interest": 58200000.0,
        "Reconciled Depreciation": 46400000.0,
        "Reconciled Cost Of Revenue": 225700000.0,
        "EBITDA": 165900000.0,
        "EBIT": 119500000.0,
        "Net Interest Income": -30200000.0,
        "Interest Expense": 38500000.0,
        "Interest Income": 8300000.0,
        "Normalized Income": 64839629.62963,
        "Net Income From Continuing And Discontinued Operation": 58200000.0,
        "Total Expenses": 632000000.0,
        "Total Operating Income As Reported": 116200000.0,
        "Diluted Average Shares": 139300000.0,
        "Basic Average Shares": 139100000.0,
        "Diluted EPS": 0.42,
        "Basic EPS": 0.42,
        "Diluted NI Availto Com Stockholders": 58200000.0,
        "Net Income Common Stockholders": 58200000.0,
        "Net Income": 58200000.0,
        "Minority Interests": -900000.0,
        "Net Income Including Noncontrolling Interests": 59100000.0,
        "Net Income Continuous Operations": 59100000.0,
        "Tax Provision": 21900000.0,
        "Pretax Income": 81000000.0,
        "Other Income Expense": -14100000.0,
        "Other Non Operating Income Expenses": -5000000.0,
        "Special Income Charges": -9100000.0,
        "Gain On Sale Of Ppe": NaN,
        "Gain On Sale Of Business": -9100000.0,
        "Impairment Of Capital Assets": NaN,
        "Net Non Operating Interest Income Expense": -30200000.0,
        "Interest Expense Non Operating": 38500000.0,
        "Interest Income Non Operating": 8300000.0,
        "Operating Income": 125300000.0,
        "Operating Expense": 376900000.0,
        "Other Operating Expenses": 8100000.0,
        "Depreciation Amortization Depletion Income Statement": 17000000.0,
        "Depreciation And Amortization In Income Statement": 17000000.0,
        "Amortization": 17000000.0,
        "Amortization Of Intangibles Income Statement": 17000000.0,
        "Research And Development": 65500000.0,
        "Selling General And Administration": 286300000.0,
        "Selling And Marketing Expense": 51500000.0,
        "General And Administrative Expense": 234800000.0,
        "Other Gand A": 234800000.0,
        "Gross Profit": 502200000.0,
        "Cost Of Revenue": 255100000.0,
        "Total Revenue": 757300000.0,
        "Operating Revenue": 757300000.0
    },
    "2024-06-30": {
        "Tax Effect Of Unusual Items": -3714160.743576,
        "Tax Rate For Calcs": 0.242756,
        "Normalized EBITDA": 295100000.0,
        "Total Unusual Items": -15300000.0,
        "Total Unusual Items Excluding Goodwill": -15300000.0,
        "Net Income From Continuing Operation Net Minority Interest": 138500000.0,
        "Reconciled Depreciation": 53900000.0,
        "Reconciled Cost Of Revenue": 256200000.0,
        "EBITDA": 279800000.0,
        "EBIT": 225900000.0,
        "Net Interest Income": -30000000.0,
        "Interest Expense": 43000000.0,
        "Interest Income": 13000000.0,
        "Normalized Income": 150085839.256424,
        "Net Income From Continuing And Discontinued Operation": 138500000.0,
        "Total Expenses": 767900000.0,
        "Total Operating Income As Reported": 212100000.0,
        "Diluted Average Shares": 140000000.0,
        "Basic Average Shares": 139500000.0,
        "Diluted EPS": 0.99,
        "Basic EPS": 0.99,
        "Diluted NI Availto Com Stockholders": 138500000.0,
        "Net Income Common Stockholders": 138500000.0,
        "Net Income": 138500000.0,
        "Minority Interests": 0.0,
        "Net Income Including Noncontrolling Interests": 138500000.0,
        "Net Income Continuous Operations": 138500000.0,
        "Tax Provision": 44400000.0,
        "Pretax Income": 182900000.0,
        "Other Income Expense": -14500000.0,
        "Other Non Operating Income Expenses": 800000.0,
        "Special Income Charges": -15300000.0,
        "Gain On Sale Of Ppe": NaN,
        "Gain On Sale Of Business": -15300000.0,
        "Impairment Of Capital Assets": 0.0,
        "Net Non Operating Interest Income Expense": -30000000.0,
        "Interest Expense Non Operating": 43000000.0,
        "Interest Income Non Operating": 13000000.0,
        "Operating Income": 227400000.0,
        "Operating Expense": 474900000.0,
        "Other Operating Expenses": 8500000.0,
        "Depreciation Amortization Depletion Income Statement": 17100000.0,
        "Depreciation And Amortization In Income Statement": 17100000.0,
        "Amortization": 17100000.0,
        "Amortization Of Intangibles Income Statement": 17100000.0,
        "Research And Development": 70400000.0,
        "Selling General And Administration": 378900000.0,
        "Selling And Marketing Expense": 378900000.0,
        "General And Administrative Expense": NaN,
        "Other Gand A": NaN,
        "Gross Profit": 702300000.0,
        "Cost Of Revenue": 293000000.0,
        "Total Revenue": 995300000.0,
        "Operating Revenue": 995300000.0
    },
    "2024-09-30": {
        "Tax Effect Of Unusual Items": 0.0,
        "Tax Rate For Calcs": 0.231,
        "Normalized EBITDA": 385900000.0,
        "Total Unusual Items": 0.0,
        "Total Unusual Items Excluding Goodwill": 0.0,
        "Net Income From Continuing Operation Net Minority Interest": 223200000.0,
        "Reconciled Depreciation": 49400000.0,
        "Reconciled Cost Of Revenue": 444600000.0,
        "EBITDA": 385900000.0,
        "EBIT": 336500000.0,
        "Net Interest Income": -31500000.0,
        "Interest Expense": 46200000.0,
        "Interest Income": 14700000.0,
        "Normalized Income": 223200000.0,
        "Net Income From Continuing And Discontinued Operation": 223200000.0,
        "Total Expenses": 979400000.0,
        "Total Operating Income As Reported": 301900000.0,
        "Diluted Average Shares": 140500000.0,
        "Basic Average Shares": 139500000.0,
        "Diluted EPS": 1.59,
        "Basic EPS": 1.6,
        "Diluted NI Availto Com Stockholders": 223200000.0,
        "Net Income Common Stockholders": 223200000.0,
        "Net Income": 223200000.0,
        "Minority Interests": -100000.0,
        "Net Income Including Noncontrolling Interests": 223300000.0,
        "Net Income Continuous Operations": 223300000.0,
        "Tax Provision": 67000000.0,
        "Pretax Income": 290300000.0,
        "Other Income Expense": 19900000.0,
        "Other Non Operating Income Expenses": 19900000.0,
        "Special Income Charges": 0.0,
        "Gain On Sale Of Ppe": NaN,
        "Gain On Sale Of Business": 0.0,
        "Impairment Of Capital Assets": 0.0,
        "Net Non Operating Interest Income Expense": -31500000.0,
        "Interest Expense Non Operating": 46200000.0,
        "Interest Income Non Operating": 14700000.0,
        "Operating Income": 301900000.0,
        "Operating Expense": 502500000.0,
        "Other Operating Expenses": 7900000.0,
        "Depreciation Amortization Depletion Income Statement": 17100000.0,
        "Depreciation And Amortization In Income Statement": 17100000.0,
        "Amortization": 17100000.0,
        "Amortization Of Intangibles Income Statement": 17100000.0,
        "Research And Development": 76300000.0,
        "Selling General And Administration": 401200000.0,
        "Selling And Marketing Expense": 101900000.0,
        "General And Administrative Expense": 299300000.0,
        "Other Gand A": 299300000.0,
        "Gross Profit": 804400000.0,
        "Cost Of Revenue": 476900000.0,
        "Total Revenue": 1281300000.0,
        "Operating Revenue": 1281300000.0
    },
    "2024-12-31": {
        "Tax Effect Of Unusual Items": -2730000.0,
        "Tax Rate For Calcs": 0.21,
        "Normalized EBITDA": 61900000.0,
        "Total Unusual Items": -13000000.0,
        "Total Unusual Items Excluding Goodwill": -13000000.0,
        "Net Income From Continuing Operation Net Minority Interest": -34300000.0,
        "Reconciled Depreciation": 62600000.0,
        "Reconciled Cost Of Revenue": 393200000.0,
        "EBITDA": 48900000.0,
        "EBIT": -13700000.0,
        "Net Interest Income": -32200000.0,
        "Interest Expense": 43500000.0,
        "Interest Income": 11300000.0,
        "Normalized Income": -24030000.0,
        "Net Income From Continuing And Discontinued Operation": -34300000.0,
        "Total Expenses": 1028800000.0,
        "Total Operating Income As Reported": 59800000.0,
        "Diluted Average Shares": 139600000.0,
        "Basic Average Shares": 139600000.0,
        "Diluted EPS": -0.25,
        "Basic EPS": -0.25,
        "Diluted NI Availto Com Stockholders": -34300000.0,
        "Net Income Common Stockholders": -34300000.0,
        "Net Income": -34300000.0,
        "Minority Interests": -7800000.0,
        "Net Income Including Noncontrolling Interests": -26500000.0,
        "Net Income Continuous Operations": -26500000.0,
        "Tax Provision": -30700000.0,
        "Pretax Income": -57200000.0,
        "Other Income Expense": -97800000.0,
        "Other Non Operating Income Expenses": -84800000.0,
        "Special Income Charges": -13000000.0,
        "Gain On Sale Of Ppe": NaN,
        "Gain On Sale Of Business": -13000000.0,
        "Impairment Of Capital Assets": 0.0,
        "Net Non Operating Interest Income Expense": -32200000.0,
        "Interest Expense Non Operating": 43500000.0,
        "Interest Income Non Operating": 11300000.0,
        "Operating Income": 72800000.0,
        "Operating Expense": 590100000.0,
        "Other Operating Expenses": 24800000.0,
        "Depreciation Amortization Depletion Income Statement": 17100000.0,
        "Depreciation And Amortization In Income Statement": 17100000.0,
        "Amortization": 17100000.0,
        "Amortization Of Intangibles Income Statement": 17100000.0,
        "Research And Development": 81900000.0,
        "Selling General And Administration": 466300000.0,
        "Selling And Marketing Expense": 105700000.0,
        "General And Administrative Expense": 360600000.0,
        "Other Gand A": 360600000.0,
        "Gross Profit": 662900000.0,
        "Cost Of Revenue": 438700000.0,
        "Total Revenue": 1101600000.0,
        "Operating Revenue": 1101600000.0
    },
    "2025-03-31": {
        "Tax Effect Of Unusual Items": -6789897.510981,
        "Tax Rate For Calcs": 0.271596,
        "Normalized EBITDA": 244800000.0,
        "Total Unusual Items": -25000000.0,
        "Total Unusual Items Excluding Goodwill": -25000000.0,
        "Net Income From Continuing Operation Net Minority Interest": 98600000.0,
        "Reconciled Depreciation": 41600000.0,
        "Reconciled Cost Of Revenue": 236900000.0,
        "EBITDA": 219800000.0,
        "EBIT": 178200000.0,
        "Net Interest Income": -32700000.0,
        "Interest Expense": 41600000.0,
        "Interest Income": 8900000.0,
        "Normalized Income": 116810102.489019,
        "Net Income From Continuing And Discontinued Operation": 98600000.0,
        "Total Expenses": 691400000.0,
        "Total Operating Income As Reported": 170700000.0,
        "Diluted Average Shares": 141000000.0,
        "Basic Average Shares": 139800000.0,
        "Diluted EPS": 0.7,
        "Basic EPS": 0.71,
        "Diluted NI Availto Com Stockholders": 98600000.0,
        "Net Income Common Stockholders": 98600000.0,
        "Net Income": 98600000.0,
        "Minority Interests": -900000.0,
        "Net Income Including Noncontrolling Interests": 99500000.0,
        "Net Income Continuous Operations": 99500000.0,
        "Tax Provision": 37100000.0,
        "Pretax Income": 136600000.0,
        "Other Income Expense": -26400000.0,
        "Other Non Operating Income Expenses": -1400000.0,
        "Special Income Charges": -25000000.0,
        "Gain On Sale Of Ppe": NaN,
        "Gain On Sale Of Business": -25000000.0,
        "Impairment Of Capital Assets": NaN,
        "Net Non Operating Interest Income Expense": -32700000.0,
        "Interest Expense Non Operating": 41600000.0,
        "Interest Income Non Operating": 8900000.0,
        "Operating Income": 195700000.0,
        "Operating Expense": 429900000.0,
        "Other Operating Expenses": 7400000.0,
        "Depreciation Amortization Depletion Income Statement": 17000000.0,
        "Depreciation And Amortization In Income Statement": 17000000.0,
        "Amortization": 17000000.0,
        "Amortization Of Intangibles Income Statement": 17000000.0,
        "Research And Development": 80500000.0,
        "Selling General And Administration": 325000000.0,
        "Selling And Marketing Expense": 55400000.0,
        "General And Administrative Expense": 269600000.0,
        "Other Gand A": 269600000.0,
        "Gross Profit": 625600000.0,
        "Cost Of Revenue": 261500000.0,
        "Total Revenue": 887100000.0,
        "Operating Revenue": 887100000.0
    }
}