{
    "2023-06-30": {
        "Tax Effect Of Unusual Items": 0.0,
        "Tax Rate For Calcs": 0.193,
        "Total Unusual Items": NaN,
        "Total Unusual Items Excluding Goodwill": NaN,
        "Net Income From Continuing Operation Net Minority Interest": 559000000.0,
        "Reconciled Depreciation": 202000000.0,
        "Net Interest Income": 1346000000.0,
        "Interest Expense": 879000000.0,
        "Interest Income": 2225000000.0,
        "Normalized Income": 559000000.0,
        "Net Income From Continuing And Discontinued Operation": 559000000.0,
        "Diluted Average Shares": 1466000000.0,
        "Basic Average Shares": 1446000000.0,
        "Diluted EPS": 0.35,
        "Basic EPS": 0.36,
        "Diluted NI Availto Com Stockholders": 519000000.0,
        "Net Income Common Stockholders": 519000000.0,
        "Preferred Stock Dividends": 40000000.0,
        "Net Income": 559000000.0,
        "Minority Interests": -6000000.0,
        "Net Income Including Noncontrolling Interests": 565000000.0,
        "Net Income Continuous Operations": 565000000.0,
        "Tax Provision": 134000000.0,
        "Pretax Income": 699000000.0,
        "Special Income Charges": NaN,
        "Restructuring And Mergern Acquisition": NaN,
        "Gain On Sale Of Security": -5000000.0,
        "Depreciation Amortization Depletion Income Statement": 21000000.0,
        "Depreciation And Amortization In Income Statement": 21000000.0,
        "Amortization": 13000000.0,
        "Amortization Of Intangibles Income Statement": 13000000.0,
        "Depreciation Income Statement": 8000000.0,
        "Selling General And Administration": 668000000.0,
        "Selling And Marketing Expense": 32000000.0,
        "General And Administrative Expense": 636000000.0,
        "Insurance And Claims": 23000000.0,
        "Salaries And Wages": 613000000.0,
        "Total Revenue": 1841000000.0,
        "Operating Revenue": 1841000000.0,
        "Occupancy And Equipment": 118000000.0,
        "Professional Expense And Contract Services Expense": 21000000.0,
        "Other Non Interest Expense": 222000000.0
    },
    "2023-03-31": {
        "Tax Effect Of Unusual Items": 0.0,
        "Tax Rate For Calcs": 0.192,
        "Total Unusual Items": NaN,
        "Total Unusual Items Excluding Goodwill": NaN,
        "Net Income From Continuing Operation Net Minority Interest": 602000000.0,
        "Reconciled Depreciation": 142000000.0,
        "Net Interest Income": 1409000000.0,
        "Interest Expense": 619000000.0,
        "Interest Income": 2028000000.0,
        "Normalized Income": 602000000.0,
        "Net Income From Continuing And Discontinued Operation": 602000000.0,
        "Diluted Average Shares": 1469279000.0,
        "Basic Average Shares": 1443268000.0,
        "Diluted EPS": 0.39,
        "Basic EPS": 0.4,
        "Diluted NI Availto Com Stockholders": 573000000.0,
        "Net Income Common Stockholders": 573000000.0,
        "Preferred Stock Dividends": 29000000.0,
        "Net Income": 602000000.0,
        "Minority Interests": -4000000.0,
        "Net Income Including Noncontrolling Interests": 606000000.0,
        "Net Income Continuous Operations": 606000000.0,
        "Tax Provision": 144000000.0,
        "Pretax Income": 750000000.0,
        "Special Income Charges": NaN,
        "Restructuring And Mergern Acquisition": NaN,
        "Gain On Sale Of Security": 1000000.0,
        "Depreciation Amortization Depletion Income Statement": 21000000.0,
        "Depreciation And Amortization In Income Statement": 21000000.0,
        "Amortization": 13000000.0,
        "Amortization Of Intangibles Income Statement": 13000000.0,
        "Depreciation Income Statement": 8000000.0,
        "Selling General And Administration": 694000000.0,
        "Selling And Marketing Expense": 25000000.0,
        "General And Administrative Expense": 669000000.0,
        "Insurance And Claims": 20000000.0,
        "Salaries And Wages": 649000000.0,
        "Total Revenue": 1921000000.0,
        "Operating Revenue": 1921000000.0,
        "Occupancy And Equipment": 124000000.0,
        "Professional Expense And Contract Services Expense": 16000000.0,
        "Other Non Interest Expense": 231000000.0
    },
    "2022-12-31": {
        "Tax Effect Of Unusual Items": NaN,
        "Tax Rate For Calcs": NaN,
        "Total Unusual Items": -15000000.0,
        "Total Unusual Items Excluding Goodwill": -15000000.0,
        "Net Income From Continuing Operation Net Minority Interest": NaN,
        "Reconciled Depreciation": NaN,
        "Net Interest Income": NaN,
        "Interest Expense": NaN,
        "Interest Income": NaN,
        "Normalized Income": NaN,
        "Net Income From Continuing And Discontinued Operation": NaN,
        "Diluted Average Shares": NaN,
        "Basic Average Shares": NaN,
        "Diluted EPS": NaN,
        "Basic EPS": NaN,
        "Diluted NI Availto Com Stockholders": NaN,
        "Net Income Common Stockholders": NaN,
        "Preferred Stock Dividends": NaN,
        "Net Income": NaN,
        "Minority Interests": NaN,
        "Net Income Including Noncontrolling Interests": NaN,
        "Net Income Continuous Operations": NaN,
        "Tax Provision": NaN,
        "Pretax Income": NaN,
        "Special Income Charges": -15000000.0,
        "Restructuring And Mergern Acquisition": 15000000.0,
        "Gain On Sale Of Security": NaN,
        "Depreciation Amortization Depletion Income Statement": NaN,
        "Depreciation And Amortization In Income Statement": NaN,
        "Amortization": NaN,
        "Amortization Of Intangibles Income Statement": NaN,
        "Depreciation Income Statement": NaN,
        "Selling General And Administration": NaN,
        "Selling And Marketing Expense": NaN,
        "General And Administrative Expense": NaN,
        "Insurance And Claims": NaN,
        "Salaries And Wages": NaN,
        "Total Revenue": NaN,
        "Operating Revenue": NaN,
        "Occupancy And Equipment": NaN,
        "Professional Expense And Contract Services Expense": NaN,
        "Other Non Interest Expense": NaN
    },
    "2022-09-30": {
        "Tax Effect Of Unusual Items": NaN,
        "Tax Rate For Calcs": NaN,
        "Total Unusual Items": -10000000.0,
        "Total Unusual Items Excluding Goodwill": -10000000.0,
        "Net Income From Continuing Operation Net Minority Interest": NaN,
        "Reconciled Depreciation": NaN,
        "Net Interest Income": NaN,
        "Interest Expense": NaN,
        "Interest Income": NaN,
        "Normalized Income": NaN,
        "Net Income From Continuing And Discontinued Operation": NaN,
        "Diluted Average Shares": NaN,
        "Basic Average Shares": NaN,
        "Diluted EPS": NaN,
        "Basic EPS": NaN,
        "Diluted NI Availto Com Stockholders": NaN,
        "Net Income Common Stockholders": NaN,
        "Preferred Stock Dividends": NaN,
        "Net Income": NaN,
        "Minority Interests": NaN,
        "Net Income Including Noncontrolling Interests": NaN,
        "Net Income Continuous Operations": NaN,
        "Tax Provision": NaN,
        "Pretax Income": NaN,
        "Special Income Charges": -10000000.0,
        "Restructuring And Mergern Acquisition": 10000000.0,
        "Gain On Sale Of Security": NaN,
        "Depreciation Amortization Depletion Income Statement": NaN,
        "Depreciation And Amortization In Income Statement": NaN,
        "Amortization": NaN,
        "Amortization Of Intangibles Income Statement": NaN,
        "Depreciation Income Statement": NaN,
        "Selling General And Administration": NaN,
        "Selling And Marketing Expense": NaN,
        "General And Administrative Expense": NaN,
        "Insurance And Claims": NaN,
        "Salaries And Wages": NaN,
        "Total Revenue": NaN,
        "Operating Revenue": NaN
    },
    "2022-06-30": {
        "Tax Effect Of Unusual Items": 0.0,
        "Tax Rate For Calcs": 0.181,
        "Total Unusual Items": -24000000.0,
        "Total Unusual Items Excluding Goodwill": -24000000.0,
        "Net Income From Continuing Operation Net Minority Interest": 539000000.0,
        "Reconciled Depreciation": 24000000.0,
        "Net Interest Income": 1261000000.0,
        "Interest Expense": 70000000.0,
        "Interest Income": 1331000000.0,
        "Normalized Income": 539000000.0,
        "Net Income From Continuing And Discontinued Operation": 539000000.0,
        "Diluted Average Shares": 1463293000.0,
        "Basic Average Shares": 1441200000.0,
        "Diluted EPS": 0.35,
        "Basic EPS": 0.35,
        "Diluted NI Availto Com Stockholders": 511000000.0,
        "Net Income Common Stockholders": 511000000.0,
        "Preferred Stock Dividends": 28000000.0,
        "Net Income": 539000000.0,
        "Minority Interests": -2000000.0,
        "Net Income Including Noncontrolling Interests": 541000000.0,
        "Net Income Continuous Operations": 541000000.0,
        "Tax Provision": 120000000.0,
        "Pretax Income": 661000000.0,
        "Special Income Charges": -24000000.0,
        "Restructuring And Mergern Acquisition": 24000000.0,
        "Gain On Sale Of Security": 0.0,
        "Depreciation Amortization Depletion Income Statement": 24000000.0,
        "Depreciation And Amortization In Income Statement": 24000000.0,
        "Amortization": 13000000.0,
        "Amortization Of Intangibles Income Statement": 13000000.0,
        "Depreciation Income Statement": 11000000.0,
        "Selling General And Administration": 621000000.0,
        "Selling And Marketing Expense": 24000000.0,
        "General And Administrative Expense": 597000000.0,
        "Insurance And Claims": 20000000.0,
        "Salaries And Wages": 577000000.0,
        "Total Revenue": 1746000000.0,
        "Operating Revenue": 1746000000.0
    },
    "2022-03-31": {
        "Diluted EPS": 0.29,
        "Total Revenue": NaN,
        "Gross Profit": NaN,
        "Operating Income": 567,
        "EBIT": NaN,
        "Net Income": 432
    },
    "2021-12-31": {
        "Diluted EPS": 0.25,
        "Total Revenue": NaN,
        "Gross Profit": NaN,
        "Operating Income": 490,
        "EBIT": NaN,
        "Net Income": 377
    },
    "2021-09-30": {
        "Diluted EPS": 0.22,
        "Total Revenue": NaN,
        "Gross Profit": NaN,
        "Operating Income": 468,
        "EBIT": NaN,
        "Net Income": 333
    },
    "2021-06-30": {
        "Diluted EPS": -0.05,
        "Total Revenue": NaN,
        "Gross Profit": NaN,
        "Operating Income": -1,
        "EBIT": NaN,
        "Net Income": -58
    },
    "2021-03-31": {
        "Diluted EPS": 0.48,
        "Total Revenue": NaN,
        "Gross Profit": NaN,
        "Operating Income": 634,
        "EBIT": NaN,
        "Net Income": 501
    },
    "2020-12-31": {
        "Diluted EPS": 0.26,
        "Total Revenue": NaN,
        "Gross Profit": NaN,
        "Operating Income": 375,
        "EBIT": NaN,
        "Net Income": 281
    },
    "2020-09-30": {
        "Diluted EPS": 0.27,
        "Total Revenue": NaN,
        "Gross Profit": NaN,
        "Operating Income": 358,
        "EBIT": NaN,
        "Net Income": 275
    },
    "2020-06-30": {
        "Diluted EPS": 0.13,
        "Total Revenue": NaN,
        "Gross Profit": NaN,
        "Operating Income": 181,
        "EBIT": NaN,
        "Net Income": 131
    },
    "2020-03-31": {
        "Diluted EPS": 0.03,
        "Total Revenue": NaN,
        "Gross Profit": NaN,
        "Operating Income": 58,
        "EBIT": NaN,
        "Net Income": 30
    },
    "2019-12-31": {
        "Diluted EPS": 0.28,
        "Total Revenue": NaN,
        "Gross Profit": NaN,
        "Operating Income": 372,
        "EBIT": NaN,
        "Net Income": 298
    },
    "2019-09-30": {
        "Diluted EPS": 0.34,
        "Total Revenue": NaN,
        "Gross Profit": NaN,
        "Operating Income": 439,
        "EBIT": NaN,
        "Net Income": 354
    },
    "2019-06-30": {
        "Diluted EPS": 0.33,
        "Total Revenue": NaN,
        "Gross Profit": NaN,
        "Operating Income": 427,
        "EBIT": NaN,
        "Net Income": 346
    },
    "2019-03-31": {
        "Diluted EPS": 0.32,
        "Total Revenue": NaN,
        "Gross Profit": NaN,
        "Operating Income": 421,
        "EBIT": NaN,
        "Net Income": 339
    },
    "2018-12-31": {
        "Diluted EPS": 0.29,
        "Total Revenue": NaN,
        "Gross Profit": NaN,
        "Operating Income": 391,
        "EBIT": NaN,
        "Net Income": 315
    },
    "2018-09-30": {
        "Diluted EPS": 0.33,
        "Total Revenue": NaN,
        "Gross Profit": NaN,
        "Operating Income": 440,
        "EBIT": NaN,
        "Net Income": 360
    },
    "2018-06-30": {
        "Diluted EPS": 0.3,
        "Total Revenue": NaN,
        "Gross Profit": NaN,
        "Operating Income": 412,
        "EBIT": NaN,
        "Net Income": 334
    },
    "2018-03-31": {
        "Diluted EPS": 0.28,
        "Total Revenue": NaN,
        "Gross Profit": NaN,
        "Operating Income": 385,
        "EBIT": NaN,
        "Net Income": 314
    },
    "2017-12-31": {
        "Diluted EPS": 0.37,
        "Total Revenue": NaN,
        "Gross Profit": NaN,
        "Operating Income": 411,
        "EBIT": NaN,
        "Net Income": 412
    },
    "2017-09-30": {
        "Diluted EPS": 0.23,
        "Total Revenue": NaN,
        "Gross Profit": NaN,
        "Operating Income": 365,
        "EBIT": NaN,
        "Net Income": 256
    },
    "2017-06-30": {
        "Diluted EPS": 0.23,
        "Total Revenue": NaN,
        "Gross Profit": NaN,
        "Operating Income": 351,
        "EBIT": NaN,
        "Net Income": 253
    },
    "2017-03-31": {
        "Diluted EPS": 0.17,
        "Total Revenue": NaN,
        "Gross Profit": NaN,
        "Operating Income": 267,
        "EBIT": NaN,
        "Net Income": 189
    },
    "2016-12-31": {
        "Diluted EPS": 0.2,
        "Total Revenue": NaN,
        "Gross Profit": NaN,
        "Operating Income": 313,
        "EBIT": NaN,
        "Net Income": 221
    },
    "2016-09-30": {
        "Diluted EPS": 0.11,
        "Total Revenue": 997,
        "Gross Profit": 928,
        "Operating Income": 152,
        "EBIT": NaN,
        "Net Income": 108
    },
    "2016-06-30": {
        "Diluted EPS": 0.19,
        "Total Revenue": 837,
        "Gross Profit": 777,
        "Operating Income": 229,
        "EBIT": NaN,
        "Net Income": 155
    },
    "2016-03-31": {
        "Diluted EPS": 0.2,
        "Total Revenue": 799,
        "Gross Profit": 745,
        "Operating Income": 226,
        "EBIT": NaN,
        "Net Income": 163
    },
    "2015-12-31": {
        "Diluted EPS": 0.21,
        "Total Revenue": 817,
        "Gross Profit": 770,
        "Operating Income": 234,
        "EBIT": NaN,
        "Net Income": 170
    },
    "2015-09-30": {
        "Diluted EPS": 0.18,
        "Total Revenue": 792,
        "Gross Profit": 749,
        "Operating Income": 200,
        "EBIT": NaN,
        "Net Income": 145
    },
    "2015-06-30": {
        "Diluted EPS": 0.23,
        "Total Revenue": 812,
        "Gross Profit": 772,
        "Operating Income": 260,
        "EBIT": NaN,
        "Net Income": 188
    },
    "2015-03-31": {
        "Diluted EPS": 0.19,
        "Total Revenue": 734,
        "Gross Profit": 699,
        "Operating Income": 220,
        "EBIT": NaN,
        "Net Income": 158
    },
    "2014-12-31": {
        "Diluted EPS": 0.18,
        "Total Revenue": 741,
        "Gross Profit": 707,
        "Operating Income": 221,
        "EBIT": NaN,
        "Net Income": 156
    },
    "2014-09-30": {
        "Diluted EPS": 0.18,
        "Total Revenue": 748,
        "Gross Profit": 714,
        "Operating Income": 209,
        "EBIT": NaN,
        "Net Income": 147
    },
    "2014-06-30": {
        "Diluted EPS": 0.19,
        "Total Revenue": 745,
        "Gross Profit": 710,
        "Operating Income": 222,
        "EBIT": NaN,
        "Net Income": 157
    },
    "2014-03-31": {
        "Diluted EPS": 0.17,
        "Total Revenue": 721,
        "Gross Profit": 686,
        "Operating Income": 201,
        "EBIT": NaN,
        "Net Income": 141
    },
    "2013-12-31": {
        "Diluted EPS": 0.18,
        "Total Revenue": 720,
        "Gross Profit": 681,
        "Operating Income": 210,
        "EBIT": NaN,
        "Net Income": 150
    },
    "2013-09-30": {
        "Diluted EPS": 0.2,
        "Total Revenue": 717,
        "Gross Profit": 679,
        "Operating Income": 244,
        "EBIT": NaN,
        "Net Income": 171
    },
    "2013-06-30": {
        "Diluted EPS": 0.17,
        "Total Revenue": 715,
        "Gross Profit": 677,
        "Operating Income": 206,
        "EBIT": NaN,
        "Net Income": 143
    },
    "2013-03-31": {
        "Diluted EPS": 0.17,
        "Total Revenue": 722,
        "Gross Profit": 681,
        "Operating Income": 208,
        "EBIT": NaN,
        "Net Income": 145
    },
    "2012-12-31": {
        "Diluted EPS": 0.16,
        "Total Revenue": 785,
        "Gross Profit": 740,
        "Operating Income": 216,
        "EBIT": NaN,
        "Net Income": 150
    },
    "2012-09-30": {
        "Diluted EPS": 0.19,
        "Total Revenue": 745,
        "Gross Profit": 691,
        "Operating Income": 196,
        "EBIT": NaN,
        "Net Income": 160
    },
    "2012-06-30": {
        "Diluted EPS": 0.17,
        "Total Revenue": 741,
        "Gross Profit": 683,
        "Operating Income": 202,
        "EBIT": NaN,
        "Net Income": 145
    },
    "2012-03-31": {
        "Diluted EPS": 0.17,
        "Total Revenue": 765,
        "Gross Profit": 703,
        "Operating Income": 205,
        "EBIT": NaN,
        "Net Income": 145
    },
    "2011-12-31": {
        "Diluted EPS": 0.13,
        "Total Revenue": 715,
        "Gross Profit": 644,
        "Operating Income": 156,
        "EBIT": NaN,
        "Net Income": 119
    },
    "2011-09-30": {
        "Diluted EPS": 0.16,
        "Total Revenue": 750,
        "Gross Profit": 665,
        "Operating Income": 182,
        "EBIT": NaN,
        "Net Income": 136
    },
    "2011-06-30": {
        "Diluted EPS": 0.16,
        "Total Revenue": 748,
        "Gross Profit": 659,
        "Operating Income": 195,
        "EBIT": NaN,
        "Net Income": 138
    },
    "2011-03-31": {
        "Diluted EPS": 0.14,
        "Total Revenue": 739,
        "Gross Profit": 641,
        "Operating Income": 161,
        "EBIT": NaN,
        "Net Income": 119
    },
    "2010-12-31": {
        "Diluted EPS": 0.05,
        "Total Revenue": 793,
        "Gross Profit": 680,
        "Operating Income": 158,
        "EBIT": NaN,
        "Net Income": 39
    },
    "2010-09-30": {
        "Diluted EPS": 0.1,
        "Total Revenue": 802,
        "Gross Profit": 677,
        "Operating Income": 131,
        "EBIT": NaN,
        "Net Income": 71
    },
    "2010-06-30": {
        "Diluted EPS": 0.03,
        "Total Revenue": 805,
        "Gross Profit": 669,
        "Operating Income": 62,
        "EBIT": NaN,
        "Net Income": 19
    },
    "2010-03-31": {
        "Diluted EPS": 0.01,
        "Total Revenue": 788,
        "Gross Profit": 635,
        "Operating Income": 2,
        "EBIT": NaN,
        "Net Income": 10
    },
    "2009-12-31": {
        "Diluted EPS": 1.38,
        "Total Revenue": 796,
        "Gross Profit": 619,
        "Operating Income": -598,
        "EBIT": NaN,
        "Net Income": -399
    },
    "2009-09-30": {
        "Diluted EPS": -0.33,
        "Total Revenue": 810,
        "Gross Profit": 619,
        "Operating Income": -257,
        "EBIT": NaN,
        "Net Income": -195
    },
    "2009-06-30": {
        "Diluted EPS": -0.4,
        "Total Revenue": 829,
        "Gross Profit": 616,
        "Operating Income": -138,
        "EBIT": NaN,
        "Net Income": -183
    },
    "2009-03-31": {
        "Diluted EPS": -6.79,
        "Total Revenue": 809,
        "Gross Profit": 577,
        "Operating Income": NaN,
        "EBIT": NaN,
        "Net Income": NaN
    },
    "2023-09-30": {
        "Tax Effect Of Unusual Items": NaN,
        "Tax Rate For Calcs": NaN,
        "Total Unusual Items": -8000000.0,
        "Total Unusual Items Excluding Goodwill": -8000000.0,
        "Net Income From Continuing Operation Net Minority Interest": NaN,
        "Reconciled Depreciation": NaN,
        "Net Interest Income": NaN,
        "Interest Expense": NaN,
        "Interest Income": NaN,
        "Normalized Income": NaN,
        "Net Income From Continuing And Discontinued Operation": NaN,
        "Diluted Average Shares": NaN,
        "Basic Average Shares": NaN,
        "Diluted EPS": NaN,
        "Basic EPS": NaN,
        "Diluted NI Availto Com Stockholders": NaN,
        "Net Income Common Stockholders": NaN,
        "Preferred Stock Dividends": NaN,
        "Net Income": NaN,
        "Minority Interests": NaN,
        "Net Income Including Noncontrolling Interests": NaN,
        "Net Income Continuous Operations": NaN,
        "Tax Provision": NaN,
        "Pretax Income": NaN,
        "Special Income Charges": -8000000.0,
        "Gain On Sale Of Business": NaN,
        "Restructuring And Mergern Acquisition": 8000000.0,
        "Gain On Sale Of Security": NaN,
        "Depreciation Amortization Depletion Income Statement": NaN,
        "Depreciation And Amortization In Income Statement": NaN,
        "Amortization": NaN,
        "Amortization Of Intangibles Income Statement": NaN,
        "Depreciation Income Statement": NaN,
        "Selling General And Administration": NaN,
        "Selling And Marketing Expense": NaN,
        "General And Administrative Expense": NaN,
        "Insurance And Claims": NaN,
        "Salaries And Wages": NaN,
        "Total Revenue": NaN,
        "Operating Revenue": NaN,
        "Occupancy And Equipment": NaN,
        "Professional Expense And Contract Services Expense": NaN,
        "Other Non Interest Expense": NaN
    },
    "2023-12-31": {
        "Tax Effect Of Unusual Items": NaN,
        "Tax Rate For Calcs": NaN,
        "Total Unusual Items": 50000000.0,
        "Total Unusual Items Excluding Goodwill": 50000000.0,
        "Net Income From Continuing Operation Net Minority Interest": NaN,
        "Reconciled Depreciation": NaN,
        "Net Interest Income": NaN,
        "Interest Expense": NaN,
        "Interest Income": NaN,
        "Normalized Income": NaN,
        "Net Income From Continuing And Discontinued Operation": NaN,
        "Diluted Average Shares": NaN,
        "Basic Average Shares": NaN,
        "Diluted EPS": NaN,
        "Basic EPS": NaN,
        "Diluted NI Availto Com Stockholders": NaN,
        "Net Income Common Stockholders": NaN,
        "Preferred Stock Dividends": NaN,
        "Net Income": NaN,
        "Minority Interests": NaN,
        "Net Income Including Noncontrolling Interests": NaN,
        "Net Income Continuous Operations": NaN,
        "Tax Provision": NaN,
        "Pretax Income": NaN,
        "Special Income Charges": 50000000.0,
        "Gain On Sale Of Business": 0.0,
        "Restructuring And Mergern Acquisition": NaN,
        "Gain On Sale Of Security": -3000000.0,
        "Depreciation Amortization Depletion Income Statement": NaN,
        "Depreciation And Amortization In Income Statement": NaN,
        "Amortization": NaN,
        "Amortization Of Intangibles Income Statement": NaN,
        "Depreciation Income Statement": NaN,
        "Selling General And Administration": NaN,
        "Selling And Marketing Expense": NaN,
        "General And Administrative Expense": NaN,
        "Insurance And Claims": NaN,
        "Salaries And Wages": NaN,
        "Total Revenue": NaN,
        "Operating Revenue": NaN,
        "Occupancy And Equipment": NaN,
        "Professional Expense And Contract Services Expense": NaN,
        "Other Non Interest Expense": NaN
    },
    "2024-03-31": {
        "Tax Effect Of Unusual Items": 0.0,
        "Tax Rate For Calcs": 0.168,
        "Total Unusual Items": NaN,
        "Total Unusual Items Excluding Goodwill": NaN,
        "Net Income From Continuing Operation Net Minority Interest": 419000000.0,
        "Reconciled Depreciation": 190000000.0,
        "Net Interest Income": 1287000000.0,
        "Interest Expense": 1093000000.0,
        "Interest Income": 2380000000.0,
        "Normalized Income": 419000000.0,
        "Net Income From Continuing And Discontinued Operation": 419000000.0,
        "Diluted Average Shares": 1473000000.0,
        "Basic Average Shares": 1448000000.0,
        "Diluted EPS": 0.26,
        "Basic EPS": 0.26,
        "Diluted NI Availto Com Stockholders": 383000000.0,
        "Net Income Common Stockholders": 383000000.0,
        "Preferred Stock Dividends": 36000000.0,
        "Net Income": 419000000.0,
        "Minority Interests": -5000000.0,
        "Net Income Including Noncontrolling Interests": 424000000.0,
        "Net Income Continuous Operations": 424000000.0,
        "Tax Provision": 86000000.0,
        "Pretax Income": 510000000.0,
        "Special Income Charges": NaN,
        "Gain On Sale Of Business": NaN,
        "Restructuring And Mergern Acquisition": NaN,
        "Gain On Sale Of Security": 0.0,
        "Depreciation Amortization Depletion Income Statement": 16000000.0,
        "Depreciation And Amortization In Income Statement": 16000000.0,
        "Amortization": 12000000.0,
        "Amortization Of Intangibles Income Statement": 12000000.0,
        "Depreciation Income Statement": 4000000.0,
        "Selling General And Administration": 721000000.0,
        "Selling And Marketing Expense": 28000000.0,
        "General And Administrative Expense": 693000000.0,
        "Insurance And Claims": 54000000.0,
        "Salaries And Wages": 639000000.0,
        "Total Revenue": 1754000000.0,
        "Operating Revenue": 1754000000.0,
        "Occupancy And Equipment": 127000000.0,
        "Professional Expense And Contract Services Expense": 25000000.0,
        "Other Non Interest Expense": 248000000.0
    },
    "2024-06-30": {
        "Tax Effect Of Unusual Items": 0.0,
        "Tax Rate For Calcs": 0.182,
        "Total Unusual Items": NaN,
        "Total Unusual Items Excluding Goodwill": NaN,
        "Net Income From Continuing Operation Net Minority Interest": 474000000.0,
        "Reconciled Depreciation": 170000000.0,
        "Net Interest Income": 1312000000.0,
        "Interest Expense": 1164000000.0,
        "Interest Income": 2476000000.0,
        "Normalized Income": 474000000.0,
        "Net Income From Continuing And Discontinued Operation": 474000000.0,
        "Diluted Average Shares": 1474000000.0,
        "Basic Average Shares": 1451000000.0,
        "Diluted EPS": 0.3,
        "Basic EPS": 0.3,
        "Diluted NI Availto Com Stockholders": 439000000.0,
        "Net Income Common Stockholders": 439000000.0,
        "Preferred Stock Dividends": 35000000.0,
        "Net Income": 474000000.0,
        "Minority Interests": -6000000.0,
        "Net Income Including Noncontrolling Interests": 480000000.0,
        "Net Income Continuous Operations": 480000000.0,
        "Tax Provision": 106000000.0,
        "Pretax Income": 586000000.0,
        "Special Income Charges": NaN,
        "Gain On Sale Of Business": NaN,
        "Restructuring And Mergern Acquisition": NaN,
        "Gain On Sale Of Security": 0.0,
        "Depreciation Amortization Depletion Income Statement": 16000000.0,
        "Depreciation And Amortization In Income Statement": 16000000.0,
        "Amortization": 12000000.0,
        "Amortization Of Intangibles Income Statement": 12000000.0,
        "Depreciation Income Statement": 4000000.0,
        "Selling General And Administration": 715000000.0,
        "Selling And Marketing Expense": 27000000.0,
        "General And Administrative Expense": 688000000.0,
        "Insurance And Claims": 25000000.0,
        "Salaries And Wages": 663000000.0,
        "Total Revenue": 1803000000.0,
        "Operating Revenue": 1803000000.0,
        "Occupancy And Equipment": 113000000.0,
        "Professional Expense And Contract Services Expense": 26000000.0,
        "Other Non Interest Expense": 247000000.0
    },
    "2024-09-30": {
        "Tax Effect Of Unusual Items": 0.0,
        "Tax Rate For Calcs": 0.182,
        "Total Unusual Items": NaN,
        "Total Unusual Items Excluding Goodwill": NaN,
        "Net Income From Continuing Operation Net Minority Interest": 517000000.0,
        "Reconciled Depreciation": 132000000.0,
        "Net Interest Income": 1351000000.0,
        "Interest Expense": 1204000000.0,
        "Interest Income": 2555000000.0,
        "Normalized Income": 517000000.0,
        "Net Income From Continuing And Discontinued Operation": 517000000.0,
        "Diluted Average Shares": 1477000000.0,
        "Basic Average Shares": 1453000000.0,
        "Diluted EPS": 0.33,
        "Basic EPS": 0.33,
        "Diluted NI Availto Com Stockholders": 481000000.0,
        "Net Income Common Stockholders": 481000000.0,
        "Preferred Stock Dividends": 36000000.0,
        "Net Income": 517000000.0,
        "Minority Interests": -5000000.0,
        "Net Income Including Noncontrolling Interests": 522000000.0,
        "Net Income Continuous Operations": 522000000.0,
        "Tax Provision": 116000000.0,
        "Pretax Income": 638000000.0,
        "Special Income Charges": NaN,
        "Gain On Sale Of Business": NaN,
        "Restructuring And Mergern Acquisition": NaN,
        "Gain On Sale Of Security": 0.0,
        "Depreciation Amortization Depletion Income Statement": 15000000.0,
        "Depreciation And Amortization In Income Statement": 15000000.0,
        "Amortization": 11000000.0,
        "Amortization Of Intangibles Income Statement": 11000000.0,
        "Depreciation Income Statement": 4000000.0,
        "Selling General And Administration": 732000000.0,
        "Selling And Marketing Expense": 33000000.0,
        "General And Administrative Expense": 699000000.0,
        "Insurance And Claims": 15000000.0,
        "Salaries And Wages": 684000000.0,
        "Total Revenue": 1874000000.0,
        "Operating Revenue": 1874000000.0,
        "Occupancy And Equipment": 122000000.0,
        "Professional Expense And Contract Services Expense": 21000000.0,
        "Other Non Interest Expense": 240000000.0
    },
    "2024-12-31": {
        "Tax Effect Of Unusual Items": 0.0,
        "Tax Rate For Calcs": 0.201794,
        "Total Unusual Items": NaN,
        "Total Unusual Items Excluding Goodwill": NaN,
        "Net Income From Continuing Operation Net Minority Interest": 530000000.0,
        "Reconciled Depreciation": 130000000.0,
        "Net Interest Income": 1395000000.0,
        "Interest Expense": 1115000000.0,
        "Interest Income": 2510000000.0,
        "Normalized Income": 530000000.0,
        "Net Income From Continuing And Discontinued Operation": 530000000.0,
        "Diluted Average Shares": 1481000000.0,
        "Basic Average Shares": 1453000000.0,
        "Diluted EPS": 0.34,
        "Basic EPS": 0.34,
        "Diluted NI Availto Com Stockholders": 498000000.0,
        "Net Income Common Stockholders": 498000000.0,
        "Preferred Stock Dividends": 27000000.0,
        "Net Income": 530000000.0,
        "Minority Interests": -4000000.0,
        "Net Income Including Noncontrolling Interests": 534000000.0,
        "Net Income Continuous Operations": 534000000.0,
        "Tax Provision": 135000000.0,
        "Pretax Income": 669000000.0,
        "Special Income Charges": NaN,
        "Gain On Sale Of Business": NaN,
        "Restructuring And Mergern Acquisition": NaN,
        "Gain On Sale Of Security": -21000000.0,
        "Depreciation Amortization Depletion Income Statement": 15000000.0,
        "Depreciation And Amortization In Income Statement": 15000000.0,
        "Amortization": 12000000.0,
        "Amortization Of Intangibles Income Statement": 12000000.0,
        "Depreciation Income Statement": 3000000.0,
        "Selling General And Administration": 763000000.0,
        "Selling And Marketing Expense": 28000000.0,
        "General And Administrative Expense": 735000000.0,
        "Insurance And Claims": 20000000.0,
        "Salaries And Wages": 715000000.0,
        "Total Revenue": 1954000000.0,
        "Operating Revenue": 1954000000.0,
        "Occupancy And Equipment": 126000000.0,
        "Professional Expense And Contract Services Expense": 27000000.0,
        "Other Non Interest Expense": 247000000.0
    },
    "2025-03-31": {
        "Tax Effect Of Unusual Items": 0.0,
        "Tax Rate For Calcs": 0.186,
        "Total Unusual Items": NaN,
        "Total Unusual Items Excluding Goodwill": NaN,
        "Net Income From Continuing Operation Net Minority Interest": 527000000.0,
        "Reconciled Depreciation": 209000000.0,
        "Net Interest Income": 1426000000.0,
        "Interest Expense": 1063000000.0,
        "Interest Income": 2489000000.0,
        "Normalized Income": 527000000.0,
        "Net Income From Continuing And Discontinued Operation": 527000000.0,
        "Diluted Average Shares": 1481879000.0,
        "Basic Average Shares": 1454498000.0,
        "Diluted EPS": 0.34,
        "Basic EPS": 0.34,
        "Diluted NI Availto Com Stockholders": 500000000.0,
        "Net Income Common Stockholders": 500000000.0,
        "Preferred Stock Dividends": 27000000.0,
        "Net Income": 527000000.0,
        "Minority Interests": -4000000.0,
        "Net Income Including Noncontrolling Interests": 531000000.0,
        "Net Income Continuous Operations": 531000000.0,
        "Tax Provision": 122000000.0,
        "Pretax Income": 653000000.0,
        "Special Income Charges": NaN,
        "Gain On Sale Of Business": NaN,
        "Restructuring And Mergern Acquisition": NaN,
        "Gain On Sale Of Security": NaN,
        "Depreciation Amortization Depletion Income Statement": 15000000.0,
        "Depreciation And Amortization In Income Statement": 15000000.0,
        "Amortization": 11000000.0,
        "Amortization Of Intangibles Income Statement": 11000000.0,
        "Depreciation Income Statement": 4000000.0,
        "Selling General And Administration": 737000000.0,
        "Selling And Marketing Expense": 29000000.0,
        "General And Administrative Expense": 708000000.0,
        "Insurance And Claims": 37000000.0,
        "Salaries And Wages": 671000000.0,
        "Total Revenue": 1920000000.0,
        "Operating Revenue": 1920000000.0,
        "Occupancy And Equipment": 132000000.0,
        "Professional Expense And Contract Services Expense": 22000000.0,
        "Other Non Interest Expense": 246000000.0
    }
}