{
    "2023-03-31": {
        "Tax Effect Of Unusual Items": NaN,
        "Tax Rate For Calcs": NaN,
        "Normalized EBITDA": NaN,
        "Net Income From Continuing Operation Net Minority Interest": NaN,
        "Reconciled Depreciation": NaN,
        "Reconciled Cost Of Revenue": NaN,
        "EBITDA": NaN,
        "EBIT": NaN,
        "Net Interest Income": NaN,
        "Interest Expense": NaN,
        "Normalized Income": NaN,
        "Net Income From Continuing And Discontinued Operation": NaN,
        "Total Expenses": NaN,
        "Total Operating Income As Reported": NaN,
        "Diluted Average Shares": 14073000.0,
        "Basic Average Shares": 14073000.0,
        "Diluted EPS": -0.34,
        "Basic EPS": -0.34,
        "Diluted NI Availto Com Stockholders": NaN,
        "Net Income Common Stockholders": NaN,
        "Net Income": NaN,
        "Net Income Including Noncontrolling Interests": NaN,
        "Net Income Continuous Operations": NaN,
        "Tax Provision": NaN,
        "Pretax Income": NaN,
        "Other Income Expense": NaN,
        "Other Non Operating Income Expenses": NaN,
        "Net Non Operating Interest Income Expense": NaN,
        "Interest Expense Non Operating": NaN,
        "Operating Income": NaN,
        "Operating Expense": NaN,
        "Depreciation Amortization Depletion Income Statement": NaN,
        "Depreciation And Amortization In Income Statement": NaN,
        "Amortization": NaN,
        "Amortization Of Intangibles Income Statement": NaN,
        "Selling General And Administration": NaN,
        "Gross Profit": NaN,
        "Cost Of Revenue": NaN,
        "Total Revenue": NaN,
        "Operating Revenue": NaN
    },
    "2022-12-31": {
        "Tax Effect Of Unusual Items": NaN,
        "Tax Rate For Calcs": NaN,
        "Normalized EBITDA": NaN,
        "Net Income From Continuing Operation Net Minority Interest": NaN,
        "Reconciled Depreciation": NaN,
        "Reconciled Cost Of Revenue": NaN,
        "EBITDA": NaN,
        "EBIT": NaN,
        "Net Interest Income": NaN,
        "Interest Expense": NaN,
        "Normalized Income": NaN,
        "Net Income From Continuing And Discontinued Operation": NaN,
        "Total Expenses": NaN,
        "Total Operating Income As Reported": NaN,
        "Diluted Average Shares": 13904000.0,
        "Basic Average Shares": 13882000.0,
        "Diluted EPS": 0.51,
        "Basic EPS": 0.51,
        "Diluted NI Availto Com Stockholders": NaN,
        "Net Income Common Stockholders": NaN,
        "Net Income": NaN,
        "Net Income Including Noncontrolling Interests": NaN,
        "Net Income Continuous Operations": NaN,
        "Tax Provision": NaN,
        "Pretax Income": NaN,
        "Other Income Expense": NaN,
        "Other Non Operating Income Expenses": NaN,
        "Net Non Operating Interest Income Expense": NaN,
        "Interest Expense Non Operating": NaN,
        "Operating Income": NaN,
        "Operating Expense": NaN,
        "Depreciation Amortization Depletion Income Statement": NaN,
        "Depreciation And Amortization In Income Statement": NaN,
        "Amortization": NaN,
        "Amortization Of Intangibles Income Statement": NaN,
        "Selling General And Administration": NaN,
        "Gross Profit": NaN,
        "Cost Of Revenue": NaN,
        "Total Revenue": NaN,
        "Operating Revenue": NaN
    },
    "2022-09-30": {
        "Tax Effect Of Unusual Items": 0.0,
        "Tax Rate For Calcs": 0.228,
        "Normalized EBITDA": 10024000.0,
        "Net Income From Continuing Operation Net Minority Interest": 5907000.0,
        "Reconciled Depreciation": 1087000.0,
        "Reconciled Cost Of Revenue": 114942000.0,
        "EBITDA": 10024000.0,
        "EBIT": 8937000.0,
        "Net Interest Income": -1289000.0,
        "Interest Expense": 1289000.0,
        "Normalized Income": 5907000.0,
        "Net Income From Continuing And Discontinued Operation": 5907000.0,
        "Total Expenses": 141454000.0,
        "Total Operating Income As Reported": 9369000.0,
        "Diluted Average Shares": 13892000.0,
        "Basic Average Shares": 13869000.0,
        "Diluted EPS": 0.43,
        "Basic EPS": 0.43,
        "Diluted NI Availto Com Stockholders": 5907000.0,
        "Net Income Common Stockholders": 5907000.0,
        "Net Income": 5907000.0,
        "Net Income Including Noncontrolling Interests": 5907000.0,
        "Net Income Discontinuous Operations": NaN,
        "Net Income Continuous Operations": 5907000.0,
        "Tax Provision": 1741000.0,
        "Pretax Income": 7648000.0,
        "Other Income Expense": -432000.0,
        "Other Non Operating Income Expenses": -432000.0,
        "Net Non Operating Interest Income Expense": -1289000.0,
        "Interest Expense Non Operating": 1289000.0,
        "Operating Income": 9369000.0,
        "Operating Expense": 25475000.0,
        "Depreciation Amortization Depletion Income Statement": 50000.0,
        "Depreciation And Amortization In Income Statement": 50000.0,
        "Amortization": 50000.0,
        "Amortization Of Intangibles Income Statement": 50000.0,
        "Selling General And Administration": 25425000.0,
        "Gross Profit": 34844000.0,
        "Cost Of Revenue": 115979000.0,
        "Total Revenue": 150823000.0,
        "Operating Revenue": 150823000.0
    },
    "2022-06-30": {
        "Tax Effect Of Unusual Items": 0.0,
        "Tax Rate For Calcs": 0.4,
        "Normalized EBITDA": 6988000.0,
        "Net Income From Continuing Operation Net Minority Interest": 5089000.0,
        "Reconciled Depreciation": 1311000.0,
        "Reconciled Cost Of Revenue": 114288000.0,
        "EBITDA": 6988000.0,
        "EBIT": 5677000.0,
        "Net Interest Income": -867000.0,
        "Interest Expense": 867000.0,
        "Normalized Income": 5089000.0,
        "Net Income From Continuing And Discontinued Operation": 5089000.0,
        "Total Expenses": 142102000.0,
        "Total Operating Income As Reported": 5425000.0,
        "Diluted Average Shares": 14095000.0,
        "Basic Average Shares": 14068000.0,
        "Diluted EPS": 0.36,
        "Basic EPS": 0.36,
        "Diluted NI Availto Com Stockholders": 5089000.0,
        "Net Income Common Stockholders": 5089000.0,
        "Net Income": 5089000.0,
        "Net Income Including Noncontrolling Interests": 5089000.0,
        "Net Income Discontinuous Operations": NaN,
        "Net Income Continuous Operations": 5089000.0,
        "Tax Provision": -279000.0,
        "Pretax Income": 4810000.0,
        "Other Income Expense": 252000.0,
        "Other Non Operating Income Expenses": 252000.0,
        "Net Non Operating Interest Income Expense": -867000.0,
        "Interest Expense Non Operating": 867000.0,
        "Operating Income": 5425000.0,
        "Operating Expense": 26553000.0,
        "Depreciation Amortization Depletion Income Statement": 50000.0,
        "Depreciation And Amortization In Income Statement": 50000.0,
        "Amortization": 50000.0,
        "Amortization Of Intangibles Income Statement": 50000.0,
        "Selling General And Administration": 26503000.0,
        "Gross Profit": 31978000.0,
        "Cost Of Revenue": 115549000.0,
        "Total Revenue": 147527000.0,
        "Operating Revenue": 147527000.0
    },
    "2023-06-30": {
        "Tax Effect Of Unusual Items": NaN,
        "Tax Rate For Calcs": NaN,
        "Normalized EBITDA": NaN,
        "Total Unusual Items": NaN,
        "Total Unusual Items Excluding Goodwill": NaN,
        "Net Income From Continuing Operation Net Minority Interest": NaN,
        "Reconciled Depreciation": NaN,
        "Reconciled Cost Of Revenue": NaN,
        "EBITDA": NaN,
        "EBIT": NaN,
        "Net Interest Income": NaN,
        "Interest Expense": NaN,
        "Normalized Income": NaN,
        "Net Income From Continuing And Discontinued Operation": NaN,
        "Total Expenses": NaN,
        "Total Operating Income As Reported": NaN,
        "Diluted Average Shares": 14110000.0,
        "Basic Average Shares": 14081000.0,
        "Diluted EPS": 0.01,
        "Basic EPS": 0.01,
        "Diluted NI Availto Com Stockholders": NaN,
        "Net Income Common Stockholders": NaN,
        "Net Income": NaN,
        "Net Income Including Noncontrolling Interests": NaN,
        "Net Income Continuous Operations": NaN,
        "Tax Provision": NaN,
        "Pretax Income": NaN,
        "Other Income Expense": NaN,
        "Other Non Operating Income Expenses": NaN,
        "Special Income Charges": NaN,
        "Other Special Charges": NaN,
        "Net Non Operating Interest Income Expense": NaN,
        "Interest Expense Non Operating": NaN,
        "Operating Income": NaN,
        "Operating Expense": NaN,
        "Depreciation Amortization Depletion Income Statement": NaN,
        "Depreciation And Amortization In Income Statement": NaN,
        "Amortization": NaN,
        "Amortization Of Intangibles Income Statement": NaN,
        "Selling General And Administration": NaN,
        "Gross Profit": NaN,
        "Cost Of Revenue": NaN,
        "Total Revenue": NaN,
        "Operating Revenue": NaN
    },
    "2022-03-31": {
        "Diluted EPS": 0.51,
        "Total Revenue": 146,
        "Gross Profit": 28,
        "Operating Income": 13,
        "EBIT": 14,
        "Net Income": 7
    },
    "2021-12-31": {
        "Diluted EPS": 0.9,
        "Total Revenue": 198,
        "Gross Profit": 43,
        "Operating Income": 18,
        "EBIT": 20,
        "Net Income": 13
    },
    "2021-09-30": {
        "Diluted EPS": 0.41,
        "Total Revenue": 157,
        "Gross Profit": 33,
        "Operating Income": 7,
        "EBIT": 9,
        "Net Income": 6
    },
    "2021-06-30": {
        "Diluted EPS": 0.01,
        "Total Revenue": 155,
        "Gross Profit": 28,
        "Operating Income": 1,
        "EBIT": 2,
        "Net Income": 0
    },
    "2021-03-31": {
        "Diluted EPS": 0.21,
        "Total Revenue": 149,
        "Gross Profit": 32,
        "Operating Income": 5,
        "EBIT": 6,
        "Net Income": 3
    },
    "2020-12-31": {
        "Diluted EPS": 1.37,
        "Total Revenue": 234,
        "Gross Profit": 55,
        "Operating Income": 28,
        "EBIT": 30,
        "Net Income": 19
    },
    "2020-09-30": {
        "Diluted EPS": -0.15,
        "Total Revenue": 111,
        "Gross Profit": 24,
        "Operating Income": -2,
        "EBIT": -1,
        "Net Income": -2
    },
    "2020-06-30": {
        "Diluted EPS": 0.57,
        "Total Revenue": 138,
        "Gross Profit": 35,
        "Operating Income": 11,
        "EBIT": 12,
        "Net Income": 8
    },
    "2020-03-31": {
        "Diluted EPS": 1.58,
        "Total Revenue": 121,
        "Gross Profit": 25,
        "Operating Income": 1,
        "EBIT": 1,
        "Net Income": 22
    },
    "2019-12-31": {
        "Diluted EPS": -0.54,
        "Total Revenue": 205,
        "Gross Profit": 42,
        "Operating Income": 19,
        "EBIT": 20,
        "Net Income": -7
    },
    "2019-09-30": {
        "Diluted EPS": -0.16,
        "Total Revenue": 150,
        "Gross Profit": 31,
        "Operating Income": 4,
        "EBIT": 5,
        "Net Income": -2
    },
    "2019-06-30": {
        "Diluted EPS": -0.04,
        "Total Revenue": 131,
        "Gross Profit": 29,
        "Operating Income": 3,
        "EBIT": 4,
        "Net Income": -1
    },
    "2019-03-31": {
        "Diluted EPS": -0.25,
        "Total Revenue": 127,
        "Gross Profit": 27,
        "Operating Income": 0,
        "EBIT": 1,
        "Net Income": -3
    },
    "2018-12-31": {
        "Diluted EPS": 0.79,
        "Total Revenue": 129,
        "Gross Profit": 10,
        "Operating Income": 23,
        "EBIT": 23,
        "Net Income": 11
    },
    "2018-09-30": {
        "Diluted EPS": 0.59,
        "Total Revenue": 197,
        "Gross Profit": 50,
        "Operating Income": 11,
        "EBIT": 12,
        "Net Income": 8
    },
    "2018-06-30": {
        "Diluted EPS": -0.06,
        "Total Revenue": 158,
        "Gross Profit": 41,
        "Operating Income": 0,
        "EBIT": 2,
        "Net Income": -1
    },
    "2018-03-31": {
        "Diluted EPS": -0.03,
        "Total Revenue": 147,
        "Gross Profit": 38,
        "Operating Income": -1,
        "EBIT": 1,
        "Net Income": 0
    },
    "2017-12-31": {
        "Diluted EPS": 0.86,
        "Total Revenue": 137,
        "Gross Profit": 15,
        "Operating Income": 31,
        "EBIT": 31,
        "Net Income": 12
    },
    "2017-09-30": {
        "Diluted EPS": 0.31,
        "Total Revenue": 182,
        "Gross Profit": 48,
        "Operating Income": 7,
        "EBIT": 9,
        "Net Income": 4
    },
    "2017-06-30": {
        "Diluted EPS": 0.09,
        "Total Revenue": 153,
        "Gross Profit": 39,
        "Operating Income": 2,
        "EBIT": 3,
        "Net Income": 1
    },
    "2017-03-31": {
        "Diluted EPS": -0.1,
        "Total Revenue": 140,
        "Gross Profit": 35,
        "Operating Income": -2,
        "EBIT": -1,
        "Net Income": -1
    },
    "2016-12-31": {
        "Diluted EPS": 0.0,
        "Total Revenue": NaN,
        "Gross Profit": NaN,
        "Operating Income": NaN,
        "EBIT": NaN,
        "Net Income": NaN
    },
    "2016-09-30": {
        "Diluted EPS": 0.64,
        "Total Revenue": 188,
        "Gross Profit": 50,
        "Operating Income": 13,
        "EBIT": 13,
        "Net Income": 9
    },
    "2015-12-31": {
        "Diluted EPS": 0.0,
        "Total Revenue": NaN,
        "Gross Profit": NaN,
        "Operating Income": NaN,
        "EBIT": NaN,
        "Net Income": NaN
    },
    "2023-09-30": {
        "Tax Effect Of Unusual Items": NaN,
        "Tax Rate For Calcs": NaN,
        "Normalized EBITDA": NaN,
        "Total Unusual Items": 0.0,
        "Total Unusual Items Excluding Goodwill": 0.0,
        "Net Income From Continuing Operation Net Minority Interest": NaN,
        "Reconciled Depreciation": NaN,
        "Reconciled Cost Of Revenue": NaN,
        "EBITDA": NaN,
        "EBIT": NaN,
        "Net Interest Income": NaN,
        "Interest Expense": NaN,
        "Normalized Income": NaN,
        "Net Income From Continuing And Discontinued Operation": NaN,
        "Total Expenses": NaN,
        "Total Operating Income As Reported": NaN,
        "Diluted Average Shares": NaN,
        "Basic Average Shares": NaN,
        "Diluted EPS": NaN,
        "Basic EPS": NaN,
        "Diluted NI Availto Com Stockholders": NaN,
        "Net Income Common Stockholders": NaN,
        "Net Income": NaN,
        "Net Income Including Noncontrolling Interests": NaN,
        "Net Income Continuous Operations": NaN,
        "Tax Provision": NaN,
        "Pretax Income": NaN,
        "Other Income Expense": NaN,
        "Other Non Operating Income Expenses": NaN,
        "Special Income Charges": 0.0,
        "Other Special Charges": NaN,
        "Net Non Operating Interest Income Expense": NaN,
        "Total Other Finance Cost": NaN,
        "Interest Expense Non Operating": NaN,
        "Operating Income": NaN,
        "Operating Expense": NaN,
        "Depreciation Amortization Depletion Income Statement": NaN,
        "Depreciation And Amortization In Income Statement": NaN,
        "Amortization": NaN,
        "Amortization Of Intangibles Income Statement": NaN,
        "Selling General And Administration": NaN,
        "Gross Profit": NaN,
        "Cost Of Revenue": NaN,
        "Total Revenue": NaN,
        "Operating Revenue": NaN
    },
    "2023-12-31": {
        "Tax Effect Of Unusual Items": NaN,
        "Tax Rate For Calcs": NaN,
        "Normalized EBITDA": NaN,
        "Total Unusual Items": NaN,
        "Total Unusual Items Excluding Goodwill": NaN,
        "Net Income From Continuing Operation Net Minority Interest": NaN,
        "Reconciled Depreciation": NaN,
        "Reconciled Cost Of Revenue": NaN,
        "EBITDA": NaN,
        "EBIT": NaN,
        "Net Interest Income": NaN,
        "Interest Expense": 366000.0,
        "Normalized Income": NaN,
        "Net Income From Continuing And Discontinued Operation": NaN,
        "Total Expenses": NaN,
        "Total Operating Income As Reported": NaN,
        "Diluted Average Shares": NaN,
        "Basic Average Shares": NaN,
        "Diluted EPS": NaN,
        "Basic EPS": NaN,
        "Diluted NI Availto Com Stockholders": NaN,
        "Net Income Common Stockholders": NaN,
        "Net Income": NaN,
        "Net Income Including Noncontrolling Interests": NaN,
        "Net Income Continuous Operations": NaN,
        "Tax Provision": NaN,
        "Pretax Income": NaN,
        "Other Income Expense": NaN,
        "Other Non Operating Income Expenses": NaN,
        "Special Income Charges": NaN,
        "Other Special Charges": NaN,
        "Net Non Operating Interest Income Expense": NaN,
        "Total Other Finance Cost": NaN,
        "Interest Expense Non Operating": 366000.0,
        "Operating Income": NaN,
        "Operating Expense": NaN,
        "Depreciation Amortization Depletion Income Statement": NaN,
        "Depreciation And Amortization In Income Statement": NaN,
        "Amortization": NaN,
        "Amortization Of Intangibles Income Statement": NaN,
        "Selling General And Administration": NaN,
        "Gross Profit": NaN,
        "Cost Of Revenue": NaN,
        "Total Revenue": NaN,
        "Operating Revenue": NaN
    },
    "2024-03-31": {
        "Tax Effect Of Unusual Items": NaN,
        "Tax Rate For Calcs": NaN,
        "Normalized EBITDA": NaN,
        "Total Unusual Items": NaN,
        "Total Unusual Items Excluding Goodwill": NaN,
        "Net Income From Continuing Operation Net Minority Interest": NaN,
        "Reconciled Depreciation": NaN,
        "Reconciled Cost Of Revenue": NaN,
        "EBITDA": NaN,
        "EBIT": NaN,
        "Net Interest Income": NaN,
        "Interest Expense": NaN,
        "Normalized Income": NaN,
        "Net Income From Continuing And Discontinued Operation": NaN,
        "Total Expenses": NaN,
        "Total Operating Income As Reported": NaN,
        "Diluted Average Shares": NaN,
        "Basic Average Shares": NaN,
        "Diluted EPS": NaN,
        "Basic EPS": NaN,
        "Diluted NI Availto Com Stockholders": NaN,
        "Net Income Common Stockholders": NaN,
        "Net Income": NaN,
        "Net Income Including Noncontrolling Interests": NaN,
        "Net Income Continuous Operations": NaN,
        "Tax Provision": NaN,
        "Pretax Income": NaN,
        "Other Income Expense": NaN,
        "Other Non Operating Income Expenses": NaN,
        "Special Income Charges": NaN,
        "Other Special Charges": NaN,
        "Net Non Operating Interest Income Expense": NaN,
        "Total Other Finance Cost": 156000.0,
        "Interest Expense Non Operating": NaN,
        "Operating Income": NaN,
        "Operating Expense": NaN,
        "Depreciation Amortization Depletion Income Statement": NaN,
        "Depreciation And Amortization In Income Statement": NaN,
        "Amortization": NaN,
        "Amortization Of Intangibles Income Statement": NaN,
        "Selling General And Administration": NaN,
        "Gross Profit": NaN,
        "Cost Of Revenue": NaN,
        "Total Revenue": NaN,
        "Operating Revenue": NaN
    },
    "2024-06-30": {
        "Tax Effect Of Unusual Items": NaN,
        "Tax Rate For Calcs": NaN,
        "Normalized EBITDA": NaN,
        "Total Unusual Items": NaN,
        "Total Unusual Items Excluding Goodwill": NaN,
        "Net Income From Continuing Operation Net Minority Interest": NaN,
        "Reconciled Depreciation": NaN,
        "Reconciled Cost Of Revenue": NaN,
        "EBITDA": NaN,
        "EBIT": NaN,
        "Net Interest Income": NaN,
        "Interest Expense": 115000.0,
        "Normalized Income": NaN,
        "Net Income From Continuing And Discontinued Operation": NaN,
        "Total Expenses": NaN,
        "Total Operating Income As Reported": NaN,
        "Diluted Average Shares": NaN,
        "Basic Average Shares": NaN,
        "Diluted EPS": NaN,
        "Basic EPS": NaN,
        "Diluted NI Availto Com Stockholders": NaN,
        "Net Income Common Stockholders": NaN,
        "Net Income": NaN,
        "Net Income Including Noncontrolling Interests": NaN,
        "Net Income Continuous Operations": NaN,
        "Tax Provision": NaN,
        "Pretax Income": NaN,
        "Other Income Expense": NaN,
        "Other Non Operating Income Expenses": NaN,
        "Special Income Charges": NaN,
        "Other Special Charges": NaN,
        "Net Non Operating Interest Income Expense": NaN,
        "Total Other Finance Cost": 115000.0,
        "Interest Expense Non Operating": 115000.0,
        "Operating Income": NaN,
        "Operating Expense": NaN,
        "Depreciation Amortization Depletion Income Statement": NaN,
        "Depreciation And Amortization In Income Statement": NaN,
        "Amortization": NaN,
        "Amortization Of Intangibles Income Statement": NaN,
        "Selling General And Administration": NaN,
        "Gross Profit": NaN,
        "Cost Of Revenue": NaN,
        "Total Revenue": NaN,
        "Operating Revenue": NaN
    },
    "2024-09-30": {
        "Tax Effect Of Unusual Items": -2083785.607196,
        "Tax Rate For Calcs": 0.274363,
        "Normalized EBITDA": 11438000.0,
        "Total Unusual Items": -7595000.0,
        "Total Unusual Items Excluding Goodwill": -7595000.0,
        "Net Income From Continuing Operation Net Minority Interest": 1936000.0,
        "Reconciled Depreciation": 1116000.0,
        "Reconciled Cost Of Revenue": 111680000.0,
        "EBITDA": 3843000.0,
        "EBIT": 2727000.0,
        "Net Interest Income": -59000.0,
        "Interest Expense": 59000.0,
        "Normalized Income": 7447214.392804,
        "Net Income From Continuing And Discontinued Operation": 1936000.0,
        "Total Expenses": 146047000.0,
        "Total Operating Income As Reported": 10620000.0,
        "Diluted Average Shares": 13863000.0,
        "Basic Average Shares": 13852000.0,
        "Diluted EPS": 0.14,
        "Basic EPS": 0.14,
        "Diluted NI Availto Com Stockholders": 1936000.0,
        "Net Income Common Stockholders": 1936000.0,
        "Net Income": 1936000.0,
        "Net Income Including Noncontrolling Interests": 1936000.0,
        "Net Income Continuous Operations": 1936000.0,
        "Tax Provision": 732000.0,
        "Pretax Income": 2668000.0,
        "Other Income Expense": -7893000.0,
        "Other Non Operating Income Expenses": -298000.0,
        "Special Income Charges": -7595000.0,
        "Other Special Charges": 7595000.0,
        "Net Non Operating Interest Income Expense": -59000.0,
        "Total Other Finance Cost": NaN,
        "Interest Expense Non Operating": 59000.0,
        "Operating Income": 10620000.0,
        "Operating Expense": 33282000.0,
        "Depreciation Amortization Depletion Income Statement": 31000.0,
        "Depreciation And Amortization In Income Statement": 31000.0,
        "Amortization": 31000.0,
        "Amortization Of Intangibles Income Statement": 31000.0,
        "Selling General And Administration": 33251000.0,
        "Gross Profit": 43902000.0,
        "Cost Of Revenue": 112765000.0,
        "Total Revenue": 156667000.0,
        "Operating Revenue": 156667000.0
    },
    "2024-12-31": {
        "Tax Effect Of Unusual Items": -3360.0,
        "Tax Rate For Calcs": 0.21,
        "Normalized EBITDA": 24378000.0,
        "Total Unusual Items": -16000.0,
        "Total Unusual Items Excluding Goodwill": -16000.0,
        "Net Income From Continuing Operation Net Minority Interest": 23999000.0,
        "Reconciled Depreciation": 1057000.0,
        "Reconciled Cost Of Revenue": 156775000.0,
        "EBITDA": 24362000.0,
        "EBIT": 23305000.0,
        "Net Interest Income": -283000.0,
        "Interest Expense": 283000.0,
        "Normalized Income": 24011640.0,
        "Net Income From Continuing And Discontinued Operation": 23999000.0,
        "Total Expenses": 189940000.0,
        "Total Operating Income As Reported": 23569000.0,
        "Diluted Average Shares": 13686000.0,
        "Basic Average Shares": 13673000.0,
        "Diluted EPS": 1.76,
        "Basic EPS": 1.76,
        "Diluted NI Availto Com Stockholders": 23999000.0,
        "Net Income Common Stockholders": 23999000.0,
        "Net Income": 23999000.0,
        "Net Income Including Noncontrolling Interests": 23999000.0,
        "Net Income Continuous Operations": 23999000.0,
        "Tax Provision": -977000.0,
        "Pretax Income": 23022000.0,
        "Other Income Expense": -264000.0,
        "Other Non Operating Income Expenses": -248000.0,
        "Special Income Charges": -16000.0,
        "Other Special Charges": 16000.0,
        "Net Non Operating Interest Income Expense": -283000.0,
        "Total Other Finance Cost": NaN,
        "Interest Expense Non Operating": 283000.0,
        "Operating Income": 23569000.0,
        "Operating Expense": 32186000.0,
        "Depreciation Amortization Depletion Income Statement": 78000.0,
        "Depreciation And Amortization In Income Statement": 78000.0,
        "Amortization": 78000.0,
        "Amortization Of Intangibles Income Statement": 78000.0,
        "Selling General And Administration": 32108000.0,
        "Gross Profit": 55755000.0,
        "Cost Of Revenue": 157754000.0,
        "Total Revenue": 213509000.0,
        "Operating Revenue": 213509000.0
    },
    "2025-03-31": {
        "Tax Effect Of Unusual Items": 0.0,
        "Tax Rate For Calcs": 0.288,
        "Normalized EBITDA": 3538000.0,
        "Total Unusual Items": NaN,
        "Total Unusual Items Excluding Goodwill": NaN,
        "Net Income From Continuing Operation Net Minority Interest": 1805000.0,
        "Reconciled Depreciation": 1225000.0,
        "Reconciled Cost Of Revenue": 99454000.0,
        "EBITDA": 3538000.0,
        "EBIT": 2313000.0,
        "Net Interest Income": 72000.0,
        "Interest Expense": NaN,
        "Normalized Income": 1805000.0,
        "Net Income From Continuing And Discontinued Operation": 1805000.0,
        "Total Expenses": 131059000.0,
        "Total Operating Income As Reported": 2313000.0,
        "Diluted Average Shares": 13788000.0,
        "Basic Average Shares": 13769000.0,
        "Diluted EPS": 0.13,
        "Basic EPS": 0.13,
        "Diluted NI Availto Com Stockholders": 1805000.0,
        "Net Income Common Stockholders": 1805000.0,
        "Net Income": 1805000.0,
        "Net Income Including Noncontrolling Interests": 1805000.0,
        "Net Income Continuous Operations": 1805000.0,
        "Tax Provision": 729000.0,
        "Pretax Income": 2534000.0,
        "Other Income Expense": 149000.0,
        "Other Non Operating Income Expenses": 149000.0,
        "Special Income Charges": NaN,
        "Other Special Charges": NaN,
        "Net Non Operating Interest Income Expense": 72000.0,
        "Total Other Finance Cost": -72000.0,
        "Interest Expense Non Operating": NaN,
        "Operating Income": 2313000.0,
        "Operating Expense": 30458000.0,
        "Depreciation Amortization Depletion Income Statement": 78000.0,
        "Depreciation And Amortization In Income Statement": 78000.0,
        "Amortization": 78000.0,
        "Amortization Of Intangibles Income Statement": 78000.0,
        "Selling General And Administration": 30380000.0,
        "Gross Profit": 32771000.0,
        "Cost Of Revenue": 100601000.0,
        "Total Revenue": 133372000.0,
        "Operating Revenue": 133372000.0
    },
    "2025-06-30": {
        "Tax Effect Of Unusual Items": 0.0,
        "Tax Rate For Calcs": 0.259,
        "Normalized EBITDA": 7241000.0,
        "Total Unusual Items": NaN,
        "Total Unusual Items Excluding Goodwill": NaN,
        "Net Income From Continuing Operation Net Minority Interest": 4453000.0,
        "Reconciled Depreciation": 1293000.0,
        "Reconciled Cost Of Revenue": 91424000.0,
        "EBITDA": 7241000.0,
        "EBIT": 5948000.0,
        "Net Interest Income": -121000.0,
        "Interest Expense": 121000.0,
        "Normalized Income": 4453000.0,
        "Net Income From Continuing And Discontinued Operation": 4453000.0,
        "Total Expenses": 121822000.0,
        "Total Operating Income As Reported": 5948000.0,
        "Diluted Average Shares": 13534000.0,
        "Basic Average Shares": 13516000.0,
        "Diluted EPS": 0.33,
        "Basic EPS": 0.33,
        "Diluted NI Availto Com Stockholders": 4453000.0,
        "Net Income Common Stockholders": 4453000.0,
        "Net Income": 4453000.0,
        "Net Income Including Noncontrolling Interests": 4453000.0,
        "Net Income Continuous Operations": 4453000.0,
        "Tax Provision": 1556000.0,
        "Pretax Income": 6009000.0,
        "Other Income Expense": 182000.0,
        "Other Non Operating Income Expenses": 182000.0,
        "Special Income Charges": NaN,
        "Other Special Charges": NaN,
        "Net Non Operating Interest Income Expense": -121000.0,
        "Total Other Finance Cost": 121000.0,
        "Interest Expense Non Operating": 121000.0,
        "Operating Income": 5948000.0,
        "Operating Expense": 29183000.0,
        "Depreciation Amortization Depletion Income Statement": 78000.0,
        "Depreciation And Amortization In Income Statement": 78000.0,
        "Amortization": 78000.0,
        "Amortization Of Intangibles Income Statement": 78000.0,
        "Selling General And Administration": 29105000.0,
        "Gross Profit": 35131000.0,
        "Cost Of Revenue": 92639000.0,
        "Total Revenue": 127770000.0,
        "Operating Revenue": 127770000.0
    },
    "2025-09-30": {
        "Tax Effect Of Unusual Items": 0.0,
        "Tax Rate For Calcs": 0.183704,
        "Normalized EBITDA": 3503000.0,
        "Total Unusual Items": 0.0,
        "Total Unusual Items Excluding Goodwill": 0.0,
        "Net Income From Continuing Operation Net Minority Interest": 1653000.0,
        "Reconciled Depreciation": 1254000.0,
        "Reconciled Cost Of Revenue": 103576000.0,
        "EBITDA": 3503000.0,
        "EBIT": 2249000.0,
        "Net Interest Income": -224000.0,
        "Interest Expense": 224000.0,
        "Normalized Income": 1653000.0,
        "Net Income From Continuing And Discontinued Operation": 1653000.0,
        "Total Expenses": 129905000.0,
        "Total Operating Income As Reported": 2874000.0,
        "Diluted Average Shares": 13508000.0,
        "Basic Average Shares": 13488000.0,
        "Diluted EPS": 0.12,
        "Basic EPS": 0.12,
        "Diluted NI Availto Com Stockholders": 1653000.0,
        "Net Income Common Stockholders": 1653000.0,
        "Net Income": 1653000.0,
        "Net Income Including Noncontrolling Interests": 1653000.0,
        "Net Income Continuous Operations": 1653000.0,
        "Tax Provision": 372000.0,
        "Pretax Income": 2025000.0,
        "Other Income Expense": -625000.0,
        "Other Non Operating Income Expenses": -625000.0,
        "Special Income Charges": 0.0,
        "Other Special Charges": NaN,
        "Net Non Operating Interest Income Expense": -224000.0,
        "Total Other Finance Cost": NaN,
        "Interest Expense Non Operating": 224000.0,
        "Operating Income": 2874000.0,
        "Operating Expense": 25152000.0,
        "Depreciation Amortization Depletion Income Statement": 77000.0,
        "Depreciation And Amortization In Income Statement": 77000.0,
        "Amortization": 77000.0,
        "Amortization Of Intangibles Income Statement": 77000.0,
        "Selling General And Administration": 25075000.0,
        "Gross Profit": 28026000.0,
        "Cost Of Revenue": 104753000.0,
        "Total Revenue": 132779000.0,
        "Operating Revenue": 132779000.0
    }
}