{
    "2023-06-30": {
        "Tax Effect Of Unusual Items": -611.28297,
        "Tax Rate For Calcs": 0.203761,
        "Total Unusual Items": -3000.0,
        "Total Unusual Items Excluding Goodwill": -3000.0,
        "Net Income From Continuing Operation Net Minority Interest": 9781000.0,
        "Reconciled Depreciation": 882000.0,
        "Net Interest Income": 30306000.0,
        "Interest Expense": 9765000.0,
        "Interest Income": 40071000.0,
        "Normalized Income": 9783388.71703,
        "Net Income From Continuing And Discontinued Operation": 9781000.0,
        "Diluted Average Shares": 8079000.0,
        "Basic Average Shares": 8042000.0,
        "Diluted EPS": 1.21,
        "Basic EPS": 1.22,
        "Diluted NI Availto Com Stockholders": 9781000.0,
        "Net Income Common Stockholders": 9781000.0,
        "Net Income": 9781000.0,
        "Net Income Including Noncontrolling Interests": 9781000.0,
        "Net Income Continuous Operations": 9781000.0,
        "Tax Provision": 2503000.0,
        "Pretax Income": 12284000.0,
        "Gain On Sale Of Security": 0.0,
        "Depreciation Amortization Depletion Income Statement": 389000.0,
        "Depreciation And Amortization In Income Statement": 389000.0,
        "Amortization": 389000.0,
        "Amortization Of Intangibles Income Statement": 389000.0,
        "Selling General And Administration": 13043000.0,
        "Selling And Marketing Expense": 442000.0,
        "General And Administrative Expense": 12601000.0,
        "Salaries And Wages": 12601000.0,
        "Total Revenue": 33754000.0,
        "Operating Revenue": 33754000.0,
        "Occupancy And Equipment": 2447000.0,
        "Professional Expense And Contract Services Expense": 459000.0,
        "Other Non Interest Expense": 4470000.0
    },
    "2023-03-31": {
        "Tax Effect Of Unusual Items": -3400.0,
        "Tax Rate For Calcs": 0.2,
        "Total Unusual Items": -17000.0,
        "Total Unusual Items Excluding Goodwill": -17000.0,
        "Net Income From Continuing Operation Net Minority Interest": 11320000.0,
        "Reconciled Depreciation": 894000.0,
        "Net Interest Income": 31595000.0,
        "Interest Expense": 6520000.0,
        "Interest Income": 38115000.0,
        "Normalized Income": 11333600.0,
        "Net Income From Continuing And Discontinued Operation": 11320000.0,
        "Diluted Average Shares": 8137000.0,
        "Basic Average Shares": 8088000.0,
        "Diluted EPS": 1.39,
        "Basic EPS": 1.4,
        "Diluted NI Availto Com Stockholders": 11320000.0,
        "Net Income Common Stockholders": 11320000.0,
        "Net Income": 11320000.0,
        "Net Income Including Noncontrolling Interests": 11320000.0,
        "Net Income Continuous Operations": 11320000.0,
        "Tax Provision": 2832000.0,
        "Pretax Income": 14152000.0,
        "Gain On Sale Of Security": -249000.0,
        "Depreciation Amortization Depletion Income Statement": 446000.0,
        "Depreciation And Amortization In Income Statement": 446000.0,
        "Amortization": 446000.0,
        "Amortization Of Intangibles Income Statement": 446000.0,
        "Selling General And Administration": 12746000.0,
        "Selling And Marketing Expense": 307000.0,
        "General And Administrative Expense": 12439000.0,
        "Salaries And Wages": 12439000.0,
        "Total Revenue": 34906000.0,
        "Operating Revenue": 34906000.0,
        "Occupancy And Equipment": 2350000.0,
        "Professional Expense And Contract Services Expense": 364000.0,
        "Other Non Interest Expense": 3824000.0
    },
    "2022-12-31": {
        "Tax Effect Of Unusual Items": 1793.044512,
        "Tax Rate For Calcs": 0.199227,
        "Total Unusual Items": 9000.0,
        "Total Unusual Items Excluding Goodwill": 9000.0,
        "Net Income From Continuing Operation Net Minority Interest": 10776000.0,
        "Reconciled Depreciation": 926000.0,
        "Net Interest Income": 33286000.0,
        "Interest Expense": 3309000.0,
        "Interest Income": 36595000.0,
        "Normalized Income": 10768793.044512,
        "Net Income From Continuing And Discontinued Operation": 10776000.0,
        "Diluted Average Shares": 8119481.0,
        "Basic Average Shares": 8070734.0,
        "Diluted EPS": 1.32,
        "Basic EPS": 1.33,
        "Diluted NI Availto Com Stockholders": 10776000.0,
        "Net Income Common Stockholders": 10776000.0,
        "Net Income": 10776000.0,
        "Net Income Including Noncontrolling Interests": 10776000.0,
        "Net Income Continuous Operations": 10776000.0,
        "Tax Provision": 2681000.0,
        "Pretax Income": 13457000.0,
        "Gain On Sale Of Security": NaN,
        "Depreciation Amortization Depletion Income Statement": 443000.0,
        "Depreciation And Amortization In Income Statement": 443000.0,
        "Amortization": 443000.0,
        "Amortization Of Intangibles Income Statement": 443000.0,
        "Selling General And Administration": 13430000.0,
        "Selling And Marketing Expense": 550000.0,
        "General And Administrative Expense": 12880000.0,
        "Salaries And Wages": 12880000.0,
        "Total Revenue": 36625000.0,
        "Operating Revenue": 36625000.0
    },
    "2022-09-30": {
        "Tax Effect Of Unusual Items": NaN,
        "Tax Rate For Calcs": NaN,
        "Total Unusual Items": NaN,
        "Total Unusual Items Excluding Goodwill": NaN,
        "Net Income From Continuing Operation Net Minority Interest": NaN,
        "Reconciled Depreciation": NaN,
        "Net Interest Income": NaN,
        "Interest Expense": NaN,
        "Interest Income": NaN,
        "Normalized Income": NaN,
        "Net Income From Continuing And Discontinued Operation": NaN,
        "Diluted Average Shares": NaN,
        "Basic Average Shares": NaN,
        "Diluted EPS": NaN,
        "Basic EPS": NaN,
        "Diluted NI Availto Com Stockholders": NaN,
        "Net Income Common Stockholders": NaN,
        "Net Income": NaN,
        "Net Income Including Noncontrolling Interests": NaN,
        "Net Income Continuous Operations": NaN,
        "Tax Provision": NaN,
        "Pretax Income": NaN,
        "Gain On Sale Of Security": NaN,
        "Depreciation Amortization Depletion Income Statement": NaN,
        "Depreciation And Amortization In Income Statement": NaN,
        "Amortization": NaN,
        "Amortization Of Intangibles Income Statement": NaN,
        "Selling General And Administration": NaN,
        "Selling And Marketing Expense": NaN,
        "General And Administrative Expense": NaN,
        "Other Gand A": 2284000.0,
        "Salaries And Wages": NaN,
        "Total Revenue": NaN,
        "Operating Revenue": NaN
    },
    "2022-06-30": {
        "Tax Effect Of Unusual Items": -1197.61612,
        "Tax Rate For Calcs": 0.199603,
        "Total Unusual Items": -6000.0,
        "Total Unusual Items Excluding Goodwill": -6000.0,
        "Net Income From Continuing Operation Net Minority Interest": 8461000.0,
        "Reconciled Depreciation": 454000.0,
        "Net Interest Income": 29241000.0,
        "Interest Expense": 1264000.0,
        "Interest Income": 30505000.0,
        "Normalized Income": 8465802.38388,
        "Net Income From Continuing And Discontinued Operation": 8461000.0,
        "Diluted Average Shares": 8186000.0,
        "Basic Average Shares": 8129000.0,
        "Diluted EPS": 1.03,
        "Basic EPS": 1.04,
        "Diluted NI Availto Com Stockholders": 8461000.0,
        "Net Income Common Stockholders": 8461000.0,
        "Net Income": 8461000.0,
        "Net Income Including Noncontrolling Interests": 8461000.0,
        "Net Income Continuous Operations": 8461000.0,
        "Tax Provision": 2110000.0,
        "Pretax Income": 10571000.0,
        "Gain On Sale Of Security": NaN,
        "Depreciation Amortization Depletion Income Statement": 454000.0,
        "Depreciation And Amortization In Income Statement": 454000.0,
        "Amortization": 454000.0,
        "Amortization Of Intangibles Income Statement": 454000.0,
        "Selling General And Administration": 13231000.0,
        "Selling And Marketing Expense": 648000.0,
        "General And Administrative Expense": 12583000.0,
        "Other Gand A": 2533000.0,
        "Salaries And Wages": 12583000.0,
        "Total Revenue": 32927000.0,
        "Operating Revenue": 32927000.0
    },
    "2022-03-31": {
        "Diluted EPS": 0.53,
        "Total Revenue": 28,
        "Gross Profit": 27,
        "Operating Income": 5,
        "EBIT": NaN,
        "Net Income": 4
    },
    "2021-12-31": {
        "Diluted EPS": 1.23,
        "Total Revenue": 29,
        "Gross Profit": 28,
        "Operating Income": 13,
        "EBIT": NaN,
        "Net Income": 10
    },
    "2021-09-30": {
        "Diluted EPS": 1.79,
        "Total Revenue": 34,
        "Gross Profit": 33,
        "Operating Income": 18,
        "EBIT": NaN,
        "Net Income": 15
    },
    "2021-06-30": {
        "Diluted EPS": 1.34,
        "Total Revenue": 29,
        "Gross Profit": 27,
        "Operating Income": 14,
        "EBIT": NaN,
        "Net Income": 11
    },
    "2021-03-31": {
        "Diluted EPS": 1.41,
        "Total Revenue": 31,
        "Gross Profit": 29,
        "Operating Income": 15,
        "EBIT": NaN,
        "Net Income": 12
    },
    "2020-12-31": {
        "Diluted EPS": 1.24,
        "Total Revenue": 31,
        "Gross Profit": 29,
        "Operating Income": 13,
        "EBIT": NaN,
        "Net Income": 11
    },
    "2020-09-30": {
        "Diluted EPS": 1.01,
        "Total Revenue": 30,
        "Gross Profit": 27,
        "Operating Income": 11,
        "EBIT": NaN,
        "Net Income": 9
    },
    "2020-06-30": {
        "Diluted EPS": 0.33,
        "Total Revenue": 29,
        "Gross Profit": 26,
        "Operating Income": 4,
        "EBIT": NaN,
        "Net Income": 3
    },
    "2020-03-31": {
        "Diluted EPS": 0.27,
        "Total Revenue": 29,
        "Gross Profit": 25,
        "Operating Income": 3,
        "EBIT": NaN,
        "Net Income": 2
    },
    "2019-12-31": {
        "Diluted EPS": 0.74,
        "Total Revenue": 29,
        "Gross Profit": 25,
        "Operating Income": 8,
        "EBIT": NaN,
        "Net Income": 7
    },
    "2019-09-30": {
        "Diluted EPS": 0.75,
        "Total Revenue": 30,
        "Gross Profit": 26,
        "Operating Income": 8,
        "EBIT": NaN,
        "Net Income": 7
    },
    "2019-06-30": {
        "Diluted EPS": 0.71,
        "Total Revenue": 29,
        "Gross Profit": 25,
        "Operating Income": 8,
        "EBIT": NaN,
        "Net Income": 7
    },
    "2019-03-31": {
        "Diluted EPS": 0.85,
        "Total Revenue": 29,
        "Gross Profit": 25,
        "Operating Income": 9,
        "EBIT": NaN,
        "Net Income": 8
    },
    "2018-12-31": {
        "Diluted EPS": 0.87,
        "Total Revenue": 29,
        "Gross Profit": 26,
        "Operating Income": 9,
        "EBIT": NaN,
        "Net Income": 8
    },
    "2018-09-30": {
        "Diluted EPS": 0.89,
        "Total Revenue": 29,
        "Gross Profit": 27,
        "Operating Income": 10,
        "EBIT": NaN,
        "Net Income": 8
    },
    "2018-06-30": {
        "Diluted EPS": 0.83,
        "Total Revenue": 29,
        "Gross Profit": 27,
        "Operating Income": 10,
        "EBIT": NaN,
        "Net Income": 8
    },
    "2018-03-31": {
        "Diluted EPS": 0.81,
        "Total Revenue": 28,
        "Gross Profit": 26,
        "Operating Income": 9,
        "EBIT": NaN,
        "Net Income": 7
    },
    "2017-12-31": {
        "Diluted EPS": 0.41,
        "Total Revenue": 25,
        "Gross Profit": 23,
        "Operating Income": 10,
        "EBIT": NaN,
        "Net Income": 3
    },
    "2017-09-30": {
        "Diluted EPS": 0.56,
        "Total Revenue": 20,
        "Gross Profit": 18,
        "Operating Income": 6,
        "EBIT": NaN,
        "Net Income": 4
    },
    "2017-06-30": {
        "Diluted EPS": 0.62,
        "Total Revenue": 20,
        "Gross Profit": 18,
        "Operating Income": 7,
        "EBIT": NaN,
        "Net Income": 4
    },
    "2017-03-31": {
        "Diluted EPS": 0.69,
        "Total Revenue": 20,
        "Gross Profit": 19,
        "Operating Income": 7,
        "EBIT": NaN,
        "Net Income": 5
    },
    "2016-12-31": {
        "Diluted EPS": 0.6,
        "Total Revenue": 20,
        "Gross Profit": 18,
        "Operating Income": 7,
        "EBIT": NaN,
        "Net Income": 4
    },
    "2016-09-30": {
        "Diluted EPS": 0.61,
        "Total Revenue": 19,
        "Gross Profit": 18,
        "Operating Income": 7,
        "EBIT": NaN,
        "Net Income": 4
    },
    "2016-06-30": {
        "Diluted EPS": 0.57,
        "Total Revenue": 20,
        "Gross Profit": 19,
        "Operating Income": 6,
        "EBIT": NaN,
        "Net Income": 4
    },
    "2016-03-31": {
        "Diluted EPS": 0.47,
        "Total Revenue": 20,
        "Gross Profit": 18,
        "Operating Income": 5,
        "EBIT": NaN,
        "Net Income": 3
    },
    "2015-12-31": {
        "Diluted EPS": 0.56,
        "Total Revenue": 20,
        "Gross Profit": 18,
        "Operating Income": 6,
        "EBIT": NaN,
        "Net Income": 4
    },
    "2015-09-30": {
        "Diluted EPS": 0.41,
        "Total Revenue": 17,
        "Gross Profit": 16,
        "Operating Income": 5,
        "EBIT": NaN,
        "Net Income": 3
    },
    "2015-06-30": {
        "Diluted EPS": 0.41,
        "Total Revenue": 16,
        "Gross Profit": 15,
        "Operating Income": 4,
        "EBIT": NaN,
        "Net Income": 3
    },
    "2015-03-31": {
        "Diluted EPS": 0.41,
        "Total Revenue": 15,
        "Gross Profit": 15,
        "Operating Income": 4,
        "EBIT": NaN,
        "Net Income": 3
    },
    "2014-12-31": {
        "Diluted EPS": 0.4,
        "Total Revenue": 16,
        "Gross Profit": 15,
        "Operating Income": 4,
        "EBIT": NaN,
        "Net Income": 3
    },
    "2014-09-30": {
        "Diluted EPS": 0.41,
        "Total Revenue": 16,
        "Gross Profit": 15,
        "Operating Income": 5,
        "EBIT": NaN,
        "Net Income": 3
    },
    "2014-06-30": {
        "Diluted EPS": 0.4,
        "Total Revenue": 16,
        "Gross Profit": 15,
        "Operating Income": 4,
        "EBIT": NaN,
        "Net Income": 3
    },
    "2014-03-31": {
        "Diluted EPS": 0.21,
        "Total Revenue": 14,
        "Gross Profit": 13,
        "Operating Income": 2,
        "EBIT": NaN,
        "Net Income": 1
    },
    "2013-12-31": {
        "Diluted EPS": 0.25,
        "Total Revenue": 13,
        "Gross Profit": 12,
        "Operating Income": 3,
        "EBIT": NaN,
        "Net Income": 2
    },
    "2013-09-30": {
        "Diluted EPS": 0.37,
        "Total Revenue": 13,
        "Gross Profit": 12,
        "Operating Income": 4,
        "EBIT": NaN,
        "Net Income": 2
    },
    "2013-06-30": {
        "Diluted EPS": 0.18,
        "Total Revenue": 13,
        "Gross Profit": 12,
        "Operating Income": 2,
        "EBIT": NaN,
        "Net Income": 1
    },
    "2013-03-31": {
        "Diluted EPS": 0.26,
        "Total Revenue": 13,
        "Gross Profit": 12,
        "Operating Income": 3,
        "EBIT": NaN,
        "Net Income": 2
    },
    "2012-12-31": {
        "Diluted EPS": 0.33,
        "Total Revenue": 14,
        "Gross Profit": 12,
        "Operating Income": 3,
        "EBIT": NaN,
        "Net Income": 2
    },
    "2012-09-30": {
        "Diluted EPS": 0.42,
        "Total Revenue": 14,
        "Gross Profit": 13,
        "Operating Income": 5,
        "EBIT": NaN,
        "Net Income": 3
    },
    "2012-06-30": {
        "Diluted EPS": 0.24,
        "Total Revenue": 13,
        "Gross Profit": 12,
        "Operating Income": 3,
        "EBIT": NaN,
        "Net Income": 2
    },
    "2012-03-31": {
        "Diluted EPS": 0.29,
        "Total Revenue": 13,
        "Gross Profit": 12,
        "Operating Income": 3,
        "EBIT": NaN,
        "Net Income": 2
    },
    "2011-12-31": {
        "Diluted EPS": 0.3,
        "Total Revenue": 13,
        "Gross Profit": 12,
        "Operating Income": 3,
        "EBIT": NaN,
        "Net Income": 2
    },
    "2011-09-30": {
        "Diluted EPS": 0.13,
        "Total Revenue": 12,
        "Gross Profit": 11,
        "Operating Income": 1,
        "EBIT": NaN,
        "Net Income": 1
    },
    "2011-06-30": {
        "Diluted EPS": 0.17,
        "Total Revenue": 10,
        "Gross Profit": 9,
        "Operating Income": 2,
        "EBIT": NaN,
        "Net Income": 1
    },
    "2011-03-31": {
        "Diluted EPS": 0.11,
        "Total Revenue": 9,
        "Gross Profit": 8,
        "Operating Income": 1,
        "EBIT": NaN,
        "Net Income": 1
    },
    "2010-12-31": {
        "Diluted EPS": 0.2,
        "Total Revenue": 10,
        "Gross Profit": 9,
        "Operating Income": 2,
        "EBIT": NaN,
        "Net Income": 1
    },
    "2010-09-30": {
        "Diluted EPS": 0.12,
        "Total Revenue": 9,
        "Gross Profit": 8,
        "Operating Income": 1,
        "EBIT": NaN,
        "Net Income": 1
    },
    "2010-06-30": {
        "Diluted EPS": 0.19,
        "Total Revenue": 10,
        "Gross Profit": 9,
        "Operating Income": 2,
        "EBIT": NaN,
        "Net Income": 1
    },
    "2010-03-31": {
        "Diluted EPS": 0.11,
        "Total Revenue": 8,
        "Gross Profit": 7,
        "Operating Income": 1,
        "EBIT": NaN,
        "Net Income": 1
    },
    "2009-12-31": {
        "Diluted EPS": 0.0,
        "Total Revenue": 6,
        "Gross Profit": 5,
        "Operating Income": 0,
        "EBIT": NaN,
        "Net Income": 0
    },
    "2009-09-30": {
        "Diluted EPS": 0.19,
        "Total Revenue": 9,
        "Gross Profit": 7,
        "Operating Income": 2,
        "EBIT": NaN,
        "Net Income": 1
    },
    "2009-06-30": {
        "Diluted EPS": 0.18,
        "Total Revenue": 9,
        "Gross Profit": 7,
        "Operating Income": 2,
        "EBIT": NaN,
        "Net Income": 1
    },
    "2009-03-31": {
        "Diluted EPS": 0.21,
        "Total Revenue": 8,
        "Gross Profit": 7,
        "Operating Income": 3,
        "EBIT": NaN,
        "Net Income": 2
    },
    "2023-09-30": {
        "Tax Effect Of Unusual Items": 0.0,
        "Tax Rate For Calcs": 0.201735,
        "Total Unusual Items": 0.0,
        "Total Unusual Items Excluding Goodwill": 0.0,
        "Net Income From Continuing Operation Net Minority Interest": 9754000.0,
        "Reconciled Depreciation": 883000.0,
        "Net Interest Income": 29509000.0,
        "Interest Expense": 12569000.0,
        "Interest Income": 42078000.0,
        "Normalized Income": 9754000.0,
        "Net Income From Continuing And Discontinued Operation": 9754000.0,
        "Diluted Average Shares": 8039000.0,
        "Basic Average Shares": 8006000.0,
        "Diluted EPS": 1.22,
        "Basic EPS": 1.22,
        "Diluted NI Availto Com Stockholders": 9754000.0,
        "Net Income Common Stockholders": 9754000.0,
        "Net Income": 9754000.0,
        "Net Income Including Noncontrolling Interests": 9754000.0,
        "Net Income Continuous Operations": 9754000.0,
        "Tax Provision": 2465000.0,
        "Pretax Income": 12219000.0,
        "Gain On Sale Of Security": 0.0,
        "Depreciation Amortization Depletion Income Statement": 389000.0,
        "Depreciation And Amortization In Income Statement": 389000.0,
        "Amortization": 389000.0,
        "Amortization Of Intangibles Income Statement": 389000.0,
        "Selling General And Administration": 13130000.0,
        "Selling And Marketing Expense": 638000.0,
        "General And Administrative Expense": 12492000.0,
        "Salaries And Wages": 12492000.0,
        "Total Revenue": 33908000.0,
        "Operating Revenue": 33908000.0,
        "Occupancy And Equipment": 2410000.0,
        "Professional Expense And Contract Services Expense": 402000.0,
        "Other Non Interest Expense": 5007000.0
    },
    "2023-12-31": {
        "Tax Effect Of Unusual Items": NaN,
        "Tax Rate For Calcs": NaN,
        "Total Unusual Items": NaN,
        "Total Unusual Items Excluding Goodwill": NaN,
        "Net Income From Continuing Operation Net Minority Interest": NaN,
        "Reconciled Depreciation": NaN,
        "Net Interest Income": NaN,
        "Interest Expense": NaN,
        "Interest Income": NaN,
        "Normalized Income": NaN,
        "Net Income From Continuing And Discontinued Operation": NaN,
        "Diluted Average Shares": NaN,
        "Basic Average Shares": NaN,
        "Diluted EPS": NaN,
        "Basic EPS": NaN,
        "Diluted NI Availto Com Stockholders": NaN,
        "Net Income Common Stockholders": NaN,
        "Net Income": NaN,
        "Net Income Including Noncontrolling Interests": NaN,
        "Net Income Continuous Operations": NaN,
        "Tax Provision": NaN,
        "Pretax Income": NaN,
        "Gain On Sale Of Security": 0.0,
        "Depreciation Amortization Depletion Income Statement": NaN,
        "Depreciation And Amortization In Income Statement": NaN,
        "Amortization": NaN,
        "Amortization Of Intangibles Income Statement": NaN,
        "Selling General And Administration": NaN,
        "Selling And Marketing Expense": NaN,
        "General And Administrative Expense": NaN,
        "Salaries And Wages": NaN,
        "Total Revenue": NaN,
        "Operating Revenue": NaN,
        "Occupancy And Equipment": NaN,
        "Professional Expense And Contract Services Expense": NaN,
        "Other Non Interest Expense": NaN
    },
    "2024-03-31": {
        "Tax Effect Of Unusual Items": NaN,
        "Tax Rate For Calcs": NaN,
        "Total Unusual Items": NaN,
        "Total Unusual Items Excluding Goodwill": NaN,
        "Net Income From Continuing Operation Net Minority Interest": NaN,
        "Reconciled Depreciation": NaN,
        "Net Interest Income": NaN,
        "Interest Expense": NaN,
        "Interest Income": NaN,
        "Normalized Income": NaN,
        "Net Income From Continuing And Discontinued Operation": NaN,
        "Diluted Average Shares": NaN,
        "Basic Average Shares": NaN,
        "Diluted EPS": NaN,
        "Basic EPS": NaN,
        "Diluted NI Availto Com Stockholders": NaN,
        "Net Income Common Stockholders": NaN,
        "Net Income": NaN,
        "Net Income Including Noncontrolling Interests": NaN,
        "Net Income Continuous Operations": NaN,
        "Tax Provision": NaN,
        "Pretax Income": NaN,
        "Gain On Sale Of Security": 0.0,
        "Depreciation Amortization Depletion Income Statement": NaN,
        "Depreciation And Amortization In Income Statement": NaN,
        "Amortization": NaN,
        "Amortization Of Intangibles Income Statement": NaN,
        "Selling General And Administration": NaN,
        "Selling And Marketing Expense": NaN,
        "General And Administrative Expense": NaN,
        "Salaries And Wages": NaN,
        "Total Revenue": NaN,
        "Operating Revenue": NaN,
        "Occupancy And Equipment": NaN,
        "Professional Expense And Contract Services Expense": NaN,
        "Other Non Interest Expense": NaN
    },
    "2024-06-30": {
        "Tax Effect Of Unusual Items": NaN,
        "Tax Rate For Calcs": NaN,
        "Total Unusual Items": NaN,
        "Total Unusual Items Excluding Goodwill": NaN,
        "Net Income From Continuing Operation Net Minority Interest": NaN,
        "Reconciled Depreciation": NaN,
        "Net Interest Income": NaN,
        "Interest Expense": NaN,
        "Interest Income": NaN,
        "Normalized Income": NaN,
        "Net Income From Continuing And Discontinued Operation": NaN,
        "Diluted Average Shares": NaN,
        "Basic Average Shares": NaN,
        "Diluted EPS": NaN,
        "Basic EPS": NaN,
        "Diluted NI Availto Com Stockholders": NaN,
        "Net Income Common Stockholders": NaN,
        "Net Income": NaN,
        "Net Income Including Noncontrolling Interests": NaN,
        "Net Income Continuous Operations": NaN,
        "Tax Provision": NaN,
        "Pretax Income": NaN,
        "Gain On Sale Of Security": 0.0,
        "Depreciation Amortization Depletion Income Statement": NaN,
        "Depreciation And Amortization In Income Statement": NaN,
        "Amortization": NaN,
        "Amortization Of Intangibles Income Statement": NaN,
        "Selling General And Administration": NaN,
        "Selling And Marketing Expense": NaN,
        "General And Administrative Expense": NaN,
        "Salaries And Wages": NaN,
        "Total Revenue": NaN,
        "Operating Revenue": NaN,
        "Occupancy And Equipment": NaN,
        "Professional Expense And Contract Services Expense": NaN,
        "Other Non Interest Expense": NaN
    },
    "2024-09-30": {
        "Tax Effect Of Unusual Items": -1920.0,
        "Tax Rate For Calcs": 0.192,
        "Total Unusual Items": -10000.0,
        "Total Unusual Items Excluding Goodwill": -10000.0,
        "Net Income From Continuing Operation Net Minority Interest": 9437000.0,
        "Reconciled Depreciation": 917000.0,
        "Net Interest Income": 30382000.0,
        "Interest Expense": 16997000.0,
        "Interest Income": 47379000.0,
        "Normalized Income": 9445080.0,
        "Net Income From Continuing And Discontinued Operation": 9437000.0,
        "Diluted Average Shares": 7966957.0,
        "Basic Average Shares": 7921582.0,
        "Diluted EPS": 1.18,
        "Basic EPS": 1.19,
        "Diluted NI Availto Com Stockholders": 9437000.0,
        "Net Income Common Stockholders": 9437000.0,
        "Net Income": 9437000.0,
        "Net Income Including Noncontrolling Interests": 9437000.0,
        "Net Income Continuous Operations": 9437000.0,
        "Tax Provision": 2239000.0,
        "Pretax Income": 11676000.0,
        "Gain On Sale Of Security": 0.0,
        "Depreciation Amortization Depletion Income Statement": 328000.0,
        "Depreciation And Amortization In Income Statement": 328000.0,
        "Amortization": 328000.0,
        "Amortization Of Intangibles Income Statement": 328000.0,
        "Selling General And Administration": 13440000.0,
        "Selling And Marketing Expense": 382000.0,
        "General And Administrative Expense": 13058000.0,
        "Salaries And Wages": 13058000.0,
        "Total Revenue": 34074000.0,
        "Operating Revenue": 34074000.0,
        "Occupancy And Equipment": 2732000.0,
        "Professional Expense And Contract Services Expense": 450000.0,
        "Other Non Interest Expense": 5308000.0
    },
    "2024-12-31": {
        "Tax Effect Of Unusual Items": 7528.656044,
        "Tax Rate For Calcs": 0.193042,
        "Total Unusual Items": 39000.0,
        "Total Unusual Items Excluding Goodwill": 39000.0,
        "Net Income From Continuing Operation Net Minority Interest": 9673000.0,
        "Reconciled Depreciation": 824000.0,
        "Net Interest Income": 31586000.0,
        "Interest Expense": 16218000.0,
        "Interest Income": 47804000.0,
        "Normalized Income": 9641528.656044,
        "Net Income From Continuing And Discontinued Operation": 9673000.0,
        "Diluted Average Shares": 7993852.0,
        "Basic Average Shares": 7944629.0,
        "Diluted EPS": 1.21,
        "Basic EPS": 1.22,
        "Diluted NI Availto Com Stockholders": 9673000.0,
        "Net Income Common Stockholders": 9673000.0,
        "Net Income": 9673000.0,
        "Net Income Including Noncontrolling Interests": 9673000.0,
        "Net Income Continuous Operations": 9673000.0,
        "Tax Provision": 2314000.0,
        "Pretax Income": 11987000.0,
        "Gain On Sale Of Security": 0.0,
        "Depreciation Amortization Depletion Income Statement": 317000.0,
        "Depreciation And Amortization In Income Statement": 317000.0,
        "Amortization": 317000.0,
        "Amortization Of Intangibles Income Statement": 317000.0,
        "Selling General And Administration": 13981000.0,
        "Selling And Marketing Expense": 667000.0,
        "General And Administrative Expense": 13314000.0,
        "Salaries And Wages": 13314000.0,
        "Total Revenue": 35215000.0,
        "Operating Revenue": 35215000.0,
        "Occupancy And Equipment": 2342000.0,
        "Professional Expense And Contract Services Expense": 416000.0,
        "Other Non Interest Expense": 5059000.0
    },
    "2025-03-31": {
        "Tax Effect Of Unusual Items": 1845.0,
        "Tax Rate For Calcs": 0.205,
        "Total Unusual Items": 9000.0,
        "Total Unusual Items Excluding Goodwill": 9000.0,
        "Net Income From Continuing Operation Net Minority Interest": 10964000.0,
        "Reconciled Depreciation": 834000.0,
        "Net Interest Income": 31749000.0,
        "Interest Expense": 15452000.0,
        "Interest Income": 47201000.0,
        "Normalized Income": 10956845.0,
        "Net Income From Continuing And Discontinued Operation": 10964000.0,
        "Diluted Average Shares": 8026815.0,
        "Basic Average Shares": 7949477.0,
        "Diluted EPS": 1.37,
        "Basic EPS": 1.38,
        "Diluted NI Availto Com Stockholders": 10964000.0,
        "Net Income Common Stockholders": 10964000.0,
        "Net Income": 10964000.0,
        "Net Income Including Noncontrolling Interests": 10964000.0,
        "Net Income Continuous Operations": 10964000.0,
        "Tax Provision": 2821000.0,
        "Pretax Income": 13785000.0,
        "Gain On Sale Of Security": NaN,
        "Depreciation Amortization Depletion Income Statement": 293000.0,
        "Depreciation And Amortization In Income Statement": 293000.0,
        "Amortization": 293000.0,
        "Amortization Of Intangibles Income Statement": 293000.0,
        "Selling General And Administration": 13081000.0,
        "Selling And Marketing Expense": 429000.0,
        "General And Administrative Expense": 12652000.0,
        "Salaries And Wages": 12652000.0,
        "Total Revenue": 35758000.0,
        "Operating Revenue": 35758000.0,
        "Occupancy And Equipment": 2561000.0,
        "Professional Expense And Contract Services Expense": 405000.0,
        "Other Non Interest Expense": 5239000.0
    },
    "2025-06-30": {
        "Tax Effect Of Unusual Items": -400.959706,
        "Tax Rate For Calcs": 0.20048,
        "Total Unusual Items": -2000.0,
        "Total Unusual Items Excluding Goodwill": -2000.0,
        "Net Income From Continuing Operation Net Minority Interest": 11330000.0,
        "Reconciled Depreciation": 813000.0,
        "Net Interest Income": 33351000.0,
        "Interest Expense": 15278000.0,
        "Interest Income": 48629000.0,
        "Normalized Income": 11331599.040294,
        "Net Income From Continuing And Discontinued Operation": 11330000.0,
        "Diluted Average Shares": 7781021.0,
        "Basic Average Shares": 7707423.0,
        "Diluted EPS": 1.45,
        "Basic EPS": 1.47,
        "Diluted NI Availto Com Stockholders": 11330000.0,
        "Net Income Common Stockholders": 11330000.0,
        "Net Income": 11330000.0,
        "Net Income Including Noncontrolling Interests": 11330000.0,
        "Net Income Continuous Operations": 11330000.0,
        "Tax Provision": 2841000.0,
        "Pretax Income": 14171000.0,
        "Gain On Sale Of Security": NaN,
        "Depreciation Amortization Depletion Income Statement": 269000.0,
        "Depreciation And Amortization In Income Statement": 269000.0,
        "Amortization": 269000.0,
        "Amortization Of Intangibles Income Statement": 269000.0,
        "Selling General And Administration": 13783000.0,
        "Selling And Marketing Expense": 461000.0,
        "General And Administrative Expense": 13322000.0,
        "Salaries And Wages": 13322000.0,
        "Total Revenue": 37067000.0,
        "Operating Revenue": 37067000.0,
        "Occupancy And Equipment": 2513000.0,
        "Professional Expense And Contract Services Expense": 396000.0,
        "Other Non Interest Expense": 6416000.0
    },
    "2025-09-30": {
        "Tax Effect Of Unusual Items": 0.0,
        "Tax Rate For Calcs": 0.204929,
        "Total Unusual Items": 0.0,
        "Total Unusual Items Excluding Goodwill": 0.0,
        "Net Income From Continuing Operation Net Minority Interest": 12357000.0,
        "Reconciled Depreciation": 826000.0,
        "Net Interest Income": 34106000.0,
        "Interest Expense": 15116000.0,
        "Interest Income": 49222000.0,
        "Normalized Income": 12357000.0,
        "Net Income From Continuing And Discontinued Operation": 12357000.0,
        "Diluted Average Shares": 7783000.0,
        "Basic Average Shares": 7713000.0,
        "Diluted EPS": 1.59,
        "Basic EPS": 1.6,
        "Diluted NI Availto Com Stockholders": 12357000.0,
        "Net Income Common Stockholders": 12357000.0,
        "Net Income": 12357000.0,
        "Net Income Including Noncontrolling Interests": 12357000.0,
        "Net Income Continuous Operations": 12357000.0,
        "Tax Provision": 3185000.0,
        "Pretax Income": 15542000.0,
        "Gain On Sale Of Security": NaN,
        "Depreciation Amortization Depletion Income Statement": 268000.0,
        "Depreciation And Amortization In Income Statement": 268000.0,
        "Amortization": 268000.0,
        "Amortization Of Intangibles Income Statement": 268000.0,
        "Selling General And Administration": 14046000.0,
        "Selling And Marketing Expense": 515000.0,
        "General And Administrative Expense": 13531000.0,
        "Salaries And Wages": 13531000.0,
        "Total Revenue": 37844000.0,
        "Operating Revenue": 37844000.0,
        "Occupancy And Equipment": 2544000.0,
        "Professional Expense And Contract Services Expense": 406000.0,
        "Other Non Interest Expense": 5267000.0
    }
}