{
    "2023-03-31": {
        "Tax Effect Of Unusual Items": NaN,
        "Tax Rate For Calcs": NaN,
        "Normalized EBITDA": NaN,
        "Total Unusual Items": NaN,
        "Total Unusual Items Excluding Goodwill": NaN,
        "Net Income From Continuing Operation Net Minority Interest": NaN,
        "Reconciled Depreciation": NaN,
        "Reconciled Cost Of Revenue": NaN,
        "EBITDA": NaN,
        "EBIT": NaN,
        "Net Interest Income": NaN,
        "Interest Expense": NaN,
        "Normalized Income": NaN,
        "Net Income From Continuing And Discontinued Operation": NaN,
        "Total Expenses": NaN,
        "Total Operating Income As Reported": NaN,
        "Diluted Average Shares": 42783000.0,
        "Basic Average Shares": 42119000.0,
        "Diluted EPS": 0.01,
        "Basic EPS": 0.01,
        "Diluted NI Availto Com Stockholders": NaN,
        "Net Income Common Stockholders": NaN,
        "Net Income": NaN,
        "Net Income Including Noncontrolling Interests": NaN,
        "Net Income Continuous Operations": NaN,
        "Tax Provision": NaN,
        "Pretax Income": NaN,
        "Other Income Expense": NaN,
        "Other Non Operating Income Expenses": NaN,
        "Special Income Charges": 0.0,
        "Other Special Charges": NaN,
        "Restructuring And Mergern Acquisition": NaN,
        "Gain On Sale Of Security": NaN,
        "Net Non Operating Interest Income Expense": NaN,
        "Interest Expense Non Operating": NaN,
        "Operating Income": NaN,
        "Operating Expense": NaN,
        "Other Operating Expenses": NaN,
        "Depreciation Amortization Depletion Income Statement": NaN,
        "Depreciation And Amortization In Income Statement": NaN,
        "Amortization": NaN,
        "Amortization Of Intangibles Income Statement": NaN,
        "Research And Development": NaN,
        "Selling General And Administration": NaN,
        "Selling And Marketing Expense": NaN,
        "General And Administrative Expense": NaN,
        "Other Gand A": NaN,
        "Gross Profit": NaN,
        "Cost Of Revenue": NaN,
        "Total Revenue": NaN,
        "Operating Revenue": NaN
    },
    "2022-12-31": {
        "Tax Effect Of Unusual Items": NaN,
        "Tax Rate For Calcs": NaN,
        "Normalized EBITDA": NaN,
        "Total Unusual Items": NaN,
        "Total Unusual Items Excluding Goodwill": NaN,
        "Net Income From Continuing Operation Net Minority Interest": NaN,
        "Reconciled Depreciation": NaN,
        "Reconciled Cost Of Revenue": NaN,
        "EBITDA": NaN,
        "EBIT": NaN,
        "Net Interest Income": NaN,
        "Interest Expense": NaN,
        "Normalized Income": NaN,
        "Net Income From Continuing And Discontinued Operation": NaN,
        "Total Expenses": NaN,
        "Total Operating Income As Reported": NaN,
        "Diluted Average Shares": NaN,
        "Basic Average Shares": NaN,
        "Diluted EPS": NaN,
        "Basic EPS": NaN,
        "Diluted NI Availto Com Stockholders": NaN,
        "Net Income Common Stockholders": NaN,
        "Net Income": NaN,
        "Net Income Including Noncontrolling Interests": NaN,
        "Net Income Continuous Operations": NaN,
        "Tax Provision": NaN,
        "Pretax Income": NaN,
        "Other Income Expense": NaN,
        "Other Non Operating Income Expenses": NaN,
        "Special Income Charges": NaN,
        "Other Special Charges": 0.0,
        "Restructuring And Mergern Acquisition": NaN,
        "Gain On Sale Of Security": NaN,
        "Net Non Operating Interest Income Expense": NaN,
        "Interest Expense Non Operating": NaN,
        "Operating Income": NaN,
        "Operating Expense": NaN,
        "Other Operating Expenses": NaN,
        "Depreciation Amortization Depletion Income Statement": NaN,
        "Depreciation And Amortization In Income Statement": NaN,
        "Amortization": NaN,
        "Amortization Of Intangibles Income Statement": NaN,
        "Research And Development": NaN,
        "Selling General And Administration": NaN,
        "Selling And Marketing Expense": NaN,
        "General And Administrative Expense": NaN,
        "Other Gand A": NaN,
        "Gross Profit": NaN,
        "Cost Of Revenue": NaN,
        "Total Revenue": NaN,
        "Operating Revenue": NaN
    },
    "2022-09-30": {
        "Tax Effect Of Unusual Items": NaN,
        "Tax Rate For Calcs": NaN,
        "Normalized EBITDA": NaN,
        "Total Unusual Items": NaN,
        "Total Unusual Items Excluding Goodwill": NaN,
        "Net Income From Continuing Operation Net Minority Interest": NaN,
        "Reconciled Depreciation": NaN,
        "Reconciled Cost Of Revenue": NaN,
        "EBITDA": NaN,
        "EBIT": NaN,
        "Net Interest Income": NaN,
        "Interest Expense": NaN,
        "Normalized Income": NaN,
        "Net Income From Continuing And Discontinued Operation": NaN,
        "Total Expenses": NaN,
        "Total Operating Income As Reported": NaN,
        "Diluted Average Shares": NaN,
        "Basic Average Shares": NaN,
        "Diluted EPS": NaN,
        "Basic EPS": NaN,
        "Diluted NI Availto Com Stockholders": NaN,
        "Net Income Common Stockholders": NaN,
        "Net Income": NaN,
        "Net Income Including Noncontrolling Interests": NaN,
        "Net Income Continuous Operations": NaN,
        "Tax Provision": NaN,
        "Pretax Income": NaN,
        "Other Income Expense": NaN,
        "Other Non Operating Income Expenses": NaN,
        "Special Income Charges": NaN,
        "Other Special Charges": -544000.0,
        "Gain On Sale Of Security": NaN,
        "Net Non Operating Interest Income Expense": NaN,
        "Interest Expense Non Operating": NaN,
        "Operating Income": NaN,
        "Operating Expense": NaN,
        "Other Operating Expenses": NaN,
        "Depreciation Amortization Depletion Income Statement": NaN,
        "Depreciation And Amortization In Income Statement": NaN,
        "Amortization": NaN,
        "Amortization Of Intangibles Income Statement": NaN,
        "Research And Development": NaN,
        "Selling General And Administration": NaN,
        "Selling And Marketing Expense": NaN,
        "General And Administrative Expense": NaN,
        "Other Gand A": NaN,
        "Gross Profit": NaN,
        "Cost Of Revenue": NaN,
        "Total Revenue": NaN,
        "Operating Revenue": NaN
    },
    "2022-06-30": {
        "Tax Effect Of Unusual Items": 1405440.0,
        "Tax Rate For Calcs": 0.288,
        "Normalized EBITDA": 886000.0,
        "Total Unusual Items": 4880000.0,
        "Total Unusual Items Excluding Goodwill": 4880000.0,
        "Net Income From Continuing Operation Net Minority Interest": 2435000.0,
        "Reconciled Depreciation": 1830000.0,
        "Reconciled Cost Of Revenue": 12195000.0,
        "EBITDA": 5766000.0,
        "EBIT": 3936000.0,
        "Net Interest Income": -515000.0,
        "Interest Expense": 515000.0,
        "Normalized Income": -1039560.0,
        "Net Income From Continuing And Discontinued Operation": 2435000.0,
        "Total Expenses": 30090000.0,
        "Total Operating Income As Reported": 3998000.0,
        "Diluted Average Shares": 42560000.0,
        "Basic Average Shares": 41304000.0,
        "Diluted EPS": 0.06,
        "Basic EPS": 0.06,
        "Diluted NI Availto Com Stockholders": 2435000.0,
        "Net Income Common Stockholders": 2435000.0,
        "Net Income": 2435000.0,
        "Net Income Including Noncontrolling Interests": 2435000.0,
        "Net Income Continuous Operations": 2435000.0,
        "Tax Provision": 986000.0,
        "Pretax Income": 3421000.0,
        "Other Income Expense": 4818000.0,
        "Other Non Operating Income Expenses": -62000.0,
        "Special Income Charges": 4880000.0,
        "Other Special Charges": -4880000.0,
        "Gain On Sale Of Security": NaN,
        "Net Non Operating Interest Income Expense": -515000.0,
        "Interest Expense Non Operating": 515000.0,
        "Operating Income": -882000.0,
        "Operating Expense": 17519000.0,
        "Depreciation Amortization Depletion Income Statement": 1454000.0,
        "Depreciation And Amortization In Income Statement": 1454000.0,
        "Amortization": 1454000.0,
        "Amortization Of Intangibles Income Statement": 1454000.0,
        "Research And Development": 3497000.0,
        "Selling General And Administration": 12568000.0,
        "Selling And Marketing Expense": 6587000.0,
        "General And Administrative Expense": 5981000.0,
        "Other Gand A": 5981000.0,
        "Gross Profit": 16637000.0,
        "Cost Of Revenue": 12571000.0,
        "Total Revenue": 29208000.0,
        "Operating Revenue": 29208000.0
    },
    "2022-03-31": {
        "Diluted EPS": -0.17,
        "Total Revenue": 29,
        "Gross Profit": 16,
        "Operating Income": -7,
        "EBIT": -5,
        "Net Income": -7
    },
    "2021-12-31": {
        "Diluted EPS": 0.02,
        "Total Revenue": 33,
        "Gross Profit": 20,
        "Operating Income": 2,
        "EBIT": 4,
        "Net Income": 1
    },
    "2021-09-30": {
        "Diluted EPS": 0.0,
        "Total Revenue": 30,
        "Gross Profit": 16,
        "Operating Income": 1,
        "EBIT": 2,
        "Net Income": 0
    },
    "2021-06-30": {
        "Diluted EPS": -0.01,
        "Total Revenue": 29,
        "Gross Profit": 16,
        "Operating Income": 0,
        "EBIT": 2,
        "Net Income": 0
    },
    "2021-03-31": {
        "Diluted EPS": -0.02,
        "Total Revenue": 27,
        "Gross Profit": 15,
        "Operating Income": 0,
        "EBIT": 2,
        "Net Income": -1
    },
    "2020-12-31": {
        "Diluted EPS": -0.01,
        "Total Revenue": 31,
        "Gross Profit": 18,
        "Operating Income": 3,
        "EBIT": 6,
        "Net Income": -1
    },
    "2020-09-30": {
        "Diluted EPS": -0.03,
        "Total Revenue": 24,
        "Gross Profit": 13,
        "Operating Income": 0,
        "EBIT": 2,
        "Net Income": -1
    },
    "2020-06-30": {
        "Diluted EPS": -0.04,
        "Total Revenue": 23,
        "Gross Profit": 14,
        "Operating Income": 1,
        "EBIT": 3,
        "Net Income": -2
    },
    "2020-03-31": {
        "Diluted EPS": -0.12,
        "Total Revenue": 24,
        "Gross Profit": 13,
        "Operating Income": -3,
        "EBIT": -1,
        "Net Income": -5
    },
    "2019-12-31": {
        "Diluted EPS": 0.02,
        "Total Revenue": 31,
        "Gross Profit": 17,
        "Operating Income": 2,
        "EBIT": 4,
        "Net Income": 1
    },
    "2019-09-30": {
        "Diluted EPS": -0.07,
        "Total Revenue": 27,
        "Gross Profit": 15,
        "Operating Income": -1,
        "EBIT": 1,
        "Net Income": -3
    },
    "2019-06-30": {
        "Diluted EPS": -0.01,
        "Total Revenue": 30,
        "Gross Profit": 16,
        "Operating Income": 0,
        "EBIT": 2,
        "Net Income": 0
    },
    "2019-03-31": {
        "Diluted EPS": -0.06,
        "Total Revenue": 28,
        "Gross Profit": 16,
        "Operating Income": 0,
        "EBIT": 2,
        "Net Income": -2
    },
    "2018-12-31": {
        "Diluted EPS": 0.08,
        "Total Revenue": 34,
        "Gross Profit": 19,
        "Operating Income": 2,
        "EBIT": 4,
        "Net Income": 3
    },
    "2018-09-30": {
        "Diluted EPS": -0.01,
        "Total Revenue": 29,
        "Gross Profit": 16,
        "Operating Income": 1,
        "EBIT": 3,
        "Net Income": 0
    },
    "2018-06-30": {
        "Diluted EPS": -0.04,
        "Total Revenue": 32,
        "Gross Profit": 15,
        "Operating Income": 0,
        "EBIT": 2,
        "Net Income": -1
    },
    "2018-03-31": {
        "Diluted EPS": -0.11,
        "Total Revenue": 27,
        "Gross Profit": 13,
        "Operating Income": -1,
        "EBIT": 1,
        "Net Income": -4
    },
    "2017-12-31": {
        "Diluted EPS": 0.03,
        "Total Revenue": 22,
        "Gross Profit": 11,
        "Operating Income": 0,
        "EBIT": 1,
        "Net Income": 1
    },
    "2017-09-30": {
        "Diluted EPS": -0.01,
        "Total Revenue": 19,
        "Gross Profit": 10,
        "Operating Income": 0,
        "EBIT": 1,
        "Net Income": 0
    },
    "2017-06-30": {
        "Diluted EPS": -0.01,
        "Total Revenue": 19,
        "Gross Profit": 9,
        "Operating Income": 0,
        "EBIT": 1,
        "Net Income": 0
    },
    "2017-03-31": {
        "Diluted EPS": -0.03,
        "Total Revenue": 18,
        "Gross Profit": 10,
        "Operating Income": 0,
        "EBIT": 1,
        "Net Income": -1
    },
    "2016-12-31": {
        "Diluted EPS": -0.04,
        "Total Revenue": 26,
        "Gross Profit": 12,
        "Operating Income": -1,
        "EBIT": 0,
        "Net Income": -1
    },
    "2016-09-30": {
        "Diluted EPS": -0.05,
        "Total Revenue": 25,
        "Gross Profit": 12,
        "Operating Income": -1,
        "EBIT": 0,
        "Net Income": -2
    },
    "2016-06-30": {
        "Diluted EPS": -0.02,
        "Total Revenue": 26,
        "Gross Profit": 12,
        "Operating Income": -1,
        "EBIT": 0,
        "Net Income": -1
    },
    "2016-03-31": {
        "Diluted EPS": -0.02,
        "Total Revenue": 27,
        "Gross Profit": 13,
        "Operating Income": 0,
        "EBIT": 1,
        "Net Income": -1
    },
    "2015-12-31": {
        "Diluted EPS": -0.52,
        "Total Revenue": 28,
        "Gross Profit": 13,
        "Operating Income": 0,
        "EBIT": 1,
        "Net Income": -17
    },
    "2015-09-30": {
        "Diluted EPS": -0.02,
        "Total Revenue": 26,
        "Gross Profit": 12,
        "Operating Income": -1,
        "EBIT": 0,
        "Net Income": -1
    },
    "2015-06-30": {
        "Diluted EPS": 0.01,
        "Total Revenue": 29,
        "Gross Profit": 13,
        "Operating Income": 0,
        "EBIT": 1,
        "Net Income": 0
    },
    "2015-03-31": {
        "Diluted EPS": -0.04,
        "Total Revenue": 26,
        "Gross Profit": 11,
        "Operating Income": -1,
        "EBIT": 0,
        "Net Income": -1
    },
    "2014-12-31": {
        "Diluted EPS": 0.0,
        "Total Revenue": 30,
        "Gross Profit": 14,
        "Operating Income": 2,
        "EBIT": 3,
        "Net Income": 0
    },
    "2014-09-30": {
        "Diluted EPS": 0.02,
        "Total Revenue": 25,
        "Gross Profit": 11,
        "Operating Income": 1,
        "EBIT": 2,
        "Net Income": 1
    },
    "2014-06-30": {
        "Diluted EPS": 0.03,
        "Total Revenue": 27,
        "Gross Profit": 12,
        "Operating Income": 2,
        "EBIT": 3,
        "Net Income": 1
    },
    "2014-03-31": {
        "Diluted EPS": 0.02,
        "Total Revenue": 26,
        "Gross Profit": 12,
        "Operating Income": 1,
        "EBIT": 2,
        "Net Income": 1
    },
    "2013-12-31": {
        "Diluted EPS": -0.02,
        "Total Revenue": 28,
        "Gross Profit": 12,
        "Operating Income": -1,
        "EBIT": 0,
        "Net Income": -1
    },
    "2013-09-30": {
        "Diluted EPS": -0.03,
        "Total Revenue": 25,
        "Gross Profit": 11,
        "Operating Income": 0,
        "EBIT": 1,
        "Net Income": -1
    },
    "2013-06-30": {
        "Diluted EPS": -0.01,
        "Total Revenue": 26,
        "Gross Profit": 12,
        "Operating Income": 1,
        "EBIT": 2,
        "Net Income": 0
    },
    "2013-03-31": {
        "Diluted EPS": 0.0,
        "Total Revenue": 26,
        "Gross Profit": 12,
        "Operating Income": 1,
        "EBIT": 2,
        "Net Income": 0
    },
    "2012-12-31": {
        "Diluted EPS": 0.03,
        "Total Revenue": 28,
        "Gross Profit": 13,
        "Operating Income": 5,
        "EBIT": 6,
        "Net Income": 1
    },
    "2012-09-30": {
        "Diluted EPS": 0.0,
        "Total Revenue": 26,
        "Gross Profit": 12,
        "Operating Income": 0,
        "EBIT": 1,
        "Net Income": 0
    },
    "2012-06-30": {
        "Diluted EPS": 0.03,
        "Total Revenue": 28,
        "Gross Profit": 14,
        "Operating Income": 1,
        "EBIT": 2,
        "Net Income": 1
    },
    "2012-03-31": {
        "Diluted EPS": 0.02,
        "Total Revenue": 28,
        "Gross Profit": 13,
        "Operating Income": 1,
        "EBIT": 2,
        "Net Income": 1
    },
    "2011-12-31": {
        "Diluted EPS": 0.02,
        "Total Revenue": 29,
        "Gross Profit": 13,
        "Operating Income": 4,
        "EBIT": 5,
        "Net Income": 1
    },
    "2011-09-30": {
        "Diluted EPS": 0.0,
        "Total Revenue": 26,
        "Gross Profit": 12,
        "Operating Income": 0,
        "EBIT": 1,
        "Net Income": 0
    },
    "2011-06-30": {
        "Diluted EPS": 0.05,
        "Total Revenue": 27,
        "Gross Profit": 13,
        "Operating Income": 3,
        "EBIT": 4,
        "Net Income": 1
    },
    "2011-03-31": {
        "Diluted EPS": 0.06,
        "Total Revenue": 26,
        "Gross Profit": 12,
        "Operating Income": 2,
        "EBIT": 3,
        "Net Income": 2
    },
    "2010-12-31": {
        "Diluted EPS": 0.08,
        "Total Revenue": 30,
        "Gross Profit": 14,
        "Operating Income": 3,
        "EBIT": 4,
        "Net Income": 2
    },
    "2010-09-30": {
        "Diluted EPS": 0.44,
        "Total Revenue": 26,
        "Gross Profit": 13,
        "Operating Income": 2,
        "EBIT": 3,
        "Net Income": 13
    },
    "2010-06-30": {
        "Diluted EPS": 0.06,
        "Total Revenue": 26,
        "Gross Profit": 12,
        "Operating Income": 2,
        "EBIT": 3,
        "Net Income": 2
    },
    "2010-03-31": {
        "Diluted EPS": 0.07,
        "Total Revenue": 26,
        "Gross Profit": 13,
        "Operating Income": 3,
        "EBIT": 4,
        "Net Income": 2
    },
    "2009-12-31": {
        "Diluted EPS": 0.13,
        "Total Revenue": 28,
        "Gross Profit": 13,
        "Operating Income": 3,
        "EBIT": 4,
        "Net Income": 4
    },
    "2009-09-30": {
        "Diluted EPS": 0.04,
        "Total Revenue": 21,
        "Gross Profit": 10,
        "Operating Income": 2,
        "EBIT": 3,
        "Net Income": 1
    },
    "2009-06-30": {
        "Diluted EPS": 0.01,
        "Total Revenue": 18,
        "Gross Profit": 9,
        "Operating Income": 1,
        "EBIT": 2,
        "Net Income": 0
    },
    "2009-03-31": {
        "Diluted EPS": 0.06,
        "Total Revenue": 19,
        "Gross Profit": 9,
        "Operating Income": 2,
        "EBIT": 3,
        "Net Income": 2
    },
    "2023-06-30": {
        "Tax Effect Of Unusual Items": NaN,
        "Tax Rate For Calcs": NaN,
        "Normalized EBITDA": NaN,
        "Total Unusual Items": NaN,
        "Total Unusual Items Excluding Goodwill": NaN,
        "Net Income From Continuing Operation Net Minority Interest": NaN,
        "Reconciled Depreciation": NaN,
        "Reconciled Cost Of Revenue": NaN,
        "EBITDA": NaN,
        "EBIT": NaN,
        "Net Interest Income": NaN,
        "Interest Expense": NaN,
        "Normalized Income": NaN,
        "Net Income From Continuing And Discontinued Operation": NaN,
        "Total Expenses": NaN,
        "Total Operating Income As Reported": NaN,
        "Diluted Average Shares": 42354000.0,
        "Basic Average Shares": 42354000.0,
        "Diluted EPS": -0.02,
        "Basic EPS": -0.02,
        "Diluted NI Availto Com Stockholders": NaN,
        "Net Income Common Stockholders": NaN,
        "Net Income": NaN,
        "Net Income Including Noncontrolling Interests": NaN,
        "Net Income Continuous Operations": NaN,
        "Tax Provision": NaN,
        "Pretax Income": NaN,
        "Other Income Expense": NaN,
        "Other Non Operating Income Expenses": NaN,
        "Special Income Charges": 0.0,
        "Other Special Charges": NaN,
        "Restructuring And Mergern Acquisition": NaN,
        "Gain On Sale Of Security": NaN,
        "Net Non Operating Interest Income Expense": NaN,
        "Interest Expense Non Operating": NaN,
        "Operating Income": NaN,
        "Operating Expense": NaN,
        "Other Operating Expenses": NaN,
        "Depreciation Amortization Depletion Income Statement": NaN,
        "Depreciation And Amortization In Income Statement": NaN,
        "Amortization": NaN,
        "Amortization Of Intangibles Income Statement": NaN,
        "Research And Development": NaN,
        "Selling General And Administration": NaN,
        "Selling And Marketing Expense": NaN,
        "General And Administrative Expense": NaN,
        "Other Gand A": NaN,
        "Gross Profit": NaN,
        "Cost Of Revenue": NaN,
        "Total Revenue": NaN,
        "Operating Revenue": NaN
    },
    "2023-09-30": {
        "Tax Effect Of Unusual Items": NaN,
        "Tax Rate For Calcs": NaN,
        "Normalized EBITDA": NaN,
        "Total Unusual Items": NaN,
        "Total Unusual Items Excluding Goodwill": NaN,
        "Net Income From Continuing Operation Net Minority Interest": NaN,
        "Reconciled Depreciation": NaN,
        "Reconciled Cost Of Revenue": NaN,
        "EBITDA": NaN,
        "EBIT": NaN,
        "Net Interest Income": NaN,
        "Interest Expense": NaN,
        "Normalized Income": NaN,
        "Net Income From Continuing And Discontinued Operation": NaN,
        "Total Expenses": NaN,
        "Total Operating Income As Reported": NaN,
        "Diluted Average Shares": 42688000.0,
        "Basic Average Shares": 42688000.0,
        "Diluted EPS": -0.03,
        "Basic EPS": -0.03,
        "Diluted NI Availto Com Stockholders": NaN,
        "Net Income Common Stockholders": NaN,
        "Net Income": NaN,
        "Net Income Including Noncontrolling Interests": NaN,
        "Net Income Continuous Operations": NaN,
        "Tax Provision": NaN,
        "Pretax Income": NaN,
        "Other Income Expense": NaN,
        "Other Non Operating Income Expenses": NaN,
        "Special Income Charges": 0.0,
        "Other Special Charges": NaN,
        "Restructuring And Mergern Acquisition": NaN,
        "Gain On Sale Of Security": 1208000.0,
        "Net Non Operating Interest Income Expense": NaN,
        "Interest Expense Non Operating": NaN,
        "Operating Income": NaN,
        "Operating Expense": NaN,
        "Other Operating Expenses": NaN,
        "Depreciation Amortization Depletion Income Statement": NaN,
        "Depreciation And Amortization In Income Statement": NaN,
        "Amortization": NaN,
        "Amortization Of Intangibles Income Statement": NaN,
        "Research And Development": NaN,
        "Selling General And Administration": NaN,
        "Selling And Marketing Expense": NaN,
        "General And Administrative Expense": NaN,
        "Other Gand A": NaN,
        "Gross Profit": NaN,
        "Cost Of Revenue": NaN,
        "Total Revenue": NaN,
        "Operating Revenue": NaN
    },
    "2023-12-31": {
        "Tax Effect Of Unusual Items": -54390.0,
        "Tax Rate For Calcs": 0.21,
        "Normalized EBITDA": 1727000.0,
        "Total Unusual Items": -259000.0,
        "Total Unusual Items Excluding Goodwill": -259000.0,
        "Net Income From Continuing Operation Net Minority Interest": -1818000.0,
        "Reconciled Depreciation": 1777000.0,
        "Reconciled Cost Of Revenue": 11438000.0,
        "EBITDA": 1468000.0,
        "EBIT": -309000.0,
        "Net Interest Income": -794000.0,
        "Interest Expense": 794000.0,
        "Normalized Income": -1613390.0,
        "Net Income From Continuing And Discontinued Operation": -1818000.0,
        "Total Expenses": 27871000.0,
        "Total Operating Income As Reported": 282000.0,
        "Diluted Average Shares": NaN,
        "Basic Average Shares": NaN,
        "Diluted EPS": NaN,
        "Basic EPS": NaN,
        "Diluted NI Availto Com Stockholders": -1818000.0,
        "Net Income Common Stockholders": -1818000.0,
        "Net Income": -1818000.0,
        "Net Income Including Noncontrolling Interests": -1818000.0,
        "Net Income Continuous Operations": -1818000.0,
        "Tax Provision": 715000.0,
        "Pretax Income": -1103000.0,
        "Other Income Expense": -591000.0,
        "Other Non Operating Income Expenses": -332000.0,
        "Special Income Charges": 0.0,
        "Other Special Charges": NaN,
        "Restructuring And Mergern Acquisition": NaN,
        "Gain On Sale Of Security": -259000.0,
        "Net Non Operating Interest Income Expense": -794000.0,
        "Interest Expense Non Operating": 794000.0,
        "Operating Income": 282000.0,
        "Operating Expense": 16043000.0,
        "Other Operating Expenses": NaN,
        "Depreciation Amortization Depletion Income Statement": 1387000.0,
        "Depreciation And Amortization In Income Statement": 1387000.0,
        "Amortization": 1387000.0,
        "Amortization Of Intangibles Income Statement": 1387000.0,
        "Research And Development": 3150000.0,
        "Selling General And Administration": 11506000.0,
        "Selling And Marketing Expense": 6220000.0,
        "General And Administrative Expense": 5286000.0,
        "Other Gand A": 5286000.0,
        "Gross Profit": 16325000.0,
        "Cost Of Revenue": 11828000.0,
        "Total Revenue": 28153000.0,
        "Operating Revenue": 28153000.0
    },
    "2024-03-31": {
        "Tax Effect Of Unusual Items": -61664.0,
        "Tax Rate For Calcs": 0.047,
        "Normalized EBITDA": -640000.0,
        "Total Unusual Items": -1312000.0,
        "Total Unusual Items Excluding Goodwill": -1312000.0,
        "Net Income From Continuing Operation Net Minority Interest": -4694000.0,
        "Reconciled Depreciation": 1781000.0,
        "Reconciled Cost Of Revenue": 9292000.0,
        "EBITDA": -1952000.0,
        "EBIT": -3733000.0,
        "Net Interest Income": -751000.0,
        "Interest Expense": 751000.0,
        "Normalized Income": -3443664.0,
        "Net Income From Continuing And Discontinued Operation": -4694000.0,
        "Total Expenses": 26791000.0,
        "Total Operating Income As Reported": -2279000.0,
        "Diluted Average Shares": 43402000.0,
        "Basic Average Shares": 43402000.0,
        "Diluted EPS": -0.11,
        "Basic EPS": -0.11,
        "Diluted NI Availto Com Stockholders": -4694000.0,
        "Net Income Common Stockholders": -4694000.0,
        "Net Income": -4694000.0,
        "Net Income Including Noncontrolling Interests": -4694000.0,
        "Net Income Continuous Operations": -4694000.0,
        "Tax Provision": 210000.0,
        "Pretax Income": -4484000.0,
        "Other Income Expense": -1454000.0,
        "Other Non Operating Income Expenses": -142000.0,
        "Special Income Charges": NaN,
        "Other Special Charges": NaN,
        "Restructuring And Mergern Acquisition": NaN,
        "Gain On Sale Of Security": -1312000.0,
        "Net Non Operating Interest Income Expense": -751000.0,
        "Interest Expense Non Operating": 751000.0,
        "Operating Income": -2279000.0,
        "Operating Expense": 17051000.0,
        "Other Operating Expenses": 966000.0,
        "Depreciation Amortization Depletion Income Statement": 1333000.0,
        "Depreciation And Amortization In Income Statement": 1333000.0,
        "Amortization": 1333000.0,
        "Amortization Of Intangibles Income Statement": 1333000.0,
        "Research And Development": 2885000.0,
        "Selling General And Administration": 11867000.0,
        "Selling And Marketing Expense": 5904000.0,
        "General And Administrative Expense": 5963000.0,
        "Other Gand A": 5963000.0,
        "Gross Profit": 14772000.0,
        "Cost Of Revenue": 9740000.0,
        "Total Revenue": 24512000.0,
        "Operating Revenue": 24512000.0
    },
    "2024-06-30": {
        "Tax Effect Of Unusual Items": -57240.0,
        "Tax Rate For Calcs": 0.108,
        "Normalized EBITDA": -200000.0,
        "Total Unusual Items": -530000.0,
        "Total Unusual Items Excluding Goodwill": -530000.0,
        "Net Income From Continuing Operation Net Minority Interest": -2927000.0,
        "Reconciled Depreciation": 1801000.0,
        "Reconciled Cost Of Revenue": 9409000.0,
        "EBITDA": -730000.0,
        "EBIT": -2531000.0,
        "Net Interest Income": -749000.0,
        "Interest Expense": 749000.0,
        "Normalized Income": -2454240.0,
        "Net Income From Continuing And Discontinued Operation": -2927000.0,
        "Total Expenses": 24917000.0,
        "Total Operating Income As Reported": -2069000.0,
        "Diluted Average Shares": 43486000.0,
        "Basic Average Shares": 43486000.0,
        "Diluted EPS": -0.07,
        "Basic EPS": -0.07,
        "Diluted NI Availto Com Stockholders": -2927000.0,
        "Net Income Common Stockholders": -2927000.0,
        "Net Income": -2927000.0,
        "Net Income Including Noncontrolling Interests": -2927000.0,
        "Net Income Continuous Operations": -2927000.0,
        "Tax Provision": -353000.0,
        "Pretax Income": -3280000.0,
        "Other Income Expense": -711000.0,
        "Other Non Operating Income Expenses": -181000.0,
        "Special Income Charges": -249000.0,
        "Other Special Charges": -147000.0,
        "Restructuring And Mergern Acquisition": 396000.0,
        "Gain On Sale Of Security": -281000.0,
        "Net Non Operating Interest Income Expense": -749000.0,
        "Interest Expense Non Operating": 749000.0,
        "Operating Income": -1820000.0,
        "Operating Expense": 15038000.0,
        "Other Operating Expenses": NaN,
        "Depreciation Amortization Depletion Income Statement": 1331000.0,
        "Depreciation And Amortization In Income Statement": 1331000.0,
        "Amortization": 1331000.0,
        "Amortization Of Intangibles Income Statement": 1331000.0,
        "Research And Development": 2626000.0,
        "Selling General And Administration": 11081000.0,
        "Selling And Marketing Expense": 5395000.0,
        "General And Administrative Expense": 5686000.0,
        "Other Gand A": 5686000.0,
        "Gross Profit": 13218000.0,
        "Cost Of Revenue": 9879000.0,
        "Total Revenue": 23097000.0,
        "Operating Revenue": 23097000.0
    },
    "2024-09-30": {
        "Tax Effect Of Unusual Items": -37590.0,
        "Tax Rate For Calcs": 0.21,
        "Normalized EBITDA": -1641000.0,
        "Total Unusual Items": -179000.0,
        "Total Unusual Items Excluding Goodwill": -179000.0,
        "Net Income From Continuing Operation Net Minority Interest": -4802000.0,
        "Reconciled Depreciation": 1815000.0,
        "Reconciled Cost Of Revenue": 8724000.0,
        "EBITDA": -1820000.0,
        "EBIT": -3635000.0,
        "Net Interest Income": -856000.0,
        "Interest Expense": 856000.0,
        "Normalized Income": -4660590.0,
        "Net Income From Continuing And Discontinued Operation": -4802000.0,
        "Total Expenses": 23665000.0,
        "Total Operating Income As Reported": -1874000.0,
        "Diluted Average Shares": 43614000.0,
        "Basic Average Shares": 43614000.0,
        "Diluted EPS": -0.11,
        "Basic EPS": -0.11,
        "Diluted NI Availto Com Stockholders": -4802000.0,
        "Net Income Common Stockholders": -4802000.0,
        "Net Income": -4802000.0,
        "Net Income Including Noncontrolling Interests": -4802000.0,
        "Net Income Continuous Operations": -4802000.0,
        "Tax Provision": 311000.0,
        "Pretax Income": -4491000.0,
        "Other Income Expense": -1940000.0,
        "Other Non Operating Income Expenses": -1761000.0,
        "Special Income Charges": -179000.0,
        "Other Special Charges": NaN,
        "Restructuring And Mergern Acquisition": 179000.0,
        "Gain On Sale Of Security": NaN,
        "Net Non Operating Interest Income Expense": -856000.0,
        "Interest Expense Non Operating": 856000.0,
        "Operating Income": -1695000.0,
        "Operating Expense": 14460000.0,
        "Other Operating Expenses": NaN,
        "Depreciation Amortization Depletion Income Statement": 1334000.0,
        "Depreciation And Amortization In Income Statement": 1334000.0,
        "Amortization": 1334000.0,
        "Amortization Of Intangibles Income Statement": 1334000.0,
        "Research And Development": 2567000.0,
        "Selling General And Administration": 10559000.0,
        "Selling And Marketing Expense": 5518000.0,
        "General And Administrative Expense": 5041000.0,
        "Other Gand A": 5041000.0,
        "Gross Profit": 12765000.0,
        "Cost Of Revenue": 9205000.0,
        "Total Revenue": 21970000.0,
        "Operating Revenue": 21970000.0
    },
    "2024-12-31": {
        "Tax Effect Of Unusual Items": 292740.0,
        "Tax Rate For Calcs": 0.21,
        "Normalized EBITDA": 1809000.0,
        "Total Unusual Items": 1394000.0,
        "Total Unusual Items Excluding Goodwill": 1394000.0,
        "Net Income From Continuing Operation Net Minority Interest": 18000.0,
        "Reconciled Depreciation": 1760000.0,
        "Reconciled Cost Of Revenue": 10042000.0,
        "EBITDA": 3203000.0,
        "EBIT": 1443000.0,
        "Net Interest Income": -853000.0,
        "Interest Expense": 853000.0,
        "Normalized Income": -1083260.0,
        "Net Income From Continuing And Discontinued Operation": 18000.0,
        "Total Expenses": 25939000.0,
        "Total Operating Income As Reported": 11000.0,
        "Diluted Average Shares": NaN,
        "Basic Average Shares": NaN,
        "Diluted EPS": NaN,
        "Basic EPS": NaN,
        "Diluted NI Availto Com Stockholders": 18000.0,
        "Net Income Common Stockholders": 18000.0,
        "Net Income": 18000.0,
        "Net Income Including Noncontrolling Interests": 18000.0,
        "Net Income Continuous Operations": 18000.0,
        "Tax Provision": 572000.0,
        "Pretax Income": 590000.0,
        "Other Income Expense": 2826000.0,
        "Other Non Operating Income Expenses": 1432000.0,
        "Special Income Charges": NaN,
        "Other Special Charges": NaN,
        "Restructuring And Mergern Acquisition": NaN,
        "Gain On Sale Of Security": 0.0,
        "Net Non Operating Interest Income Expense": -853000.0,
        "Interest Expense Non Operating": 853000.0,
        "Operating Income": -1383000.0,
        "Operating Expense": 15394000.0,
        "Other Operating Expenses": NaN,
        "Depreciation Amortization Depletion Income Statement": 1257000.0,
        "Depreciation And Amortization In Income Statement": 1257000.0,
        "Amortization": 1257000.0,
        "Amortization Of Intangibles Income Statement": 1257000.0,
        "Research And Development": 2328000.0,
        "Selling General And Administration": 10198000.0,
        "Selling And Marketing Expense": 5395000.0,
        "General And Administrative Expense": 4803000.0,
        "Other Gand A": 4803000.0,
        "Gross Profit": 14011000.0,
        "Cost Of Revenue": 10545000.0,
        "Total Revenue": 24556000.0,
        "Operating Revenue": 24556000.0
    }
}