{
    "2023-03-31": {
        "Tax Effect Of Unusual Items": NaN,
        "Tax Rate For Calcs": NaN,
        "Normalized EBITDA": NaN,
        "Total Unusual Items": NaN,
        "Total Unusual Items Excluding Goodwill": NaN,
        "Net Income From Continuing Operation Net Minority Interest": NaN,
        "Reconciled Depreciation": NaN,
        "Reconciled Cost Of Revenue": NaN,
        "EBITDA": NaN,
        "EBIT": NaN,
        "Net Interest Income": NaN,
        "Interest Expense": NaN,
        "Interest Income": NaN,
        "Normalized Income": NaN,
        "Net Income From Continuing And Discontinued Operation": NaN,
        "Total Expenses": NaN,
        "Total Operating Income As Reported": NaN,
        "Diluted Average Shares": NaN,
        "Basic Average Shares": NaN,
        "Diluted EPS": NaN,
        "Basic EPS": NaN,
        "Diluted NI Availto Com Stockholders": NaN,
        "Net Income Common Stockholders": NaN,
        "Net Income": NaN,
        "Minority Interests": NaN,
        "Net Income Including Noncontrolling Interests": NaN,
        "Net Income Continuous Operations": NaN,
        "Tax Provision": NaN,
        "Pretax Income": NaN,
        "Other Income Expense": NaN,
        "Other Non Operating Income Expenses": NaN,
        "Special Income Charges": NaN,
        "Gain On Sale Of Ppe": -69000.0,
        "Gain On Sale Of Business": -652000.0,
        "Impairment Of Capital Assets": NaN,
        "Restructuring And Mergern Acquisition": NaN,
        "Gain On Sale Of Security": NaN,
        "Net Non Operating Interest Income Expense": NaN,
        "Total Other Finance Cost": NaN,
        "Interest Expense Non Operating": NaN,
        "Interest Income Non Operating": NaN,
        "Operating Income": NaN,
        "Operating Expense": NaN,
        "Other Operating Expenses": NaN,
        "Other Taxes": NaN,
        "Depreciation Amortization Depletion Income Statement": NaN,
        "Depreciation And Amortization In Income Statement": NaN,
        "Amortization": NaN,
        "Amortization Of Intangibles Income Statement": NaN,
        "Depreciation Income Statement": NaN,
        "Selling General And Administration": NaN,
        "Selling And Marketing Expense": NaN,
        "General And Administrative Expense": NaN,
        "Other Gand A": NaN,
        "Gross Profit": NaN,
        "Cost Of Revenue": NaN,
        "Total Revenue": NaN,
        "Operating Revenue": NaN
    },
    "2022-12-31": {
        "Tax Effect Of Unusual Items": NaN,
        "Tax Rate For Calcs": NaN,
        "Normalized EBITDA": NaN,
        "Total Unusual Items": NaN,
        "Total Unusual Items Excluding Goodwill": NaN,
        "Net Income From Continuing Operation Net Minority Interest": NaN,
        "Reconciled Depreciation": NaN,
        "Reconciled Cost Of Revenue": NaN,
        "EBITDA": NaN,
        "EBIT": NaN,
        "Net Interest Income": NaN,
        "Interest Expense": NaN,
        "Interest Income": NaN,
        "Normalized Income": NaN,
        "Net Income From Continuing And Discontinued Operation": NaN,
        "Total Expenses": NaN,
        "Total Operating Income As Reported": NaN,
        "Diluted Average Shares": NaN,
        "Basic Average Shares": NaN,
        "Diluted EPS": NaN,
        "Basic EPS": NaN,
        "Diluted NI Availto Com Stockholders": NaN,
        "Net Income Common Stockholders": NaN,
        "Net Income": NaN,
        "Minority Interests": NaN,
        "Net Income Including Noncontrolling Interests": NaN,
        "Net Income Continuous Operations": NaN,
        "Tax Provision": NaN,
        "Pretax Income": NaN,
        "Other Income Expense": NaN,
        "Other Non Operating Income Expenses": NaN,
        "Special Income Charges": NaN,
        "Gain On Sale Of Ppe": NaN,
        "Gain On Sale Of Business": 136592000.0,
        "Other Special Charges": 0.0,
        "Impairment Of Capital Assets": NaN,
        "Restructuring And Mergern Acquisition": NaN,
        "Gain On Sale Of Security": NaN,
        "Net Non Operating Interest Income Expense": NaN,
        "Total Other Finance Cost": NaN,
        "Interest Expense Non Operating": NaN,
        "Interest Income Non Operating": NaN,
        "Operating Income": NaN,
        "Operating Expense": NaN,
        "Other Operating Expenses": NaN,
        "Other Taxes": NaN,
        "Depreciation Amortization Depletion Income Statement": NaN,
        "Depreciation And Amortization In Income Statement": NaN,
        "Amortization": NaN,
        "Amortization Of Intangibles Income Statement": NaN,
        "Depreciation Income Statement": NaN,
        "Selling General And Administration": NaN,
        "Selling And Marketing Expense": NaN,
        "General And Administrative Expense": NaN,
        "Other Gand A": NaN,
        "Gross Profit": NaN,
        "Cost Of Revenue": NaN,
        "Total Revenue": NaN,
        "Operating Revenue": NaN
    },
    "2022-09-30": {
        "Tax Effect Of Unusual Items": NaN,
        "Tax Rate For Calcs": NaN,
        "Normalized EBITDA": NaN,
        "Total Unusual Items": NaN,
        "Total Unusual Items Excluding Goodwill": NaN,
        "Net Income From Continuing Operation Net Minority Interest": NaN,
        "Reconciled Depreciation": NaN,
        "Reconciled Cost Of Revenue": NaN,
        "EBITDA": NaN,
        "EBIT": NaN,
        "Net Interest Income": NaN,
        "Interest Expense": NaN,
        "Interest Income": NaN,
        "Normalized Income": NaN,
        "Net Income From Continuing And Discontinued Operation": NaN,
        "Total Expenses": NaN,
        "Total Operating Income As Reported": NaN,
        "Diluted Average Shares": 261896143.0,
        "Basic Average Shares": 261896143.0,
        "Diluted EPS": -0.03,
        "Basic EPS": -0.03,
        "Diluted NI Availto Com Stockholders": NaN,
        "Net Income Common Stockholders": NaN,
        "Net Income": NaN,
        "Minority Interests": NaN,
        "Net Income Including Noncontrolling Interests": NaN,
        "Net Income Continuous Operations": NaN,
        "Tax Provision": NaN,
        "Pretax Income": NaN,
        "Other Income Expense": NaN,
        "Other Non Operating Income Expenses": NaN,
        "Special Income Charges": NaN,
        "Gain On Sale Of Ppe": NaN,
        "Gain On Sale Of Business": 0.0,
        "Other Special Charges": NaN,
        "Impairment Of Capital Assets": 0.0,
        "Restructuring And Mergern Acquisition": NaN,
        "Gain On Sale Of Security": NaN,
        "Net Non Operating Interest Income Expense": NaN,
        "Total Other Finance Cost": NaN,
        "Interest Expense Non Operating": NaN,
        "Interest Income Non Operating": NaN,
        "Operating Income": NaN,
        "Operating Expense": NaN,
        "Other Operating Expenses": NaN,
        "Other Taxes": NaN,
        "Depreciation Amortization Depletion Income Statement": NaN,
        "Depreciation And Amortization In Income Statement": NaN,
        "Depreciation Income Statement": NaN,
        "Selling General And Administration": NaN,
        "General And Administrative Expense": NaN,
        "Other Gand A": NaN,
        "Gross Profit": NaN,
        "Cost Of Revenue": NaN,
        "Total Revenue": NaN,
        "Operating Revenue": NaN
    },
    "2022-06-30": {
        "Tax Effect Of Unusual Items": -39979600.0,
        "Tax Rate For Calcs": 0.4,
        "Normalized EBITDA": 226012000.0,
        "Total Unusual Items": -99949000.0,
        "Total Unusual Items Excluding Goodwill": -99949000.0,
        "Net Income From Continuing Operation Net Minority Interest": 32143000.0,
        "Reconciled Depreciation": 87648000.0,
        "Reconciled Cost Of Revenue": 325940000.0,
        "EBITDA": 126063000.0,
        "EBIT": 38415000.0,
        "Net Interest Income": -26361000.0,
        "Interest Expense": 16911000.0,
        "Interest Income": 288000.0,
        "Normalized Income": 92112400.0,
        "Net Income From Continuing And Discontinued Operation": 32143000.0,
        "Total Expenses": 279449000.0,
        "Total Operating Income As Reported": 45931000.0,
        "Diluted Average Shares": 262250995.0,
        "Basic Average Shares": 261887203.0,
        "Diluted EPS": 0.12,
        "Basic EPS": 0.12,
        "Diluted NI Availto Com Stockholders": 32143000.0,
        "Net Income Common Stockholders": 32143000.0,
        "Net Income": 32143000.0,
        "Minority Interests": NaN,
        "Net Income Including Noncontrolling Interests": 32143000.0,
        "Net Income Continuous Operations": 32143000.0,
        "Tax Provision": -10639000.0,
        "Pretax Income": 21504000.0,
        "Other Income Expense": -88140000.0,
        "Other Non Operating Income Expenses": 11809000.0,
        "Special Income Charges": -101551000.0,
        "Gain On Sale Of Ppe": 199000.0,
        "Gain On Sale Of Business": -3132000.0,
        "Other Special Charges": -5698000.0,
        "Impairment Of Capital Assets": 94956000.0,
        "Restructuring And Mergern Acquisition": 3662000.0,
        "Gain On Sale Of Security": 1602000.0,
        "Net Non Operating Interest Income Expense": -26361000.0,
        "Total Other Finance Cost": 9738000.0,
        "Interest Expense Non Operating": 16911000.0,
        "Interest Income Non Operating": 288000.0,
        "Operating Income": 136005000.0,
        "Operating Expense": -46491000.0,
        "Other Operating Expenses": -49569000.0,
        "Other Taxes": 1457000.0,
        "Depreciation Amortization Depletion Income Statement": NaN,
        "Depreciation And Amortization In Income Statement": NaN,
        "Depreciation Income Statement": NaN,
        "Selling General And Administration": 1621000.0,
        "General And Administrative Expense": NaN,
        "Other Gand A": NaN,
        "Gross Profit": 89514000.0,
        "Cost Of Revenue": 325940000.0,
        "Total Revenue": 415454000.0,
        "Operating Revenue": 415454000.0
    },
    "2022-03-31": {
        "Diluted EPS": 0.24,
        "Total Revenue": 379,
        "Gross Profit": 85,
        "Operating Income": 126,
        "EBIT": 179,
        "Net Income": 64
    },
    "2021-12-31": {
        "Diluted EPS": -0.04,
        "Total Revenue": 425,
        "Gross Profit": 82,
        "Operating Income": 38,
        "EBIT": 112,
        "Net Income": -10
    },
    "2021-09-30": {
        "Diluted EPS": -0.65,
        "Total Revenue": 359,
        "Gross Profit": -85,
        "Operating Income": -118,
        "EBIT": -55,
        "Net Income": -170
    },
    "2021-06-30": {
        "Diluted EPS": -0.01,
        "Total Revenue": 404,
        "Gross Profit": 82,
        "Operating Income": 59,
        "EBIT": 141,
        "Net Income": -3
    },
    "2021-03-31": {
        "Diluted EPS": -0.23,
        "Total Revenue": 314,
        "Gross Profit": 53,
        "Operating Income": 39,
        "EBIT": 107,
        "Net Income": -60
    },
    "2020-12-31": {
        "Diluted EPS": 0.03,
        "Total Revenue": 322,
        "Gross Profit": 34,
        "Operating Income": 7,
        "EBIT": 86,
        "Net Income": 7
    },
    "2020-09-30": {
        "Diluted EPS": -0.09,
        "Total Revenue": 316,
        "Gross Profit": 39,
        "Operating Income": 21,
        "EBIT": 87,
        "Net Income": -24
    },
    "2020-06-30": {
        "Diluted EPS": -0.2,
        "Total Revenue": 209,
        "Gross Profit": -13,
        "Operating Income": -27,
        "EBIT": 40,
        "Net Income": -52
    },
    "2020-03-31": {
        "Diluted EPS": -0.29,
        "Total Revenue": 245,
        "Gross Profit": -22,
        "Operating Income": -38,
        "EBIT": 39,
        "Net Income": -76
    },
    "2019-12-31": {
        "Diluted EPS": -0.01,
        "Total Revenue": 324,
        "Gross Profit": 26,
        "Operating Income": 6,
        "EBIT": 25,
        "Net Income": -1
    },
    "2019-09-30": {
        "Diluted EPS": -1.05,
        "Total Revenue": 291,
        "Gross Profit": 31,
        "Operating Income": -311,
        "EBIT": -197,
        "Net Income": -275
    },
    "2019-06-30": {
        "Diluted EPS": -0.21,
        "Total Revenue": 329,
        "Gross Profit": 43,
        "Operating Income": -4,
        "EBIT": 66,
        "Net Income": -54
    },
    "2019-03-31": {
        "Diluted EPS": -0.05,
        "Total Revenue": 292,
        "Gross Profit": 52,
        "Operating Income": 20,
        "EBIT": 88,
        "Net Income": -13
    },
    "2018-12-31": {
        "Diluted EPS": -0.01,
        "Total Revenue": 352,
        "Gross Profit": 75,
        "Operating Income": 55,
        "EBIT": 114,
        "Net Income": -4
    },
    "2018-09-30": {
        "Diluted EPS": 0.09,
        "Total Revenue": 363,
        "Gross Profit": 85,
        "Operating Income": 66,
        "EBIT": 125,
        "Net Income": 23
    },
    "2018-06-30": {
        "Diluted EPS": 0.09,
        "Total Revenue": 371,
        "Gross Profit": 92,
        "Operating Income": 79,
        "EBIT": 145,
        "Net Income": 25
    },
    "2018-03-31": {
        "Diluted EPS": 0.16,
        "Total Revenue": 387,
        "Gross Profit": 121,
        "Operating Income": 100,
        "EBIT": 155,
        "Net Income": 41
    },
    "2017-12-31": {
        "Diluted EPS": 0.38,
        "Total Revenue": 424,
        "Gross Profit": 145,
        "Operating Income": 119,
        "EBIT": 107,
        "Net Income": 94
    },
    "2017-09-30": {
        "Diluted EPS": 0.15,
        "Total Revenue": 380,
        "Gross Profit": 120,
        "Operating Income": 105,
        "EBIT": 186,
        "Net Income": 36
    },
    "2017-06-30": {
        "Diluted EPS": 0.08,
        "Total Revenue": 336,
        "Gross Profit": 88,
        "Operating Income": 79,
        "EBIT": 156,
        "Net Income": 19
    },
    "2017-03-31": {
        "Diluted EPS": -0.04,
        "Total Revenue": 262,
        "Gross Profit": 57,
        "Operating Income": 50,
        "EBIT": 112,
        "Net Income": -10
    },
    "2016-12-31": {
        "Diluted EPS": -0.2,
        "Total Revenue": 317,
        "Gross Profit": 78,
        "Operating Income": 60,
        "EBIT": 138,
        "Net Income": -47
    },
    "2016-09-30": {
        "Diluted EPS": 0.14,
        "Total Revenue": 311,
        "Gross Profit": 68,
        "Operating Income": 61,
        "EBIT": 143,
        "Net Income": 34
    },
    "2016-06-30": {
        "Diluted EPS": -0.02,
        "Total Revenue": 247,
        "Gross Profit": 48,
        "Operating Income": 35,
        "EBIT": 99,
        "Net Income": -6
    },
    "2016-03-31": {
        "Diluted EPS": -0.07,
        "Total Revenue": 254,
        "Gross Profit": 28,
        "Operating Income": 14,
        "EBIT": 89,
        "Net Income": -16
    },
    "2015-12-31": {
        "Diluted EPS": -1.09,
        "Total Revenue": 337,
        "Gross Profit": 59,
        "Operating Income": -296,
        "EBIT": -204,
        "Net Income": -255
    },
    "2015-09-30": {
        "Diluted EPS": -0.05,
        "Total Revenue": 270,
        "Gross Profit": 42,
        "Operating Income": 0,
        "EBIT": 69,
        "Net Income": -12
    },
    "2015-06-30": {
        "Diluted EPS": -0.19,
        "Total Revenue": 151,
        "Gross Profit": 5,
        "Operating Income": -30,
        "EBIT": 1,
        "Net Income": -44
    },
    "2015-03-31": {
        "Diluted EPS": -0.08,
        "Total Revenue": 129,
        "Gross Profit": 13,
        "Operating Income": -2,
        "EBIT": 23,
        "Net Income": -20
    },
    "2014-12-31": {
        "Diluted EPS": 0.17,
        "Total Revenue": 103,
        "Gross Profit": -2,
        "Operating Income": -36,
        "EBIT": -15,
        "Net Income": 40
    },
    "2014-09-30": {
        "Diluted EPS": 0.2,
        "Total Revenue": 165,
        "Gross Profit": 23,
        "Operating Income": 3,
        "EBIT": 31,
        "Net Income": 44
    },
    "2014-06-30": {
        "Diluted EPS": 0.0,
        "Total Revenue": 128,
        "Gross Profit": 13,
        "Operating Income": -2,
        "EBIT": 20,
        "Net Income": 0
    },
    "2014-03-31": {
        "Diluted EPS": -0.13,
        "Total Revenue": 97,
        "Gross Profit": 9,
        "Operating Income": -8,
        "EBIT": 6,
        "Net Income": -25
    },
    "2013-12-31": {
        "Diluted EPS": -0.29,
        "Total Revenue": 124,
        "Gross Profit": -7,
        "Operating Income": -6,
        "EBIT": 16,
        "Net Income": -56
    },
    "2013-09-30": {
        "Diluted EPS": 0.03,
        "Total Revenue": 136,
        "Gross Profit": 37,
        "Operating Income": 19,
        "EBIT": 38,
        "Net Income": 3
    },
    "2013-06-30": {
        "Diluted EPS": -0.32,
        "Total Revenue": 134,
        "Gross Profit": 20,
        "Operating Income": 4,
        "EBIT": 24,
        "Net Income": -54
    },
    "2013-03-31": {
        "Diluted EPS": 0.01,
        "Total Revenue": 119,
        "Gross Profit": 38,
        "Operating Income": 3,
        "EBIT": 17,
        "Net Income": 2
    },
    "2012-12-31": {
        "Diluted EPS": 0.04,
        "Total Revenue": 179,
        "Gross Profit": 38,
        "Operating Income": 20,
        "EBIT": 41,
        "Net Income": 7
    },
    "2012-09-30": {
        "Diluted EPS": -0.03,
        "Total Revenue": 145,
        "Gross Profit": 48,
        "Operating Income": 25,
        "EBIT": 41,
        "Net Income": -6
    },
    "2012-06-30": {
        "Diluted EPS": -0.18,
        "Total Revenue": 191,
        "Gross Profit": 55,
        "Operating Income": 37,
        "EBIT": 58,
        "Net Income": -31
    },
    "2012-03-31": {
        "Diluted EPS": 0.05,
        "Total Revenue": 186,
        "Gross Profit": 55,
        "Operating Income": 31,
        "EBIT": 50,
        "Net Income": 9
    },
    "2011-12-31": {
        "Diluted EPS": 0.21,
        "Total Revenue": 254,
        "Gross Profit": 71,
        "Operating Income": 77,
        "EBIT": 102,
        "Net Income": 36
    },
    "2011-09-30": {
        "Diluted EPS": -0.23,
        "Total Revenue": 210,
        "Gross Profit": 52,
        "Operating Income": 27,
        "EBIT": 55,
        "Net Income": -39
    },
    "2011-06-30": {
        "Diluted EPS": -0.98,
        "Total Revenue": 249,
        "Gross Profit": 91,
        "Operating Income": 67,
        "EBIT": 95,
        "Net Income": -173
    },
    "2011-03-31": {
        "Diluted EPS": 0.11,
        "Total Revenue": 183,
        "Gross Profit": 86,
        "Operating Income": 37,
        "EBIT": 62,
        "Net Income": 17
    },
    "2010-12-31": {
        "Diluted EPS": 0.16,
        "Total Revenue": 188,
        "Gross Profit": 188,
        "Operating Income": 188,
        "EBIT": 209,
        "Net Income": 25
    },
    "2010-09-30": {
        "Diluted EPS": 0.08,
        "Total Revenue": 159,
        "Gross Profit": 70,
        "Operating Income": 28,
        "EBIT": 28,
        "Net Income": 11
    },
    "2010-06-30": {
        "Diluted EPS": 0.08,
        "Total Revenue": 183,
        "Gross Profit": 183,
        "Operating Income": 183,
        "EBIT": 183,
        "Net Income": 13
    },
    "2010-03-31": {
        "Diluted EPS": 0.15,
        "Total Revenue": 236,
        "Gross Profit": 236,
        "Operating Income": 236,
        "EBIT": 236,
        "Net Income": 23
    },
    "2009-12-31": {
        "Diluted EPS": 0.04,
        "Total Revenue": 159,
        "Gross Profit": 159,
        "Operating Income": 159,
        "EBIT": 159,
        "Net Income": 7
    },
    "2023-06-30": {
        "Tax Effect Of Unusual Items": NaN,
        "Tax Rate For Calcs": NaN,
        "Normalized EBITDA": NaN,
        "Total Unusual Items": NaN,
        "Total Unusual Items Excluding Goodwill": NaN,
        "Net Income From Continuing Operation Net Minority Interest": NaN,
        "Reconciled Depreciation": NaN,
        "Reconciled Cost Of Revenue": NaN,
        "EBITDA": NaN,
        "EBIT": NaN,
        "Net Interest Income": NaN,
        "Interest Expense": NaN,
        "Interest Income": NaN,
        "Normalized Income": NaN,
        "Net Income From Continuing And Discontinued Operation": NaN,
        "Total Expenses": NaN,
        "Total Operating Income As Reported": NaN,
        "Diluted Average Shares": 272228447.0,
        "Basic Average Shares": 272228447.0,
        "Diluted EPS": -0.05,
        "Basic EPS": -0.05,
        "Diluted NI Availto Com Stockholders": NaN,
        "Net Income Common Stockholders": NaN,
        "Net Income": NaN,
        "Minority Interests": NaN,
        "Net Income Including Noncontrolling Interests": NaN,
        "Net Income Continuous Operations": NaN,
        "Tax Provision": NaN,
        "Pretax Income": NaN,
        "Other Income Expense": NaN,
        "Other Non Operating Income Expenses": NaN,
        "Special Income Charges": NaN,
        "Gain On Sale Of Ppe": -821000.0,
        "Impairment Of Capital Assets": NaN,
        "Restructuring And Mergern Acquisition": NaN,
        "Gain On Sale Of Security": NaN,
        "Net Non Operating Interest Income Expense": NaN,
        "Total Other Finance Cost": NaN,
        "Interest Expense Non Operating": NaN,
        "Interest Income Non Operating": NaN,
        "Operating Income": NaN,
        "Operating Expense": NaN,
        "Other Operating Expenses": NaN,
        "Other Taxes": NaN,
        "Depreciation Amortization Depletion Income Statement": NaN,
        "Depreciation And Amortization In Income Statement": NaN,
        "Amortization": NaN,
        "Amortization Of Intangibles Income Statement": NaN,
        "Depreciation Income Statement": 317000.0,
        "Selling General And Administration": NaN,
        "Selling And Marketing Expense": 8283000.0,
        "General And Administrative Expense": 8283000.0,
        "Other Gand A": 8283000.0,
        "Gross Profit": NaN,
        "Cost Of Revenue": NaN,
        "Total Revenue": NaN,
        "Operating Revenue": NaN
    },
    "2023-09-30": {
        "Tax Effect Of Unusual Items": NaN,
        "Tax Rate For Calcs": NaN,
        "Normalized EBITDA": NaN,
        "Total Unusual Items": NaN,
        "Total Unusual Items Excluding Goodwill": NaN,
        "Net Income From Continuing Operation Net Minority Interest": NaN,
        "Reconciled Depreciation": NaN,
        "Reconciled Cost Of Revenue": NaN,
        "EBITDA": NaN,
        "EBIT": NaN,
        "Net Interest Income": NaN,
        "Interest Expense": NaN,
        "Interest Income": NaN,
        "Normalized Income": NaN,
        "Net Income From Continuing And Discontinued Operation": NaN,
        "Total Expenses": NaN,
        "Total Operating Income As Reported": NaN,
        "Diluted Average Shares": 346987162.0,
        "Basic Average Shares": 346720425.0,
        "Diluted EPS": 0.13,
        "Basic EPS": 0.13,
        "Diluted NI Availto Com Stockholders": NaN,
        "Net Income Common Stockholders": NaN,
        "Net Income": NaN,
        "Minority Interests": NaN,
        "Net Income Including Noncontrolling Interests": NaN,
        "Net Income Continuous Operations": NaN,
        "Tax Provision": NaN,
        "Pretax Income": NaN,
        "Other Income Expense": NaN,
        "Other Non Operating Income Expenses": NaN,
        "Special Income Charges": NaN,
        "Gain On Sale Of Ppe": 0.0,
        "Impairment Of Capital Assets": NaN,
        "Restructuring And Mergern Acquisition": NaN,
        "Gain On Sale Of Security": NaN,
        "Net Non Operating Interest Income Expense": NaN,
        "Total Other Finance Cost": NaN,
        "Interest Expense Non Operating": NaN,
        "Interest Income Non Operating": NaN,
        "Operating Income": NaN,
        "Operating Expense": NaN,
        "Other Operating Expenses": NaN,
        "Other Taxes": NaN,
        "Depreciation Amortization Depletion Income Statement": NaN,
        "Depreciation And Amortization In Income Statement": NaN,
        "Amortization": NaN,
        "Amortization Of Intangibles Income Statement": NaN,
        "Depreciation Income Statement": NaN,
        "Selling General And Administration": NaN,
        "Selling And Marketing Expense": NaN,
        "Gross Profit": NaN,
        "Cost Of Revenue": NaN,
        "Total Revenue": NaN,
        "Operating Revenue": NaN
    },
    "2023-12-31": {
        "Tax Effect Of Unusual Items": NaN,
        "Tax Rate For Calcs": NaN,
        "Normalized EBITDA": NaN,
        "Total Unusual Items": NaN,
        "Total Unusual Items Excluding Goodwill": NaN,
        "Net Income From Continuing Operation Net Minority Interest": NaN,
        "Reconciled Depreciation": NaN,
        "Reconciled Cost Of Revenue": NaN,
        "EBITDA": NaN,
        "EBIT": NaN,
        "Net Interest Income": NaN,
        "Interest Expense": NaN,
        "Interest Income": NaN,
        "Normalized Income": NaN,
        "Net Income From Continuing And Discontinued Operation": NaN,
        "Total Expenses": NaN,
        "Total Operating Income As Reported": NaN,
        "Diluted Average Shares": NaN,
        "Basic Average Shares": NaN,
        "Diluted EPS": NaN,
        "Basic EPS": NaN,
        "Diluted NI Availto Com Stockholders": NaN,
        "Net Income Common Stockholders": NaN,
        "Net Income": NaN,
        "Minority Interests": NaN,
        "Net Income Including Noncontrolling Interests": NaN,
        "Net Income Continuous Operations": NaN,
        "Tax Provision": NaN,
        "Pretax Income": NaN,
        "Other Income Expense": NaN,
        "Other Non Operating Income Expenses": NaN,
        "Special Income Charges": NaN,
        "Gain On Sale Of Ppe": -6559000.0,
        "Impairment Of Capital Assets": NaN,
        "Restructuring And Mergern Acquisition": NaN,
        "Gain On Sale Of Security": NaN,
        "Net Non Operating Interest Income Expense": NaN,
        "Total Other Finance Cost": NaN,
        "Interest Expense Non Operating": NaN,
        "Interest Income Non Operating": NaN,
        "Operating Income": NaN,
        "Operating Expense": NaN,
        "Other Operating Expenses": NaN,
        "Other Taxes": NaN,
        "Depreciation Amortization Depletion Income Statement": NaN,
        "Depreciation And Amortization In Income Statement": NaN,
        "Amortization": NaN,
        "Amortization Of Intangibles Income Statement": NaN,
        "Depreciation Income Statement": NaN,
        "Selling General And Administration": NaN,
        "Selling And Marketing Expense": NaN,
        "Gross Profit": NaN,
        "Cost Of Revenue": NaN,
        "Total Revenue": NaN,
        "Operating Revenue": NaN
    },
    "2024-03-31": {
        "Tax Effect Of Unusual Items": NaN,
        "Tax Rate For Calcs": NaN,
        "Normalized EBITDA": NaN,
        "Total Unusual Items": NaN,
        "Total Unusual Items Excluding Goodwill": NaN,
        "Net Income From Continuing Operation Net Minority Interest": NaN,
        "Reconciled Depreciation": NaN,
        "Reconciled Cost Of Revenue": NaN,
        "EBITDA": NaN,
        "EBIT": NaN,
        "Net Interest Income": NaN,
        "Interest Expense": NaN,
        "Interest Income": NaN,
        "Normalized Income": NaN,
        "Net Income From Continuing And Discontinued Operation": NaN,
        "Total Expenses": NaN,
        "Total Operating Income As Reported": NaN,
        "Diluted Average Shares": NaN,
        "Basic Average Shares": NaN,
        "Diluted EPS": NaN,
        "Basic EPS": NaN,
        "Diluted NI Availto Com Stockholders": NaN,
        "Net Income Common Stockholders": NaN,
        "Net Income": NaN,
        "Minority Interests": NaN,
        "Net Income Including Noncontrolling Interests": NaN,
        "Net Income Continuous Operations": NaN,
        "Tax Provision": NaN,
        "Pretax Income": NaN,
        "Other Income Expense": NaN,
        "Other Non Operating Income Expenses": NaN,
        "Special Income Charges": NaN,
        "Gain On Sale Of Ppe": -9100000.0,
        "Other Special Charges": NaN,
        "Write Off": NaN,
        "Impairment Of Capital Assets": NaN,
        "Restructuring And Mergern Acquisition": NaN,
        "Gain On Sale Of Security": NaN,
        "Net Non Operating Interest Income Expense": NaN,
        "Total Other Finance Cost": NaN,
        "Interest Expense Non Operating": NaN,
        "Interest Income Non Operating": NaN,
        "Operating Income": NaN,
        "Operating Expense": NaN,
        "Other Operating Expenses": NaN,
        "Other Taxes": NaN,
        "Depreciation Amortization Depletion Income Statement": NaN,
        "Depreciation And Amortization In Income Statement": NaN,
        "Amortization": NaN,
        "Amortization Of Intangibles Income Statement": NaN,
        "Depreciation Income Statement": NaN,
        "Selling General And Administration": NaN,
        "Selling And Marketing Expense": NaN,
        "Gross Profit": NaN,
        "Cost Of Revenue": NaN,
        "Total Revenue": NaN,
        "Operating Revenue": NaN
    },
    "2024-06-30": {
        "Tax Effect Of Unusual Items": NaN,
        "Tax Rate For Calcs": NaN,
        "Normalized EBITDA": NaN,
        "Total Unusual Items": NaN,
        "Total Unusual Items Excluding Goodwill": NaN,
        "Net Income From Continuing Operation Net Minority Interest": NaN,
        "Reconciled Depreciation": NaN,
        "Reconciled Cost Of Revenue": NaN,
        "EBITDA": NaN,
        "EBIT": NaN,
        "Net Interest Income": NaN,
        "Interest Expense": NaN,
        "Interest Income": NaN,
        "Normalized Income": NaN,
        "Net Income From Continuing And Discontinued Operation": NaN,
        "Total Expenses": NaN,
        "Total Operating Income As Reported": NaN,
        "Diluted Average Shares": 368344407.0,
        "Basic Average Shares": 368344407.0,
        "Diluted EPS": -0.04,
        "Basic EPS": -0.04,
        "Diluted NI Availto Com Stockholders": NaN,
        "Net Income Common Stockholders": NaN,
        "Net Income": NaN,
        "Minority Interests": NaN,
        "Net Income Including Noncontrolling Interests": NaN,
        "Net Income Continuous Operations": NaN,
        "Tax Provision": NaN,
        "Pretax Income": NaN,
        "Other Income Expense": NaN,
        "Other Non Operating Income Expenses": -1900000.0,
        "Special Income Charges": NaN,
        "Gain On Sale Of Ppe": -2057000.0,
        "Other Special Charges": NaN,
        "Write Off": 2000000.0,
        "Impairment Of Capital Assets": NaN,
        "Restructuring And Mergern Acquisition": NaN,
        "Gain On Sale Of Security": NaN,
        "Net Non Operating Interest Income Expense": NaN,
        "Total Other Finance Cost": NaN,
        "Interest Expense Non Operating": NaN,
        "Interest Income Non Operating": NaN,
        "Operating Income": NaN,
        "Operating Expense": NaN,
        "Other Operating Expenses": NaN,
        "Other Taxes": NaN,
        "Depreciation Amortization Depletion Income Statement": NaN,
        "Depreciation And Amortization In Income Statement": NaN,
        "Amortization": NaN,
        "Amortization Of Intangibles Income Statement": NaN,
        "Depreciation Income Statement": 382000.0,
        "Selling General And Administration": NaN,
        "Selling And Marketing Expense": 18000000.0,
        "Gross Profit": NaN,
        "Cost Of Revenue": NaN,
        "Total Revenue": NaN,
        "Operating Revenue": NaN
    },
    "2024-09-30": {
        "Tax Effect Of Unusual Items": 922208.281054,
        "Tax Rate For Calcs": 0.368883,
        "Normalized EBITDA": 198500000.0,
        "Total Unusual Items": 2500000.0,
        "Total Unusual Items Excluding Goodwill": 2500000.0,
        "Net Income From Continuing Operation Net Minority Interest": 49700000.0,
        "Reconciled Depreciation": 97900000.0,
        "Reconciled Cost Of Revenue": 248500000.0,
        "EBITDA": 201000000.0,
        "EBIT": 103100000.0,
        "Net Interest Income": -22700000.0,
        "Interest Expense": 23400000.0,
        "Interest Income": 5000000.0,
        "Normalized Income": 48122208.281054,
        "Net Income From Continuing And Discontinued Operation": 49700000.0,
        "Total Expenses": 380600000.0,
        "Total Operating Income As Reported": 105700000.0,
        "Diluted Average Shares": 394236661.0,
        "Basic Average Shares": 393604853.0,
        "Diluted EPS": 0.13,
        "Basic EPS": 0.13,
        "Diluted NI Availto Com Stockholders": 49700000.0,
        "Net Income Common Stockholders": 49700000.0,
        "Net Income": 49700000.0,
        "Minority Interests": -600000.0,
        "Net Income Including Noncontrolling Interests": 50300000.0,
        "Net Income Continuous Operations": 50300000.0,
        "Tax Provision": 29400000.0,
        "Pretax Income": 79700000.0,
        "Other Income Expense": -2800000.0,
        "Other Non Operating Income Expenses": -5300000.0,
        "Special Income Charges": -2200000.0,
        "Gain On Sale Of Ppe": -2182000.0,
        "Other Special Charges": NaN,
        "Write Off": NaN,
        "Impairment Of Capital Assets": 2200000.0,
        "Restructuring And Mergern Acquisition": 0.0,
        "Gain On Sale Of Security": 4700000.0,
        "Net Non Operating Interest Income Expense": -22700000.0,
        "Total Other Finance Cost": 4300000.0,
        "Interest Expense Non Operating": 23400000.0,
        "Interest Income Non Operating": 5000000.0,
        "Operating Income": 105200000.0,
        "Operating Expense": 34600000.0,
        "Other Operating Expenses": 18600000.0,
        "Other Taxes": 500000.0,
        "Depreciation Amortization Depletion Income Statement": 400000.0,
        "Depreciation And Amortization In Income Statement": 400000.0,
        "Amortization": 1600000.0,
        "Amortization Of Intangibles Income Statement": 1600000.0,
        "Depreciation Income Statement": NaN,
        "Selling General And Administration": 11700000.0,
        "Selling And Marketing Expense": 11700000.0,
        "Gross Profit": 139800000.0,
        "Cost Of Revenue": 346000000.0,
        "Total Revenue": 485800000.0,
        "Operating Revenue": 485800000.0
    },
    "2024-12-31": {
        "Tax Effect Of Unusual Items": -3621000.0,
        "Tax Rate For Calcs": 0.15,
        "Normalized EBITDA": 278816000.0,
        "Total Unusual Items": -24140000.0,
        "Total Unusual Items Excluding Goodwill": -24140000.0,
        "Net Income From Continuing Operation Net Minority Interest": 21163000.0,
        "Reconciled Depreciation": 122329000.0,
        "Reconciled Cost Of Revenue": 400485000.0,
        "EBITDA": 254676000.0,
        "EBIT": 132347000.0,
        "Net Interest Income": -21861000.0,
        "Interest Expense": 28639000.0,
        "Interest Income": 4777000.0,
        "Normalized Income": 41682000.0,
        "Net Income From Continuing And Discontinued Operation": 21163000.0,
        "Total Expenses": 435191000.0,
        "Total Operating Income As Reported": 138128000.0,
        "Diluted Average Shares": NaN,
        "Basic Average Shares": NaN,
        "Diluted EPS": NaN,
        "Basic EPS": NaN,
        "Diluted NI Availto Com Stockholders": 21163000.0,
        "Net Income Common Stockholders": 21163000.0,
        "Net Income": 21163000.0,
        "Minority Interests": 1875000.0,
        "Net Income Including Noncontrolling Interests": 19288000.0,
        "Net Income Continuous Operations": 19288000.0,
        "Tax Provision": 84420000.0,
        "Pretax Income": 103708000.0,
        "Other Income Expense": -24158000.0,
        "Other Non Operating Income Expenses": -18000.0,
        "Special Income Charges": -14123000.0,
        "Gain On Sale Of Ppe": -14116000.0,
        "Other Special Charges": NaN,
        "Write Off": NaN,
        "Impairment Of Capital Assets": 14116000.0,
        "Restructuring And Mergern Acquisition": 7000.0,
        "Gain On Sale Of Security": -10017000.0,
        "Net Non Operating Interest Income Expense": -21861000.0,
        "Total Other Finance Cost": -2001000.0,
        "Interest Expense Non Operating": 28639000.0,
        "Interest Income Non Operating": 4777000.0,
        "Operating Income": 149727000.0,
        "Operating Expense": 34706000.0,
        "Other Operating Expenses": 20899000.0,
        "Other Taxes": 14000.0,
        "Depreciation Amortization Depletion Income Statement": 1448000.0,
        "Depreciation And Amortization In Income Statement": 1448000.0,
        "Amortization": 1448000.0,
        "Amortization Of Intangibles Income Statement": 1448000.0,
        "Depreciation Income Statement": NaN,
        "Selling General And Administration": 11236000.0,
        "Selling And Marketing Expense": NaN,
        "Gross Profit": 184433000.0,
        "Cost Of Revenue": 400485000.0,
        "Total Revenue": 584918000.0,
        "Operating Revenue": 584918000.0
    },
    "2025-03-31": {
        "Tax Effect Of Unusual Items": 1365000.0,
        "Tax Rate For Calcs": 0.15,
        "Normalized EBITDA": 293300000.0,
        "Total Unusual Items": 9100000.0,
        "Total Unusual Items Excluding Goodwill": 9100000.0,
        "Net Income From Continuing Operation Net Minority Interest": 100400000.0,
        "Reconciled Depreciation": 108500000.0,
        "Reconciled Cost Of Revenue": 255500000.0,
        "EBITDA": 302400000.0,
        "EBIT": 193900000.0,
        "Net Interest Income": -20000000.0,
        "Interest Expense": 22600000.0,
        "Interest Income": 5500000.0,
        "Normalized Income": 92665000.0,
        "Net Income From Continuing And Discontinued Operation": 100400000.0,
        "Total Expenses": 412700000.0,
        "Total Operating Income As Reported": 185700000.0,
        "Diluted Average Shares": 395708530.0,
        "Basic Average Shares": 394950071.0,
        "Diluted EPS": 0.25,
        "Basic EPS": 0.25,
        "Diluted NI Availto Com Stockholders": 100400000.0,
        "Net Income Common Stockholders": 100400000.0,
        "Net Income": 100400000.0,
        "Minority Interests": 1200000.0,
        "Net Income Including Noncontrolling Interests": 99200000.0,
        "Net Income Continuous Operations": 99200000.0,
        "Tax Provision": 72100000.0,
        "Pretax Income": 171300000.0,
        "Other Income Expense": 9100000.0,
        "Other Non Operating Income Expenses": -1200000.0,
        "Special Income Charges": -700000.0,
        "Gain On Sale Of Ppe": -600000.0,
        "Other Special Charges": NaN,
        "Write Off": NaN,
        "Impairment Of Capital Assets": 600000.0,
        "Restructuring And Mergern Acquisition": 100000.0,
        "Gain On Sale Of Security": 9800000.0,
        "Net Non Operating Interest Income Expense": -20000000.0,
        "Total Other Finance Cost": 2900000.0,
        "Interest Expense Non Operating": 22600000.0,
        "Interest Income Non Operating": 5500000.0,
        "Operating Income": 182200000.0,
        "Operating Expense": 49100000.0,
        "Other Operating Expenses": 32000000.0,
        "Other Taxes": 0.0,
        "Depreciation Amortization Depletion Income Statement": 400000.0,
        "Depreciation And Amortization In Income Statement": 400000.0,
        "Amortization": 600000.0,
        "Amortization Of Intangibles Income Statement": 600000.0,
        "Depreciation Income Statement": NaN,
        "Selling General And Administration": 13300000.0,
        "Selling And Marketing Expense": 13300000.0,
        "Gross Profit": 231300000.0,
        "Cost Of Revenue": 363600000.0,
        "Total Revenue": 594900000.0,
        "Operating Revenue": 594900000.0
    },
    "2025-06-30": {
        "Tax Effect Of Unusual Items": 5417635.532332,
        "Tax Rate For Calcs": 0.250816,
        "Normalized EBITDA": 251400000.0,
        "Total Unusual Items": 21600000.0,
        "Total Unusual Items Excluding Goodwill": 21600000.0,
        "Net Income From Continuing Operation Net Minority Interest": 117700000.0,
        "Reconciled Depreciation": 96800000.0,
        "Reconciled Cost Of Revenue": 263500000.0,
        "EBITDA": 273000000.0,
        "EBIT": 176200000.0,
        "Net Interest Income": -20000000.0,
        "Interest Expense": 23100000.0,
        "Interest Income": 5500000.0,
        "Normalized Income": 101517635.532332,
        "Net Income From Continuing And Discontinued Operation": 117700000.0,
        "Total Expenses": 384900000.0,
        "Total Operating Income As Reported": 153100000.0,
        "Diluted Average Shares": 395827311.0,
        "Basic Average Shares": 395085907.0,
        "Diluted EPS": 0.3,
        "Basic EPS": 0.3,
        "Diluted NI Availto Com Stockholders": 117700000.0,
        "Net Income Common Stockholders": 117700000.0,
        "Net Income": 117700000.0,
        "Minority Interests": 3000000.0,
        "Net Income Including Noncontrolling Interests": 114700000.0,
        "Net Income Continuous Operations": 114700000.0,
        "Tax Provision": 38400000.0,
        "Pretax Income": 153100000.0,
        "Other Income Expense": 21600000.0,
        "Other Non Operating Income Expenses": -600000.0,
        "Special Income Charges": -2400000.0,
        "Gain On Sale Of Ppe": NaN,
        "Other Special Charges": 2100000.0,
        "Write Off": 300000.0,
        "Impairment Of Capital Assets": 300000.0,
        "Restructuring And Mergern Acquisition": 0.0,
        "Gain On Sale Of Security": 24000000.0,
        "Net Non Operating Interest Income Expense": -20000000.0,
        "Total Other Finance Cost": 2400000.0,
        "Interest Expense Non Operating": 23100000.0,
        "Interest Income Non Operating": 5500000.0,
        "Operating Income": 151500000.0,
        "Operating Expense": 25000000.0,
        "Other Operating Expenses": 1400000.0,
        "Other Taxes": 0.0,
        "Depreciation Amortization Depletion Income Statement": 400000.0,
        "Depreciation And Amortization In Income Statement": 400000.0,
        "Amortization": 1700000.0,
        "Amortization Of Intangibles Income Statement": 1700000.0,
        "Depreciation Income Statement": NaN,
        "Selling General And Administration": 20300000.0,
        "Selling And Marketing Expense": 20300000.0,
        "Gross Profit": 176500000.0,
        "Cost Of Revenue": 359900000.0,
        "Total Revenue": 536400000.0,
        "Operating Revenue": 536400000.0
    },
    "2025-09-30": {
        "Tax Effect Of Unusual Items": 111011013.615734,
        "Tax Rate For Calcs": 0.32708,
        "Normalized EBITDA": 96300000.0,
        "Total Unusual Items": 339400000.0,
        "Total Unusual Items Excluding Goodwill": 339400000.0,
        "Net Income From Continuing Operation Net Minority Interest": 222400000.0,
        "Reconciled Depreciation": 83000000.0,
        "Reconciled Cost Of Revenue": 198800000.0,
        "EBITDA": 435700000.0,
        "EBIT": 352700000.0,
        "Net Interest Income": -18900000.0,
        "Interest Expense": 22200000.0,
        "Interest Income": 5900000.0,
        "Normalized Income": -5988986.384266,
        "Net Income From Continuing And Discontinued Operation": 222400000.0,
        "Total Expenses": 336800000.0,
        "Total Operating Income As Reported": 335200000.0,
        "Diluted Average Shares": 396886622.0,
        "Basic Average Shares": 395726407.0,
        "Diluted EPS": 0.56,
        "Basic EPS": 0.56,
        "Diluted NI Availto Com Stockholders": 222400000.0,
        "Net Income Common Stockholders": 222400000.0,
        "Net Income": 222400000.0,
        "Minority Interests": 0.0,
        "Net Income Including Noncontrolling Interests": 222400000.0,
        "Net Income Continuous Operations": 222400000.0,
        "Tax Provision": 108100000.0,
        "Pretax Income": 330500000.0,
        "Other Income Expense": 339400000.0,
        "Other Non Operating Income Expenses": NaN,
        "Special Income Charges": 335700000.0,
        "Gain On Sale Of Ppe": NaN,
        "Other Special Charges": 1800000.0,
        "Write Off": NaN,
        "Impairment Of Capital Assets": -322600000.0,
        "Restructuring And Mergern Acquisition": -14900000.0,
        "Gain On Sale Of Security": 3700000.0,
        "Net Non Operating Interest Income Expense": -18900000.0,
        "Total Other Finance Cost": 2600000.0,
        "Interest Expense Non Operating": 22200000.0,
        "Interest Income Non Operating": 5900000.0,
        "Operating Income": 10000000.0,
        "Operating Expense": 55300000.0,
        "Other Operating Expenses": 20400000.0,
        "Other Taxes": 0.0,
        "Depreciation Amortization Depletion Income Statement": 300000.0,
        "Depreciation And Amortization In Income Statement": 300000.0,
        "Amortization": 2300000.0,
        "Amortization Of Intangibles Income Statement": 2300000.0,
        "Depreciation Income Statement": NaN,
        "Selling General And Administration": 31100000.0,
        "Selling And Marketing Expense": 31100000.0,
        "Gross Profit": 65300000.0,
        "Cost Of Revenue": 281500000.0,
        "Total Revenue": 346800000.0,
        "Operating Revenue": 346800000.0
    }
}