{
    "2023-06-30": {
        "Tax Effect Of Unusual Items": 0.0,
        "Tax Rate For Calcs": 0.071828,
        "Net Income From Continuing Operation Net Minority Interest": 18763000.0,
        "Reconciled Depreciation": 2967000.0,
        "Net Interest Income": 46160000.0,
        "Interest Expense": 30708000.0,
        "Interest Income": 76868000.0,
        "Normalized Income": 18763000.0,
        "Net Income From Continuing And Discontinued Operation": 18763000.0,
        "Diluted Average Shares": 43742588.0,
        "Basic Average Shares": 43639987.0,
        "Diluted EPS": 0.43,
        "Basic EPS": 0.43,
        "Diluted NI Availto Com Stockholders": 18763000.0,
        "Net Income Common Stockholders": 18763000.0,
        "Net Income": 18763000.0,
        "Net Income Including Noncontrolling Interests": 18763000.0,
        "Net Income Continuous Operations": 18763000.0,
        "Tax Provision": 1452000.0,
        "Pretax Income": 20215000.0,
        "Gain On Sale Of Security": 20000.0,
        "Depreciation Amortization Depletion Income Statement": 903000.0,
        "Depreciation And Amortization In Income Statement": 903000.0,
        "Amortization": 903000.0,
        "Amortization Of Intangibles Income Statement": 903000.0,
        "Selling General And Administration": 21002000.0,
        "General And Administrative Expense": 21002000.0,
        "Insurance And Claims": 840000.0,
        "Salaries And Wages": 20162000.0,
        "Total Revenue": 55760000.0,
        "Operating Revenue": 55760000.0,
        "Occupancy And Equipment": 3249000.0,
        "Professional Expense And Contract Services Expense": 633000.0,
        "Other Non Interest Expense": 9078000.0
    },
    "2023-03-31": {
        "Tax Effect Of Unusual Items": 0.0,
        "Tax Rate For Calcs": 0.092728,
        "Net Income From Continuing Operation Net Minority Interest": 18228000.0,
        "Reconciled Depreciation": 2848000.0,
        "Net Interest Income": 45237000.0,
        "Interest Expense": 26561000.0,
        "Interest Income": 71798000.0,
        "Normalized Income": 18228000.0,
        "Net Income From Continuing And Discontinued Operation": 18228000.0,
        "Diluted Average Shares": 43744721.0,
        "Basic Average Shares": 43583554.0,
        "Diluted EPS": 0.42,
        "Basic EPS": 0.42,
        "Diluted NI Availto Com Stockholders": 18228000.0,
        "Net Income Common Stockholders": 18228000.0,
        "Net Income": 18228000.0,
        "Net Income Including Noncontrolling Interests": 18228000.0,
        "Net Income Continuous Operations": 18228000.0,
        "Tax Provision": 1863000.0,
        "Pretax Income": 20091000.0,
        "Gain On Sale Of Security": -500000.0,
        "Depreciation Amortization Depletion Income Statement": 903000.0,
        "Depreciation And Amortization In Income Statement": 903000.0,
        "Amortization": 903000.0,
        "Amortization Of Intangibles Income Statement": 903000.0,
        "Selling General And Administration": 19252000.0,
        "General And Administrative Expense": 19252000.0,
        "Insurance And Claims": 540000.0,
        "Salaries And Wages": 18712000.0,
        "Total Revenue": 53739000.0,
        "Operating Revenue": 53739000.0,
        "Occupancy And Equipment": 3563000.0,
        "Professional Expense And Contract Services Expense": 533000.0,
        "Other Non Interest Expense": 9155000.0
    },
    "2022-12-31": {
        "Tax Effect Of Unusual Items": 0.0,
        "Tax Rate For Calcs": 0.111237,
        "Net Income From Continuing Operation Net Minority Interest": 21165000.0,
        "Reconciled Depreciation": 3054000.0,
        "Net Interest Income": 44944000.0,
        "Interest Expense": 18405000.0,
        "Interest Income": 63349000.0,
        "Normalized Income": 21165000.0,
        "Net Income From Continuing And Discontinued Operation": 21165000.0,
        "Diluted Average Shares": 43574151.0,
        "Basic Average Shares": 43574151.0,
        "Diluted EPS": 0.48,
        "Basic EPS": 0.49,
        "Diluted NI Availto Com Stockholders": 21165000.0,
        "Net Income Common Stockholders": 21165000.0,
        "Net Income": 21165000.0,
        "Net Income Including Noncontrolling Interests": 21165000.0,
        "Net Income Continuous Operations": 21165000.0,
        "Tax Provision": 2649000.0,
        "Pretax Income": 23814000.0,
        "Gain On Sale Of Security": 0.0,
        "Depreciation Amortization Depletion Income Statement": NaN,
        "Depreciation And Amortization In Income Statement": NaN,
        "Amortization": NaN,
        "Amortization Of Intangibles Income Statement": NaN,
        "Selling General And Administration": 4818000.0,
        "General And Administrative Expense": 4818000.0,
        "Insurance And Claims": 388000.0,
        "Salaries And Wages": 19978000.0,
        "Total Revenue": 58175000.0,
        "Operating Revenue": 58175000.0
    },
    "2022-09-30": {
        "Tax Effect Of Unusual Items": NaN,
        "Tax Rate For Calcs": NaN,
        "Net Income From Continuing Operation Net Minority Interest": NaN,
        "Reconciled Depreciation": NaN,
        "Net Interest Income": NaN,
        "Interest Expense": NaN,
        "Interest Income": NaN,
        "Normalized Income": NaN,
        "Net Income From Continuing And Discontinued Operation": NaN,
        "Diluted Average Shares": NaN,
        "Basic Average Shares": NaN,
        "Diluted EPS": NaN,
        "Basic EPS": NaN,
        "Diluted NI Availto Com Stockholders": NaN,
        "Net Income Common Stockholders": NaN,
        "Net Income": NaN,
        "Net Income Including Noncontrolling Interests": NaN,
        "Net Income Continuous Operations": NaN,
        "Tax Provision": NaN,
        "Pretax Income": NaN,
        "Gain On Sale Of Security": NaN,
        "Depreciation Amortization Depletion Income Statement": NaN,
        "Depreciation And Amortization In Income Statement": NaN,
        "Amortization": NaN,
        "Amortization Of Intangibles Income Statement": NaN,
        "Selling General And Administration": NaN,
        "General And Administrative Expense": NaN,
        "Other Gand A": 5394000.0,
        "Insurance And Claims": NaN,
        "Salaries And Wages": NaN,
        "Total Revenue": NaN,
        "Operating Revenue": NaN
    },
    "2022-06-30": {
        "Tax Effect Of Unusual Items": 0.0,
        "Tax Rate For Calcs": 0.137858,
        "Net Income From Continuing Operation Net Minority Interest": 24859000.0,
        "Reconciled Depreciation": 3958000.0,
        "Net Interest Income": 53008000.0,
        "Interest Expense": 4564000.0,
        "Interest Income": 57572000.0,
        "Normalized Income": 24859000.0,
        "Net Income From Continuing And Discontinued Operation": 24859000.0,
        "Diluted Average Shares": 43684691.0,
        "Basic Average Shares": 43572796.0,
        "Diluted EPS": 0.57,
        "Basic EPS": 0.57,
        "Diluted NI Availto Com Stockholders": 24859000.0,
        "Net Income Common Stockholders": 24859000.0,
        "Net Income": 24859000.0,
        "Net Income Including Noncontrolling Interests": 24859000.0,
        "Net Income Continuous Operations": 24859000.0,
        "Tax Provision": 3975000.0,
        "Pretax Income": 28834000.0,
        "Gain On Sale Of Security": 0.0,
        "Depreciation Amortization Depletion Income Statement": NaN,
        "Depreciation And Amortization In Income Statement": NaN,
        "Amortization": NaN,
        "Amortization Of Intangibles Income Statement": NaN,
        "Selling General And Administration": 25824000.0,
        "General And Administrative Expense": 25824000.0,
        "Other Gand A": 5092000.0,
        "Insurance And Claims": 775000.0,
        "Salaries And Wages": 19957000.0,
        "Total Revenue": 62945000.0,
        "Operating Revenue": 62945000.0
    },
    "2022-03-31": {
        "Diluted EPS": 0.54,
        "Total Revenue": 65,
        "Gross Profit": 61,
        "Operating Income": 27,
        "EBIT": NaN,
        "Net Income": 24
    },
    "2021-12-31": {
        "Diluted EPS": 0.5,
        "Total Revenue": 61,
        "Gross Profit": 57,
        "Operating Income": 29,
        "EBIT": NaN,
        "Net Income": 21
    },
    "2021-09-30": {
        "Diluted EPS": 0.52,
        "Total Revenue": 67,
        "Gross Profit": 63,
        "Operating Income": 27,
        "EBIT": NaN,
        "Net Income": 23
    },
    "2021-06-30": {
        "Diluted EPS": 0.5,
        "Total Revenue": 63,
        "Gross Profit": 58,
        "Operating Income": 26,
        "EBIT": NaN,
        "Net Income": 22
    },
    "2021-03-31": {
        "Diluted EPS": 0.46,
        "Total Revenue": 61,
        "Gross Profit": 56,
        "Operating Income": 24,
        "EBIT": NaN,
        "Net Income": 20
    },
    "2020-12-31": {
        "Diluted EPS": 0.5,
        "Total Revenue": 68,
        "Gross Profit": 58,
        "Operating Income": 28,
        "EBIT": NaN,
        "Net Income": 22
    },
    "2020-09-30": {
        "Diluted EPS": 0.46,
        "Total Revenue": 67,
        "Gross Profit": 60,
        "Operating Income": 25,
        "EBIT": NaN,
        "Net Income": 20
    },
    "2020-06-30": {
        "Diluted EPS": 0.33,
        "Total Revenue": 61,
        "Gross Profit": 54,
        "Operating Income": 17,
        "EBIT": NaN,
        "Net Income": 15
    },
    "2020-03-31": {
        "Diluted EPS": 0.26,
        "Total Revenue": 64,
        "Gross Profit": 53,
        "Operating Income": 13,
        "EBIT": NaN,
        "Net Income": 12
    },
    "2019-12-31": {
        "Diluted EPS": 0.42,
        "Total Revenue": 65,
        "Gross Profit": 53,
        "Operating Income": 22,
        "EBIT": NaN,
        "Net Income": 19
    },
    "2019-09-30": {
        "Diluted EPS": 0.46,
        "Total Revenue": 67,
        "Gross Profit": 55,
        "Operating Income": 25,
        "EBIT": NaN,
        "Net Income": 21
    },
    "2019-06-30": {
        "Diluted EPS": 0.37,
        "Total Revenue": 65,
        "Gross Profit": 52,
        "Operating Income": 20,
        "EBIT": NaN,
        "Net Income": 17
    },
    "2019-03-31": {
        "Diluted EPS": 0.28,
        "Total Revenue": 54,
        "Gross Profit": 43,
        "Operating Income": 13,
        "EBIT": NaN,
        "Net Income": 11
    },
    "2018-12-31": {
        "Diluted EPS": 0.34,
        "Total Revenue": 52,
        "Gross Profit": 42,
        "Operating Income": 16,
        "EBIT": NaN,
        "Net Income": 13
    },
    "2018-09-30": {
        "Diluted EPS": 0.34,
        "Total Revenue": 51,
        "Gross Profit": 42,
        "Operating Income": 16,
        "EBIT": NaN,
        "Net Income": 13
    },
    "2018-06-30": {
        "Diluted EPS": 0.37,
        "Total Revenue": 50,
        "Gross Profit": 42,
        "Operating Income": 17,
        "EBIT": NaN,
        "Net Income": 14
    },
    "2018-03-31": {
        "Diluted EPS": 0.33,
        "Total Revenue": 48,
        "Gross Profit": 42,
        "Operating Income": 15,
        "EBIT": NaN,
        "Net Income": 13
    },
    "2017-12-31": {
        "Diluted EPS": 0.19,
        "Total Revenue": 46,
        "Gross Profit": 41,
        "Operating Income": 13,
        "EBIT": NaN,
        "Net Income": 8
    },
    "2017-09-30": {
        "Diluted EPS": 0.24,
        "Total Revenue": 40,
        "Gross Profit": 36,
        "Operating Income": 11,
        "EBIT": NaN,
        "Net Income": 8
    },
    "2017-06-30": {
        "Diluted EPS": 0.27,
        "Total Revenue": 39,
        "Gross Profit": 35,
        "Operating Income": 13,
        "EBIT": NaN,
        "Net Income": 9
    },
    "2017-03-31": {
        "Diluted EPS": 0.25,
        "Total Revenue": 36,
        "Gross Profit": 33,
        "Operating Income": 11,
        "EBIT": NaN,
        "Net Income": 8
    },
    "2016-12-31": {
        "Diluted EPS": 0.16,
        "Total Revenue": 39,
        "Gross Profit": 30,
        "Operating Income": 7,
        "EBIT": NaN,
        "Net Income": 6
    },
    "2016-09-30": {
        "Diluted EPS": 0.2,
        "Total Revenue": 38,
        "Gross Profit": 34,
        "Operating Income": 9,
        "EBIT": NaN,
        "Net Income": 7
    },
    "2016-06-30": {
        "Diluted EPS": 0.23,
        "Total Revenue": 34,
        "Gross Profit": 30,
        "Operating Income": 9,
        "EBIT": NaN,
        "Net Income": 6
    },
    "2016-03-31": {
        "Diluted EPS": 0.2,
        "Total Revenue": 31,
        "Gross Profit": 27,
        "Operating Income": 7,
        "EBIT": NaN,
        "Net Income": 5
    },
    "2015-12-31": {
        "Diluted EPS": 0.27,
        "Total Revenue": 30,
        "Gross Profit": 26,
        "Operating Income": 8,
        "EBIT": NaN,
        "Net Income": 6
    },
    "2015-09-30": {
        "Diluted EPS": 0.11,
        "Total Revenue": 32,
        "Gross Profit": 28,
        "Operating Income": 6,
        "EBIT": NaN,
        "Net Income": 4
    },
    "2015-06-30": {
        "Diluted EPS": 0.22,
        "Total Revenue": 28,
        "Gross Profit": 25,
        "Operating Income": 6,
        "EBIT": NaN,
        "Net Income": 5
    },
    "2015-03-31": {
        "Diluted EPS": 0.24,
        "Total Revenue": 27,
        "Gross Profit": 24,
        "Operating Income": 7,
        "EBIT": NaN,
        "Net Income": 5
    },
    "2014-12-31": {
        "Diluted EPS": 0.23,
        "Total Revenue": 27,
        "Gross Profit": 23,
        "Operating Income": 7,
        "EBIT": NaN,
        "Net Income": 5
    },
    "2014-09-30": {
        "Diluted EPS": 0.23,
        "Total Revenue": 27,
        "Gross Profit": 24,
        "Operating Income": 7,
        "EBIT": NaN,
        "Net Income": 5
    },
    "2014-06-30": {
        "Diluted EPS": 0.22,
        "Total Revenue": 27,
        "Gross Profit": 23,
        "Operating Income": 7,
        "EBIT": NaN,
        "Net Income": 5
    },
    "2014-03-31": {
        "Diluted EPS": 0.17,
        "Total Revenue": 22,
        "Gross Profit": 19,
        "Operating Income": 4,
        "EBIT": NaN,
        "Net Income": 3
    },
    "2013-12-31": {
        "Diluted EPS": 0.2,
        "Total Revenue": 23,
        "Gross Profit": 20,
        "Operating Income": 5,
        "EBIT": NaN,
        "Net Income": 4
    },
    "2013-09-30": {
        "Diluted EPS": 0.23,
        "Total Revenue": 24,
        "Gross Profit": 21,
        "Operating Income": 6,
        "EBIT": NaN,
        "Net Income": 5
    },
    "2013-06-30": {
        "Diluted EPS": 0.28,
        "Total Revenue": 27,
        "Gross Profit": 23,
        "Operating Income": 8,
        "EBIT": NaN,
        "Net Income": 6
    },
    "2013-03-31": {
        "Diluted EPS": 0.26,
        "Total Revenue": 27,
        "Gross Profit": 23,
        "Operating Income": 7,
        "EBIT": NaN,
        "Net Income": 5
    },
    "2012-12-31": {
        "Diluted EPS": 0.24,
        "Total Revenue": 28,
        "Gross Profit": 25,
        "Operating Income": 7,
        "EBIT": NaN,
        "Net Income": 5
    },
    "2012-09-30": {
        "Diluted EPS": 0.24,
        "Total Revenue": 26,
        "Gross Profit": 23,
        "Operating Income": 7,
        "EBIT": NaN,
        "Net Income": 5
    },
    "2012-06-30": {
        "Diluted EPS": 0.28,
        "Total Revenue": 23,
        "Gross Profit": 20,
        "Operating Income": 7,
        "EBIT": NaN,
        "Net Income": 5
    },
    "2012-03-31": {
        "Diluted EPS": 0.26,
        "Total Revenue": 22,
        "Gross Profit": 18,
        "Operating Income": 7,
        "EBIT": NaN,
        "Net Income": 4
    },
    "2011-12-31": {
        "Diluted EPS": 0.25,
        "Total Revenue": 22,
        "Gross Profit": 19,
        "Operating Income": 5,
        "EBIT": NaN,
        "Net Income": 3
    },
    "2011-09-30": {
        "Diluted EPS": 0.11,
        "Total Revenue": 23,
        "Gross Profit": 19,
        "Operating Income": 5,
        "EBIT": NaN,
        "Net Income": 3
    },
    "2011-06-30": {
        "Diluted EPS": 0.17,
        "Total Revenue": 20,
        "Gross Profit": 16,
        "Operating Income": 4,
        "EBIT": NaN,
        "Net Income": 3
    },
    "2011-03-31": {
        "Diluted EPS": 0.15,
        "Total Revenue": 20,
        "Gross Profit": 15,
        "Operating Income": 4,
        "EBIT": NaN,
        "Net Income": 2
    },
    "2010-12-31": {
        "Diluted EPS": 0.15,
        "Total Revenue": 23,
        "Gross Profit": 18,
        "Operating Income": 4,
        "EBIT": NaN,
        "Net Income": 3
    },
    "2010-09-30": {
        "Diluted EPS": 0.17,
        "Total Revenue": 24,
        "Gross Profit": 18,
        "Operating Income": 4,
        "EBIT": NaN,
        "Net Income": 3
    },
    "2010-06-30": {
        "Diluted EPS": 0.13,
        "Total Revenue": 22,
        "Gross Profit": 16,
        "Operating Income": 3,
        "EBIT": NaN,
        "Net Income": 2
    },
    "2010-03-31": {
        "Diluted EPS": 0.09,
        "Total Revenue": 21,
        "Gross Profit": 15,
        "Operating Income": 2,
        "EBIT": NaN,
        "Net Income": 1
    },
    "2009-12-31": {
        "Diluted EPS": 0.11,
        "Total Revenue": 22,
        "Gross Profit": 16,
        "Operating Income": 2,
        "EBIT": NaN,
        "Net Income": 2
    },
    "2009-09-30": {
        "Diluted EPS": 0.12,
        "Total Revenue": 22,
        "Gross Profit": 15,
        "Operating Income": 3,
        "EBIT": NaN,
        "Net Income": 2
    },
    "2009-06-30": {
        "Diluted EPS": 0.1,
        "Total Revenue": 23,
        "Gross Profit": 16,
        "Operating Income": 3,
        "EBIT": NaN,
        "Net Income": 2
    },
    "2009-03-31": {
        "Diluted EPS": 0.14,
        "Total Revenue": 23,
        "Gross Profit": 16,
        "Operating Income": 3,
        "EBIT": NaN,
        "Net Income": 2
    },
    "2023-09-30": {
        "Tax Effect Of Unusual Items": NaN,
        "Tax Rate For Calcs": NaN,
        "Net Income From Continuing Operation Net Minority Interest": NaN,
        "Reconciled Depreciation": NaN,
        "Net Interest Income": NaN,
        "Interest Expense": NaN,
        "Interest Income": NaN,
        "Normalized Income": NaN,
        "Net Income From Continuing And Discontinued Operation": NaN,
        "Diluted Average Shares": 43796069.0,
        "Basic Average Shares": 43646609.0,
        "Diluted EPS": 0.37,
        "Basic EPS": 0.37,
        "Diluted NI Availto Com Stockholders": NaN,
        "Net Income Common Stockholders": NaN,
        "Net Income": NaN,
        "Net Income Including Noncontrolling Interests": NaN,
        "Net Income Continuous Operations": NaN,
        "Tax Provision": NaN,
        "Pretax Income": NaN,
        "Gain On Sale Of Security": NaN,
        "Depreciation Amortization Depletion Income Statement": NaN,
        "Depreciation And Amortization In Income Statement": NaN,
        "Amortization": NaN,
        "Amortization Of Intangibles Income Statement": NaN,
        "Selling General And Administration": NaN,
        "General And Administrative Expense": NaN,
        "Insurance And Claims": NaN,
        "Salaries And Wages": NaN,
        "Total Revenue": NaN,
        "Operating Revenue": NaN,
        "Occupancy And Equipment": NaN,
        "Professional Expense And Contract Services Expense": NaN,
        "Other Non Interest Expense": NaN
    },
    "2023-12-31": {
        "Tax Effect Of Unusual Items": 0.0,
        "Tax Rate For Calcs": 0.21,
        "Net Income From Continuing Operation Net Minority Interest": -25215000.0,
        "Reconciled Depreciation": 3218000.0,
        "Net Interest Income": 42257000.0,
        "Interest Expense": 41257000.0,
        "Interest Income": 83514000.0,
        "Normalized Income": -25215000.0,
        "Net Income From Continuing And Discontinued Operation": -25215000.0,
        "Diluted Average Shares": 43649585.0,
        "Basic Average Shares": 43649585.0,
        "Diluted EPS": -0.58,
        "Basic EPS": -0.58,
        "Diluted NI Availto Com Stockholders": -25215000.0,
        "Net Income Common Stockholders": -25215000.0,
        "Net Income": -25215000.0,
        "Net Income Including Noncontrolling Interests": -25215000.0,
        "Net Income Continuous Operations": -25215000.0,
        "Tax Provision": 6419000.0,
        "Pretax Income": -18796000.0,
        "Gain On Sale Of Security": -31572000.0,
        "Depreciation Amortization Depletion Income Statement": 903000.0,
        "Depreciation And Amortization In Income Statement": 903000.0,
        "Amortization": 903000.0,
        "Amortization Of Intangibles Income Statement": 903000.0,
        "Selling General And Administration": 23077000.0,
        "General And Administrative Expense": 23077000.0,
        "Insurance And Claims": 1200000.0,
        "Salaries And Wages": 21877000.0,
        "Total Revenue": 20463000.0,
        "Operating Revenue": 20463000.0,
        "Occupancy And Equipment": 3260000.0,
        "Professional Expense And Contract Services Expense": 772000.0,
        "Other Non Interest Expense": 9973000.0
    },
    "2024-03-31": {
        "Tax Effect Of Unusual Items": 0.0,
        "Tax Rate For Calcs": 0.085854,
        "Net Income From Continuing Operation Net Minority Interest": 13991000.0,
        "Reconciled Depreciation": 3125000.0,
        "Net Interest Income": 43288000.0,
        "Interest Expense": 41976000.0,
        "Interest Income": 85264000.0,
        "Normalized Income": 13991000.0,
        "Net Income From Continuing And Discontinued Operation": 13991000.0,
        "Diluted Average Shares": 43874036.0,
        "Basic Average Shares": 43663610.0,
        "Diluted EPS": 0.32,
        "Basic EPS": 0.32,
        "Diluted NI Availto Com Stockholders": 13991000.0,
        "Net Income Common Stockholders": 13991000.0,
        "Net Income": 13991000.0,
        "Net Income Including Noncontrolling Interests": 13991000.0,
        "Net Income Continuous Operations": 13991000.0,
        "Tax Provision": 1314000.0,
        "Pretax Income": 15305000.0,
        "Gain On Sale Of Security": 0.0,
        "Depreciation Amortization Depletion Income Statement": 872000.0,
        "Depreciation And Amortization In Income Statement": 872000.0,
        "Amortization": 872000.0,
        "Amortization Of Intangibles Income Statement": 872000.0,
        "Selling General And Administration": 21588000.0,
        "General And Administrative Expense": 21588000.0,
        "Insurance And Claims": 1320000.0,
        "Salaries And Wages": 20268000.0,
        "Total Revenue": 52498000.0,
        "Operating Revenue": 52498000.0,
        "Occupancy And Equipment": 3546000.0,
        "Professional Expense And Contract Services Expense": 607000.0,
        "Other Non Interest Expense": 9775000.0
    },
    "2024-06-30": {
        "Tax Effect Of Unusual Items": 0.0,
        "Tax Rate For Calcs": 0.109,
        "Net Income From Continuing Operation Net Minority Interest": 14140000.0,
        "Reconciled Depreciation": 2987000.0,
        "Net Interest Income": 45279000.0,
        "Interest Expense": 41702000.0,
        "Interest Income": 86981000.0,
        "Normalized Income": 14140000.0,
        "Net Income From Continuing And Discontinued Operation": 14140000.0,
        "Diluted Average Shares": 43987187.0,
        "Basic Average Shares": 43712059.0,
        "Diluted EPS": 0.32,
        "Basic EPS": 0.32,
        "Diluted NI Availto Com Stockholders": 14140000.0,
        "Net Income Common Stockholders": 14140000.0,
        "Net Income": 14140000.0,
        "Net Income Including Noncontrolling Interests": 14140000.0,
        "Net Income Continuous Operations": 14140000.0,
        "Tax Provision": 1733000.0,
        "Pretax Income": 15873000.0,
        "Gain On Sale Of Security": 0.0,
        "Depreciation Amortization Depletion Income Statement": 844000.0,
        "Depreciation And Amortization In Income Statement": 844000.0,
        "Amortization": 844000.0,
        "Amortization Of Intangibles Income Statement": 844000.0,
        "Selling General And Administration": 21898000.0,
        "General And Administrative Expense": 21898000.0,
        "Insurance And Claims": 1315000.0,
        "Salaries And Wages": 20583000.0,
        "Total Revenue": 54726000.0,
        "Operating Revenue": 54726000.0,
        "Occupancy And Equipment": 3192000.0,
        "Professional Expense And Contract Services Expense": 714000.0,
        "Other Non Interest Expense": 9836000.0
    },
    "2024-09-30": {
        "Tax Effect Of Unusual Items": 0.0,
        "Tax Rate For Calcs": 0.004,
        "Net Income From Continuing Operation Net Minority Interest": 18180000.0,
        "Reconciled Depreciation": 3007000.0,
        "Net Interest Income": 46910000.0,
        "Interest Expense": 43978000.0,
        "Interest Income": 90888000.0,
        "Normalized Income": 18180000.0,
        "Net Income From Continuing And Discontinued Operation": 18180000.0,
        "Diluted Average Shares": 44112321.0,
        "Basic Average Shares": 43712059.0,
        "Diluted EPS": 0.41,
        "Basic EPS": 0.42,
        "Diluted NI Availto Com Stockholders": 18180000.0,
        "Net Income Common Stockholders": 18180000.0,
        "Net Income": 18180000.0,
        "Net Income Including Noncontrolling Interests": 18180000.0,
        "Net Income Continuous Operations": 18180000.0,
        "Tax Provision": -75000.0,
        "Pretax Income": 18105000.0,
        "Gain On Sale Of Security": 0.0,
        "Depreciation Amortization Depletion Income Statement": 844000.0,
        "Depreciation And Amortization In Income Statement": 844000.0,
        "Amortization": 844000.0,
        "Amortization Of Intangibles Income Statement": 844000.0,
        "Selling General And Administration": 23033000.0,
        "General And Administrative Expense": 23033000.0,
        "Insurance And Claims": 1204000.0,
        "Salaries And Wages": 21829000.0,
        "Total Revenue": 57387000.0,
        "Operating Revenue": 57387000.0,
        "Occupancy And Equipment": 3207000.0,
        "Professional Expense And Contract Services Expense": 676000.0,
        "Other Non Interest Expense": 10478000.0
    },
    "2024-12-31": {
        "Tax Effect Of Unusual Items": 0.0,
        "Tax Rate For Calcs": 0.21,
        "Net Income From Continuing Operation Net Minority Interest": -10882000.0,
        "Reconciled Depreciation": 3183000.0,
        "Net Interest Income": 53127000.0,
        "Interest Expense": 40223000.0,
        "Interest Income": 93350000.0,
        "Normalized Income": -10882000.0,
        "Net Income From Continuing And Discontinued Operation": -10882000.0,
        "Diluted Average Shares": NaN,
        "Basic Average Shares": NaN,
        "Diluted EPS": NaN,
        "Basic EPS": NaN,
        "Diluted NI Availto Com Stockholders": -10882000.0,
        "Net Income Common Stockholders": -10882000.0,
        "Net Income": -10882000.0,
        "Net Income Including Noncontrolling Interests": -10882000.0,
        "Net Income Continuous Operations": -10882000.0,
        "Tax Provision": -11051000.0,
        "Pretax Income": -21933000.0,
        "Gain On Sale Of Security": -39140000.0,
        "Depreciation Amortization Depletion Income Statement": 843000.0,
        "Depreciation And Amortization In Income Statement": 843000.0,
        "Amortization": 843000.0,
        "Amortization Of Intangibles Income Statement": 843000.0,
        "Selling General And Administration": 26757000.0,
        "General And Administrative Expense": 26757000.0,
        "Insurance And Claims": 1193000.0,
        "Salaries And Wages": 25564000.0,
        "Total Revenue": 22888000.0,
        "Operating Revenue": 22888000.0,
        "Occupancy And Equipment": 3431000.0,
        "Professional Expense And Contract Services Expense": 736000.0,
        "Other Non Interest Expense": 11883000.0
    }
}