{
    "2023-06-30": {
        "Tax Effect Of Unusual Items": NaN,
        "Tax Rate For Calcs": NaN,
        "Total Unusual Items": NaN,
        "Total Unusual Items Excluding Goodwill": NaN,
        "Net Income From Continuing Operation Net Minority Interest": NaN,
        "Reconciled Depreciation": NaN,
        "Net Interest Income": NaN,
        "Interest Expense": NaN,
        "Interest Income": NaN,
        "Normalized Income": NaN,
        "Net Income From Continuing And Discontinued Operation": NaN,
        "Diluted Average Shares": NaN,
        "Basic Average Shares": NaN,
        "Diluted EPS": NaN,
        "Basic EPS": NaN,
        "Diluted NI Availto Com Stockholders": NaN,
        "Net Income Common Stockholders": NaN,
        "Otherunder Preferred Stock Dividend": 11000.0,
        "Net Income": NaN,
        "Net Income Including Noncontrolling Interests": NaN,
        "Net Income Continuous Operations": NaN,
        "Tax Provision": NaN,
        "Pretax Income": NaN,
        "Gain On Sale Of Security": NaN,
        "Depreciation Amortization Depletion Income Statement": NaN,
        "Depreciation And Amortization In Income Statement": NaN,
        "Amortization": NaN,
        "Amortization Of Intangibles Income Statement": NaN,
        "Selling General And Administration": NaN,
        "Selling And Marketing Expense": NaN,
        "General And Administrative Expense": NaN,
        "Other Gand A": NaN,
        "Insurance And Claims": NaN,
        "Salaries And Wages": NaN,
        "Total Revenue": NaN,
        "Operating Revenue": NaN,
        "Occupancy And Equipment": NaN,
        "Other Non Interest Expense": NaN
    },
    "2023-03-31": {
        "Tax Effect Of Unusual Items": NaN,
        "Tax Rate For Calcs": NaN,
        "Total Unusual Items": NaN,
        "Total Unusual Items Excluding Goodwill": NaN,
        "Net Income From Continuing Operation Net Minority Interest": NaN,
        "Reconciled Depreciation": NaN,
        "Net Interest Income": NaN,
        "Interest Expense": NaN,
        "Interest Income": NaN,
        "Normalized Income": NaN,
        "Net Income From Continuing And Discontinued Operation": NaN,
        "Diluted Average Shares": NaN,
        "Basic Average Shares": NaN,
        "Diluted EPS": NaN,
        "Basic EPS": NaN,
        "Diluted NI Availto Com Stockholders": NaN,
        "Net Income Common Stockholders": NaN,
        "Otherunder Preferred Stock Dividend": 5000.0,
        "Net Income": NaN,
        "Net Income Including Noncontrolling Interests": NaN,
        "Net Income Continuous Operations": NaN,
        "Tax Provision": NaN,
        "Pretax Income": NaN,
        "Gain On Sale Of Security": NaN,
        "Depreciation Amortization Depletion Income Statement": NaN,
        "Depreciation And Amortization In Income Statement": NaN,
        "Amortization": NaN,
        "Amortization Of Intangibles Income Statement": NaN,
        "Selling General And Administration": NaN,
        "Selling And Marketing Expense": NaN,
        "General And Administrative Expense": NaN,
        "Other Gand A": NaN,
        "Insurance And Claims": NaN,
        "Salaries And Wages": NaN,
        "Total Revenue": NaN,
        "Operating Revenue": NaN,
        "Occupancy And Equipment": NaN,
        "Other Non Interest Expense": NaN
    },
    "2022-12-31": {
        "Tax Effect Of Unusual Items": -26674.709055,
        "Tax Rate For Calcs": 0.254045,
        "Total Unusual Items": -105000.0,
        "Total Unusual Items Excluding Goodwill": -105000.0,
        "Net Income From Continuing Operation Net Minority Interest": 13140000.0,
        "Reconciled Depreciation": 887000.0,
        "Net Interest Income": 42183000.0,
        "Interest Expense": 2765000.0,
        "Interest Income": 44948000.0,
        "Normalized Income": 13218325.290945,
        "Net Income From Continuing And Discontinued Operation": 13140000.0,
        "Diluted Average Shares": 29079661.0,
        "Basic Average Shares": 28752626.0,
        "Diluted EPS": 0.59,
        "Basic EPS": 0.6,
        "Diluted NI Availto Com Stockholders": 13191000.0,
        "Net Income Common Stockholders": 13191000.0,
        "Otherunder Preferred Stock Dividend": NaN,
        "Net Income": 13140000.0,
        "Net Income Including Noncontrolling Interests": 13140000.0,
        "Net Income Continuous Operations": 13140000.0,
        "Tax Provision": 4475000.0,
        "Pretax Income": 17615000.0,
        "Gain On Sale Of Security": 33000.0,
        "Depreciation Amortization Depletion Income Statement": 140000.0,
        "Depreciation And Amortization In Income Statement": 140000.0,
        "Amortization": 140000.0,
        "Amortization Of Intangibles Income Statement": 140000.0,
        "Selling General And Administration": 11273000.0,
        "Selling And Marketing Expense": 867000.0,
        "General And Administrative Expense": 10406000.0,
        "Other Gand A": NaN,
        "Insurance And Claims": 276000.0,
        "Salaries And Wages": 15404000.0,
        "Total Revenue": 49794000.0,
        "Operating Revenue": 49794000.0
    },
    "2022-09-30": {
        "Tax Effect Of Unusual Items": NaN,
        "Tax Rate For Calcs": NaN,
        "Total Unusual Items": NaN,
        "Total Unusual Items Excluding Goodwill": NaN,
        "Net Income From Continuing Operation Net Minority Interest": NaN,
        "Reconciled Depreciation": NaN,
        "Net Interest Income": NaN,
        "Interest Expense": NaN,
        "Interest Income": NaN,
        "Normalized Income": NaN,
        "Net Income From Continuing And Discontinued Operation": NaN,
        "Diluted Average Shares": NaN,
        "Basic Average Shares": NaN,
        "Diluted EPS": NaN,
        "Basic EPS": NaN,
        "Diluted NI Availto Com Stockholders": NaN,
        "Net Income Common Stockholders": NaN,
        "Otherunder Preferred Stock Dividend": 17000.0,
        "Net Income": NaN,
        "Net Income Including Noncontrolling Interests": NaN,
        "Net Income Continuous Operations": NaN,
        "Tax Provision": NaN,
        "Pretax Income": NaN,
        "Gain On Sale Of Security": NaN,
        "Depreciation Amortization Depletion Income Statement": NaN,
        "Depreciation And Amortization In Income Statement": NaN,
        "Amortization": NaN,
        "Amortization Of Intangibles Income Statement": NaN,
        "Selling General And Administration": NaN,
        "Selling And Marketing Expense": NaN,
        "General And Administrative Expense": NaN,
        "Other Gand A": 1631000.0,
        "Insurance And Claims": NaN,
        "Salaries And Wages": NaN,
        "Total Revenue": NaN,
        "Operating Revenue": NaN
    },
    "2022-06-30": {
        "Tax Effect Of Unusual Items": -12810.899298,
        "Tax Rate For Calcs": 0.256218,
        "Total Unusual Items": -50000.0,
        "Total Unusual Items Excluding Goodwill": -50000.0,
        "Net Income From Continuing Operation Net Minority Interest": 14085000.0,
        "Reconciled Depreciation": 245000.0,
        "Net Interest Income": 34373000.0,
        "Interest Expense": 1384000.0,
        "Interest Income": 35757000.0,
        "Normalized Income": 14122189.100702,
        "Net Income From Continuing And Discontinued Operation": 14085000.0,
        "Diluted Average Shares": 28944876.0,
        "Basic Average Shares": 28891202.0,
        "Diluted EPS": 0.49,
        "Basic EPS": 0.49,
        "Diluted NI Availto Com Stockholders": 14068000.0,
        "Net Income Common Stockholders": 14068000.0,
        "Otherunder Preferred Stock Dividend": 17000.0,
        "Net Income": 14085000.0,
        "Net Income Including Noncontrolling Interests": 14085000.0,
        "Net Income Continuous Operations": 14085000.0,
        "Tax Provision": 4852000.0,
        "Pretax Income": 18937000.0,
        "Gain On Sale Of Security": -153000.0,
        "Depreciation Amortization Depletion Income Statement": 245000.0,
        "Depreciation And Amortization In Income Statement": 245000.0,
        "Amortization": 245000.0,
        "Amortization Of Intangibles Income Statement": 245000.0,
        "Selling General And Administration": 18413000.0,
        "Selling And Marketing Expense": 1205000.0,
        "General And Administrative Expense": 17208000.0,
        "Other Gand A": 1990000.0,
        "Insurance And Claims": 298000.0,
        "Salaries And Wages": 14920000.0,
        "Total Revenue": 42646000.0,
        "Operating Revenue": 42646000.0
    },
    "2022-03-31": {
        "Diluted EPS": 0.47,
        "Total Revenue": 43,
        "Gross Profit": 42,
        "Operating Income": 18,
        "EBIT": NaN,
        "Net Income": 14
    },
    "2021-12-31": {
        "Diluted EPS": 0.47,
        "Total Revenue": 44,
        "Gross Profit": 42,
        "Operating Income": 19,
        "EBIT": NaN,
        "Net Income": 14
    },
    "2021-09-30": {
        "Diluted EPS": 0.5,
        "Total Revenue": 41,
        "Gross Profit": 39,
        "Operating Income": 19,
        "EBIT": NaN,
        "Net Income": 14
    },
    "2021-06-30": {
        "Diluted EPS": 0.5,
        "Total Revenue": 40,
        "Gross Profit": 38,
        "Operating Income": 18,
        "EBIT": NaN,
        "Net Income": 14
    },
    "2021-03-31": {
        "Diluted EPS": 0.55,
        "Total Revenue": 41,
        "Gross Profit": 40,
        "Operating Income": 21,
        "EBIT": NaN,
        "Net Income": 15
    },
    "2020-12-31": {
        "Diluted EPS": 0.46,
        "Total Revenue": 42,
        "Gross Profit": 40,
        "Operating Income": 17,
        "EBIT": NaN,
        "Net Income": 13
    },
    "2020-09-30": {
        "Diluted EPS": 0.38,
        "Total Revenue": 40,
        "Gross Profit": 39,
        "Operating Income": 14,
        "EBIT": NaN,
        "Net Income": 11
    },
    "2020-06-30": {
        "Diluted EPS": 0.27,
        "Total Revenue": 38,
        "Gross Profit": 37,
        "Operating Income": 10,
        "EBIT": NaN,
        "Net Income": 7
    },
    "2020-03-31": {
        "Diluted EPS": 0.23,
        "Total Revenue": 38,
        "Gross Profit": 36,
        "Operating Income": 8,
        "EBIT": NaN,
        "Net Income": 6
    },
    "2019-12-31": {
        "Diluted EPS": 0.51,
        "Total Revenue": 45,
        "Gross Profit": 43,
        "Operating Income": 21,
        "EBIT": NaN,
        "Net Income": 16
    },
    "2019-09-30": {
        "Diluted EPS": 0.97,
        "Total Revenue": 43,
        "Gross Profit": 41,
        "Operating Income": 18,
        "EBIT": NaN,
        "Net Income": 17
    },
    "2019-06-30": {
        "Diluted EPS": 0.81,
        "Total Revenue": 44,
        "Gross Profit": 41,
        "Operating Income": 15,
        "EBIT": NaN,
        "Net Income": 15
    },
    "2019-03-31": {
        "Diluted EPS": 1.04,
        "Total Revenue": 44,
        "Gross Profit": 42,
        "Operating Income": 19,
        "EBIT": NaN,
        "Net Income": 19
    },
    "2018-12-31": {
        "Diluted EPS": 0.0,
        "Total Revenue": NaN,
        "Gross Profit": NaN,
        "Operating Income": NaN,
        "EBIT": NaN,
        "Net Income": NaN
    },
    "2018-09-30": {
        "Diluted EPS": 0.98,
        "Total Revenue": 43,
        "Gross Profit": 41,
        "Operating Income": 18,
        "EBIT": NaN,
        "Net Income": 18
    },
    "2017-12-31": {
        "Diluted EPS": 0.0,
        "Total Revenue": NaN,
        "Gross Profit": NaN,
        "Operating Income": NaN,
        "EBIT": NaN,
        "Net Income": NaN
    },
    "2023-09-30": {
        "Tax Effect Of Unusual Items": NaN,
        "Tax Rate For Calcs": NaN,
        "Total Unusual Items": NaN,
        "Total Unusual Items Excluding Goodwill": NaN,
        "Net Income From Continuing Operation Net Minority Interest": NaN,
        "Reconciled Depreciation": NaN,
        "Net Interest Income": NaN,
        "Interest Expense": NaN,
        "Interest Income": NaN,
        "Normalized Income": NaN,
        "Net Income From Continuing And Discontinued Operation": NaN,
        "Diluted Average Shares": NaN,
        "Basic Average Shares": NaN,
        "Diluted EPS": NaN,
        "Basic EPS": NaN,
        "Diluted NI Availto Com Stockholders": NaN,
        "Net Income Common Stockholders": NaN,
        "Otherunder Preferred Stock Dividend": 10000.0,
        "Net Income": NaN,
        "Net Income Including Noncontrolling Interests": NaN,
        "Net Income Continuous Operations": NaN,
        "Tax Provision": NaN,
        "Pretax Income": NaN,
        "Gain On Sale Of Security": NaN,
        "Depreciation Amortization Depletion Income Statement": NaN,
        "Depreciation And Amortization In Income Statement": NaN,
        "Amortization": NaN,
        "Amortization Of Intangibles Income Statement": NaN,
        "Selling General And Administration": NaN,
        "Selling And Marketing Expense": NaN,
        "General And Administrative Expense": NaN,
        "Other Gand A": 2581000.0,
        "Insurance And Claims": NaN,
        "Salaries And Wages": NaN,
        "Total Revenue": NaN,
        "Operating Revenue": NaN,
        "Occupancy And Equipment": NaN,
        "Other Non Interest Expense": NaN
    },
    "2023-12-31": {
        "Tax Effect Of Unusual Items": 16120.416314,
        "Tax Rate For Calcs": 0.25588,
        "Total Unusual Items": 63000.0,
        "Total Unusual Items Excluding Goodwill": 63000.0,
        "Net Income From Continuing Operation Net Minority Interest": 18446000.0,
        "Reconciled Depreciation": 1466000.0,
        "Net Interest Income": 47084000.0,
        "Interest Expense": 14327000.0,
        "Interest Income": 61411000.0,
        "Normalized Income": 18399120.416314,
        "Net Income From Continuing And Discontinued Operation": 18446000.0,
        "Diluted Average Shares": 31708381.0,
        "Basic Average Shares": 31708381.0,
        "Diluted EPS": 0.58,
        "Basic EPS": 0.58,
        "Diluted NI Availto Com Stockholders": 18472000.0,
        "Net Income Common Stockholders": 18472000.0,
        "Otherunder Preferred Stock Dividend": NaN,
        "Net Income": 18446000.0,
        "Net Income Including Noncontrolling Interests": 18446000.0,
        "Net Income Continuous Operations": 18446000.0,
        "Tax Provision": 6343000.0,
        "Pretax Income": 24789000.0,
        "Gain On Sale Of Security": 221000.0,
        "Depreciation Amortization Depletion Income Statement": 720000.0,
        "Depreciation And Amortization In Income Statement": 720000.0,
        "Amortization": 720000.0,
        "Amortization Of Intangibles Income Statement": 720000.0,
        "Selling General And Administration": 10074000.0,
        "Selling And Marketing Expense": 1169000.0,
        "General And Administrative Expense": 8905000.0,
        "Other Gand A": NaN,
        "Insurance And Claims": 575000.0,
        "Salaries And Wages": 18117000.0,
        "Total Revenue": 55858000.0,
        "Operating Revenue": 55858000.0,
        "Occupancy And Equipment": 3113000.0,
        "Other Non Interest Expense": 16049000.0
    },
    "2024-03-31": {
        "Tax Effect Of Unusual Items": -140505.287782,
        "Tax Rate For Calcs": 0.256397,
        "Total Unusual Items": -548000.0,
        "Total Unusual Items Excluding Goodwill": -548000.0,
        "Net Income From Continuing Operation Net Minority Interest": 15258000.0,
        "Reconciled Depreciation": 1439000.0,
        "Net Interest Income": 46688000.0,
        "Interest Expense": 15273000.0,
        "Interest Income": 61961000.0,
        "Normalized Income": 15665494.712218,
        "Net Income From Continuing And Discontinued Operation": 15258000.0,
        "Diluted Average Shares": 31803187.0,
        "Basic Average Shares": 31662954.0,
        "Diluted EPS": 0.48,
        "Basic EPS": 0.48,
        "Diluted NI Availto Com Stockholders": 15258000.0,
        "Net Income Common Stockholders": 15258000.0,
        "Net Income": 15258000.0,
        "Net Income Including Noncontrolling Interests": 15258000.0,
        "Net Income Continuous Operations": 15258000.0,
        "Tax Provision": 5261000.0,
        "Pretax Income": 20519000.0,
        "Gain On Sale Of Security": -3398000.0,
        "Depreciation Amortization Depletion Income Statement": 710000.0,
        "Depreciation And Amortization In Income Statement": 710000.0,
        "Amortization": 710000.0,
        "Amortization Of Intangibles Income Statement": 710000.0,
        "Selling General And Administration": 21018000.0,
        "Selling And Marketing Expense": 996000.0,
        "General And Administrative Expense": 20022000.0,
        "Insurance And Claims": 560000.0,
        "Salaries And Wages": 19462000.0,
        "Total Revenue": 51862000.0,
        "Operating Revenue": 51862000.0,
        "Occupancy And Equipment": 3132000.0,
        "Other Non Interest Expense": 5956000.0
    },
    "2024-06-30": {
        "Tax Effect Of Unusual Items": -7728.0,
        "Tax Rate For Calcs": 0.276,
        "Total Unusual Items": -28000.0,
        "Total Unusual Items Excluding Goodwill": -28000.0,
        "Net Income From Continuing Operation Net Minority Interest": 18070000.0,
        "Reconciled Depreciation": 1443000.0,
        "Net Interest Income": 47028000.0,
        "Interest Expense": 15796000.0,
        "Interest Income": 62824000.0,
        "Normalized Income": 18090272.0,
        "Net Income From Continuing And Discontinued Operation": 18070000.0,
        "Diluted Average Shares": 31666811.0,
        "Basic Average Shares": 31579457.0,
        "Diluted EPS": 0.57,
        "Basic EPS": 0.57,
        "Diluted NI Availto Com Stockholders": 18070000.0,
        "Net Income Common Stockholders": 18070000.0,
        "Net Income": 18070000.0,
        "Net Income Including Noncontrolling Interests": 18070000.0,
        "Net Income Continuous Operations": 18070000.0,
        "Tax Provision": 6883000.0,
        "Pretax Income": 24953000.0,
        "Gain On Sale Of Security": -96000.0,
        "Depreciation Amortization Depletion Income Statement": 710000.0,
        "Depreciation And Amortization In Income Statement": 710000.0,
        "Amortization": 710000.0,
        "Amortization Of Intangibles Income Statement": 710000.0,
        "Selling General And Administration": 20785000.0,
        "Selling And Marketing Expense": 996000.0,
        "General And Administrative Expense": 19789000.0,
        "Insurance And Claims": 565000.0,
        "Salaries And Wages": 19224000.0,
        "Total Revenue": 56163000.0,
        "Operating Revenue": 56163000.0,
        "Occupancy And Equipment": 2791000.0,
        "Other Non Interest Expense": 5748000.0
    },
    "2024-09-30": {
        "Tax Effect Of Unusual Items": -11868.0,
        "Tax Rate For Calcs": 0.258,
        "Total Unusual Items": -46000.0,
        "Total Unusual Items Excluding Goodwill": -46000.0,
        "Net Income From Continuing Operation Net Minority Interest": 18180000.0,
        "Reconciled Depreciation": 1455000.0,
        "Net Interest Income": 47733000.0,
        "Interest Expense": 16384000.0,
        "Interest Income": 64117000.0,
        "Normalized Income": 18214132.0,
        "Net Income From Continuing And Discontinued Operation": 18180000.0,
        "Diluted Average Shares": 31677546.0,
        "Basic Average Shares": 31559366.0,
        "Diluted EPS": 0.57,
        "Basic EPS": 0.58,
        "Diluted NI Availto Com Stockholders": 18180000.0,
        "Net Income Common Stockholders": 18180000.0,
        "Net Income": 18180000.0,
        "Net Income Including Noncontrolling Interests": 18180000.0,
        "Net Income Continuous Operations": 18180000.0,
        "Tax Provision": 6333000.0,
        "Pretax Income": 24513000.0,
        "Gain On Sale Of Security": 136000.0,
        "Depreciation Amortization Depletion Income Statement": 710000.0,
        "Depreciation And Amortization In Income Statement": 710000.0,
        "Amortization": 710000.0,
        "Amortization Of Intangibles Income Statement": 710000.0,
        "Selling General And Administration": 21274000.0,
        "Selling And Marketing Expense": 1380000.0,
        "General And Administrative Expense": 19894000.0,
        "Insurance And Claims": 572000.0,
        "Salaries And Wages": 19322000.0,
        "Total Revenue": 55962000.0,
        "Operating Revenue": 55962000.0,
        "Occupancy And Equipment": 3141000.0,
        "Other Non Interest Expense": 5721000.0
    },
    "2024-12-31": {
        "Tax Effect Of Unusual Items": 2340.827798,
        "Tax Rate For Calcs": 0.260092,
        "Total Unusual Items": 9000.0,
        "Total Unusual Items Excluding Goodwill": 9000.0,
        "Net Income From Continuing Operation Net Minority Interest": 20272000.0,
        "Reconciled Depreciation": 1446000.0,
        "Net Interest Income": 47401000.0,
        "Interest Expense": 15397000.0,
        "Interest Income": 62798000.0,
        "Normalized Income": 20265340.827798,
        "Net Income From Continuing And Discontinued Operation": 20272000.0,
        "Diluted Average Shares": 31702864.0,
        "Basic Average Shares": 31559366.0,
        "Diluted EPS": 0.64,
        "Basic EPS": 0.64,
        "Diluted NI Availto Com Stockholders": 20272000.0,
        "Net Income Common Stockholders": 20272000.0,
        "Net Income": 20272000.0,
        "Net Income Including Noncontrolling Interests": 20272000.0,
        "Net Income Continuous Operations": 20272000.0,
        "Tax Provision": 7126000.0,
        "Pretax Income": 27398000.0,
        "Gain On Sale Of Security": -398000.0,
        "Depreciation Amortization Depletion Income Statement": 709000.0,
        "Depreciation And Amortization In Income Statement": 709000.0,
        "Amortization": 709000.0,
        "Amortization Of Intangibles Income Statement": 709000.0,
        "Selling General And Administration": 19938000.0,
        "Selling And Marketing Expense": 948000.0,
        "General And Administrative Expense": 18990000.0,
        "Insurance And Claims": 557000.0,
        "Salaries And Wages": 18433000.0,
        "Total Revenue": 58378000.0,
        "Operating Revenue": 58378000.0,
        "Occupancy And Equipment": 3233000.0,
        "Other Non Interest Expense": 6375000.0
    },
    "2025-03-31": {
        "Tax Effect Of Unusual Items": 16884.0,
        "Tax Rate For Calcs": 0.252,
        "Total Unusual Items": 67000.0,
        "Total Unusual Items Excluding Goodwill": 67000.0,
        "Net Income From Continuing Operation Net Minority Interest": 19075000.0,
        "Reconciled Depreciation": 1451000.0,
        "Net Interest Income": 48708000.0,
        "Interest Expense": 14430000.0,
        "Interest Income": 63138000.0,
        "Normalized Income": 19024884.0,
        "Net Income From Continuing And Discontinued Operation": 19075000.0,
        "Diluted Average Shares": 31711671.0,
        "Basic Average Shares": 31584989.0,
        "Diluted EPS": 0.6,
        "Basic EPS": 0.6,
        "Diluted NI Availto Com Stockholders": 19075000.0,
        "Net Income Common Stockholders": 19075000.0,
        "Net Income": 19075000.0,
        "Net Income Including Noncontrolling Interests": 19075000.0,
        "Net Income Continuous Operations": 19075000.0,
        "Tax Provision": 6428000.0,
        "Pretax Income": 25503000.0,
        "Gain On Sale Of Security": 8000.0,
        "Depreciation Amortization Depletion Income Statement": 695000.0,
        "Depreciation And Amortization In Income Statement": 695000.0,
        "Amortization": 695000.0,
        "Amortization Of Intangibles Income Statement": 695000.0,
        "Selling General And Administration": 22044000.0,
        "Selling And Marketing Expense": 1144000.0,
        "General And Administrative Expense": 20900000.0,
        "Insurance And Claims": 562000.0,
        "Salaries And Wages": 20338000.0,
        "Total Revenue": 57631000.0,
        "Operating Revenue": 57631000.0,
        "Occupancy And Equipment": 3070000.0,
        "Other Non Interest Expense": 5743000.0
    },
    "2025-06-30": {
        "Tax Effect Of Unusual Items": -30829.04621,
        "Tax Rate For Calcs": 0.27043,
        "Total Unusual Items": -114000.0,
        "Total Unusual Items Excluding Goodwill": -114000.0,
        "Net Income From Continuing Operation Net Minority Interest": 19230000.0,
        "Reconciled Depreciation": 1473000.0,
        "Net Interest Income": 49658000.0,
        "Interest Expense": 14261000.0,
        "Interest Income": 63919000.0,
        "Normalized Income": 19313170.95379,
        "Net Income From Continuing And Discontinued Operation": 19230000.0,
        "Diluted Average Shares": 31588541.0,
        "Basic Average Shares": 31510759.0,
        "Diluted EPS": 0.61,
        "Basic EPS": 0.61,
        "Diluted NI Availto Com Stockholders": 19230000.0,
        "Net Income Common Stockholders": 19230000.0,
        "Net Income": 19230000.0,
        "Net Income Including Noncontrolling Interests": 19230000.0,
        "Net Income Continuous Operations": 19230000.0,
        "Tax Provision": 7128000.0,
        "Pretax Income": 26358000.0,
        "Gain On Sale Of Security": 23000.0,
        "Depreciation Amortization Depletion Income Statement": 694000.0,
        "Depreciation And Amortization In Income Statement": 694000.0,
        "Amortization": 694000.0,
        "Amortization Of Intangibles Income Statement": 694000.0,
        "Selling General And Administration": 21603000.0,
        "Selling And Marketing Expense": 1020000.0,
        "General And Administrative Expense": 20583000.0,
        "Insurance And Claims": 551000.0,
        "Salaries And Wages": 20032000.0,
        "Total Revenue": 58438000.0,
        "Operating Revenue": 58438000.0,
        "Occupancy And Equipment": 3046000.0,
        "Other Non Interest Expense": 6211000.0
    }
}