{
    "2023-03-31": {
        "Tax Effect Of Unusual Items": NaN,
        "Tax Rate For Calcs": NaN,
        "Normalized EBITDA": NaN,
        "Total Unusual Items": NaN,
        "Total Unusual Items Excluding Goodwill": NaN,
        "Net Income From Continuing Operation Net Minority Interest": NaN,
        "Reconciled Depreciation": NaN,
        "Reconciled Cost Of Revenue": NaN,
        "EBITDA": NaN,
        "EBIT": NaN,
        "Net Interest Income": NaN,
        "Interest Expense": 7443000.0,
        "Interest Income": 8903000.0,
        "Normalized Income": NaN,
        "Net Income From Continuing And Discontinued Operation": NaN,
        "Total Expenses": NaN,
        "Total Operating Income As Reported": NaN,
        "Diluted Average Shares": NaN,
        "Basic Average Shares": NaN,
        "Diluted EPS": NaN,
        "Basic EPS": NaN,
        "Diluted NI Availto Com Stockholders": NaN,
        "Net Income Common Stockholders": NaN,
        "Net Income": NaN,
        "Net Income Including Noncontrolling Interests": NaN,
        "Net Income Continuous Operations": NaN,
        "Tax Provision": NaN,
        "Pretax Income": NaN,
        "Other Income Expense": NaN,
        "Other Non Operating Income Expenses": 221000.0,
        "Special Income Charges": NaN,
        "Other Special Charges": NaN,
        "Net Non Operating Interest Income Expense": NaN,
        "Total Other Finance Cost": -1460000.0,
        "Interest Expense Non Operating": 7443000.0,
        "Interest Income Non Operating": 8903000.0,
        "Operating Income": NaN,
        "Operating Expense": NaN,
        "Depreciation Amortization Depletion Income Statement": 37213000.0,
        "Selling General And Administration": NaN,
        "General And Administrative Expense": 14516000.0,
        "Other Gand A": 14516000.0,
        "Gross Profit": NaN,
        "Cost Of Revenue": NaN,
        "Total Revenue": NaN,
        "Operating Revenue": NaN
    },
    "2022-12-31": {
        "Tax Effect Of Unusual Items": NaN,
        "Tax Rate For Calcs": NaN,
        "Normalized EBITDA": NaN,
        "Total Unusual Items": NaN,
        "Total Unusual Items Excluding Goodwill": NaN,
        "Net Income From Continuing Operation Net Minority Interest": NaN,
        "Reconciled Depreciation": NaN,
        "Reconciled Cost Of Revenue": NaN,
        "EBITDA": NaN,
        "EBIT": NaN,
        "Net Interest Income": NaN,
        "Interest Expense": -1711000.0,
        "Interest Income": NaN,
        "Normalized Income": NaN,
        "Net Income From Continuing And Discontinued Operation": NaN,
        "Total Expenses": NaN,
        "Total Operating Income As Reported": NaN,
        "Diluted Average Shares": NaN,
        "Basic Average Shares": NaN,
        "Diluted EPS": NaN,
        "Basic EPS": NaN,
        "Diluted NI Availto Com Stockholders": NaN,
        "Net Income Common Stockholders": NaN,
        "Net Income": NaN,
        "Net Income Including Noncontrolling Interests": NaN,
        "Net Income Continuous Operations": NaN,
        "Tax Provision": NaN,
        "Pretax Income": NaN,
        "Other Income Expense": NaN,
        "Other Non Operating Income Expenses": 0.0,
        "Special Income Charges": NaN,
        "Other Special Charges": NaN,
        "Net Non Operating Interest Income Expense": NaN,
        "Total Other Finance Cost": NaN,
        "Interest Expense Non Operating": -1711000.0,
        "Interest Income Non Operating": NaN,
        "Operating Income": NaN,
        "Operating Expense": NaN,
        "Depreciation Amortization Depletion Income Statement": 28306000.0,
        "Selling General And Administration": NaN,
        "General And Administrative Expense": NaN,
        "Other Gand A": NaN,
        "Gross Profit": NaN,
        "Cost Of Revenue": NaN,
        "Total Revenue": NaN,
        "Operating Revenue": NaN
    },
    "2022-09-30": {
        "Tax Effect Of Unusual Items": NaN,
        "Tax Rate For Calcs": NaN,
        "Normalized EBITDA": NaN,
        "Total Unusual Items": NaN,
        "Total Unusual Items Excluding Goodwill": NaN,
        "Net Income From Continuing Operation Net Minority Interest": NaN,
        "Reconciled Depreciation": NaN,
        "Reconciled Cost Of Revenue": NaN,
        "EBITDA": NaN,
        "EBIT": NaN,
        "Net Interest Income": NaN,
        "Interest Expense": 5701000.0,
        "Interest Income": NaN,
        "Normalized Income": NaN,
        "Net Income From Continuing And Discontinued Operation": NaN,
        "Total Expenses": NaN,
        "Total Operating Income As Reported": NaN,
        "Diluted Average Shares": NaN,
        "Basic Average Shares": NaN,
        "Diluted EPS": NaN,
        "Basic EPS": NaN,
        "Diluted NI Availto Com Stockholders": NaN,
        "Net Income Common Stockholders": NaN,
        "Net Income": NaN,
        "Net Income Including Noncontrolling Interests": NaN,
        "Net Income Continuous Operations": NaN,
        "Tax Provision": NaN,
        "Pretax Income": NaN,
        "Other Income Expense": NaN,
        "Other Non Operating Income Expenses": NaN,
        "Special Income Charges": NaN,
        "Other Special Charges": NaN,
        "Net Non Operating Interest Income Expense": NaN,
        "Total Other Finance Cost": 5701000.0,
        "Interest Expense Non Operating": 5701000.0,
        "Interest Income Non Operating": NaN,
        "Operating Income": NaN,
        "Operating Expense": NaN,
        "Depreciation Amortization Depletion Income Statement": 30805000.0,
        "Selling General And Administration": NaN,
        "General And Administrative Expense": 10557000.0,
        "Other Gand A": 10557000.0,
        "Gross Profit": NaN,
        "Cost Of Revenue": NaN,
        "Total Revenue": NaN,
        "Operating Revenue": NaN
    },
    "2022-06-30": {
        "Tax Effect Of Unusual Items": -1497722.116995,
        "Tax Rate For Calcs": 0.187098,
        "Normalized EBITDA": 410907000.0,
        "Total Unusual Items": -8005000.0,
        "Total Unusual Items Excluding Goodwill": -8005000.0,
        "Net Income From Continuing Operation Net Minority Interest": 296992000.0,
        "Reconciled Depreciation": 30371000.0,
        "Reconciled Cost Of Revenue": 201750000.0,
        "EBITDA": 402902000.0,
        "EBIT": 372531000.0,
        "Net Interest Income": -7183000.0,
        "Interest Expense": 7183000.0,
        "Normalized Income": 303499277.883005,
        "Net Income From Continuing And Discontinued Operation": 296992000.0,
        "Total Expenses": 244620000.0,
        "Total Operating Income As Reported": 372531000.0,
        "Diluted Average Shares": 51740000.0,
        "Basic Average Shares": 51646000.0,
        "Diluted EPS": 5.74,
        "Basic EPS": 5.75,
        "Diluted NI Availto Com Stockholders": 296992000.0,
        "Net Income Common Stockholders": 296992000.0,
        "Net Income": 296992000.0,
        "Net Income Including Noncontrolling Interests": 296992000.0,
        "Net Income Continuous Operations": 296992000.0,
        "Tax Provision": 68356000.0,
        "Pretax Income": 365348000.0,
        "Other Income Expense": -8005000.0,
        "Other Non Operating Income Expenses": NaN,
        "Special Income Charges": -8005000.0,
        "Other Special Charges": 8005000.0,
        "Net Non Operating Interest Income Expense": -7183000.0,
        "Total Other Finance Cost": NaN,
        "Interest Expense Non Operating": 7183000.0,
        "Operating Income": 380536000.0,
        "Operating Expense": 42870000.0,
        "Other Operating Expenses": NaN,
        "Depreciation Amortization Depletion Income Statement": 30371000.0,
        "Selling General And Administration": 12499000.0,
        "General And Administrative Expense": 12499000.0,
        "Other Gand A": 12499000.0,
        "Gross Profit": 423406000.0,
        "Cost Of Revenue": 201750000.0,
        "Total Revenue": 625156000.0,
        "Operating Revenue": 623288000.0
    },
    "2023-06-30": {
        "Tax Effect Of Unusual Items": NaN,
        "Tax Rate For Calcs": NaN,
        "Normalized EBITDA": NaN,
        "Total Unusual Items": NaN,
        "Total Unusual Items Excluding Goodwill": NaN,
        "Net Income From Continuing Operation Net Minority Interest": NaN,
        "Reconciled Depreciation": NaN,
        "Reconciled Cost Of Revenue": NaN,
        "EBITDA": NaN,
        "EBIT": NaN,
        "Net Interest Income": NaN,
        "Interest Expense": NaN,
        "Interest Income": NaN,
        "Normalized Income": NaN,
        "Net Income From Continuing And Discontinued Operation": NaN,
        "Total Expenses": NaN,
        "Total Operating Income As Reported": NaN,
        "Diluted Average Shares": NaN,
        "Basic Average Shares": NaN,
        "Diluted EPS": NaN,
        "Basic EPS": NaN,
        "Diluted NI Availto Com Stockholders": NaN,
        "Net Income Common Stockholders": NaN,
        "Net Income": NaN,
        "Net Income Including Noncontrolling Interests": NaN,
        "Net Income Continuous Operations": NaN,
        "Tax Provision": NaN,
        "Pretax Income": NaN,
        "Other Income Expense": NaN,
        "Other Non Operating Income Expenses": NaN,
        "Special Income Charges": NaN,
        "Other Special Charges": NaN,
        "Net Non Operating Interest Income Expense": NaN,
        "Total Other Finance Cost": -6188000.0,
        "Interest Expense Non Operating": NaN,
        "Interest Income Non Operating": NaN,
        "Operating Income": NaN,
        "Operating Expense": NaN,
        "Depreciation Amortization Depletion Income Statement": 30550000.0,
        "Selling General And Administration": NaN,
        "General And Administrative Expense": NaN,
        "Other Gand A": NaN,
        "Gross Profit": NaN,
        "Cost Of Revenue": NaN,
        "Total Revenue": NaN,
        "Operating Revenue": NaN
    },
    "2022-03-31": {
        "Diluted EPS": 2.83,
        "Total Revenue": 379,
        "Gross Profit": 236,
        "Operating Income": 187,
        "EBIT": 214,
        "Net Income": 146
    },
    "2021-12-31": {
        "Diluted EPS": 2.7,
        "Total Revenue": 416,
        "Gross Profit": 254,
        "Operating Income": 184,
        "EBIT": 225,
        "Net Income": 138
    },
    "2021-09-30": {
        "Diluted EPS": 0.74,
        "Total Revenue": 202,
        "Gross Profit": 104,
        "Operating Income": 51,
        "EBIT": 81,
        "Net Income": 38
    },
    "2021-06-30": {
        "Diluted EPS": -0.09,
        "Total Revenue": 227,
        "Gross Profit": 66,
        "Operating Income": -3,
        "EBIT": 39,
        "Net Income": -5
    },
    "2021-03-31": {
        "Diluted EPS": -0.42,
        "Total Revenue": 214,
        "Gross Profit": 52,
        "Operating Income": 11,
        "EBIT": 45,
        "Net Income": -21
    },
    "2020-12-31": {
        "Diluted EPS": -0.66,
        "Total Revenue": 212,
        "Gross Profit": 9,
        "Operating Income": -38,
        "EBIT": 2,
        "Net Income": -34
    },
    "2020-09-30": {
        "Diluted EPS": -0.28,
        "Total Revenue": 180,
        "Gross Profit": 22,
        "Operating Income": -15,
        "EBIT": 15,
        "Net Income": -14
    },
    "2020-06-30": {
        "Diluted EPS": -0.18,
        "Total Revenue": 164,
        "Gross Profit": 25,
        "Operating Income": -5,
        "EBIT": 18,
        "Net Income": -9
    },
    "2020-03-31": {
        "Diluted EPS": 0.42,
        "Total Revenue": 227,
        "Gross Profit": 68,
        "Operating Income": 30,
        "EBIT": 60,
        "Net Income": 22
    },
    "2019-12-31": {
        "Diluted EPS": 0.42,
        "Total Revenue": 205,
        "Gross Profit": 56,
        "Operating Income": 24,
        "EBIT": 38,
        "Net Income": 21
    },
    "2019-09-30": {
        "Diluted EPS": 0.87,
        "Total Revenue": 288,
        "Gross Profit": 90,
        "Operating Income": 55,
        "EBIT": 81,
        "Net Income": 45
    },
    "2019-06-30": {
        "Diluted EPS": 2.43,
        "Total Revenue": 398,
        "Gross Profit": 184,
        "Operating Income": 148,
        "EBIT": 175,
        "Net Income": 125
    },
    "2019-03-31": {
        "Diluted EPS": 2.14,
        "Total Revenue": 378,
        "Gross Profit": 188,
        "Operating Income": 157,
        "EBIT": 180,
        "Net Income": 110
    },
    "2018-12-31": {
        "Diluted EPS": 7.09,
        "Total Revenue": 360,
        "Gross Profit": 192,
        "Operating Income": 157,
        "EBIT": 160,
        "Net Income": 374
    },
    "2018-09-30": {
        "Diluted EPS": 1.0,
        "Total Revenue": 273,
        "Gross Profit": 99,
        "Operating Income": 63,
        "EBIT": 91,
        "Net Income": 53
    },
    "2018-06-30": {
        "Diluted EPS": 1.72,
        "Total Revenue": 323,
        "Gross Profit": 137,
        "Operating Income": 101,
        "EBIT": 124,
        "Net Income": 91
    },
    "2018-03-31": {
        "Diluted EPS": 3.36,
        "Total Revenue": 422,
        "Gross Profit": 223,
        "Operating Income": 187,
        "EBIT": 214,
        "Net Income": 179
    },
    "2017-12-31": {
        "Diluted EPS": 1.83,
        "Total Revenue": 240,
        "Gross Profit": 98,
        "Operating Income": 67,
        "EBIT": 84,
        "Net Income": 97
    },
    "2017-09-30": {
        "Diluted EPS": 2.27,
        "Total Revenue": 312,
        "Gross Profit": 115,
        "Operating Income": 83,
        "EBIT": 108,
        "Net Income": 120
    },
    "2017-06-30": {
        "Diluted EPS": 2.46,
        "Total Revenue": 363,
        "Gross Profit": 195,
        "Operating Income": 163,
        "EBIT": 184,
        "Net Income": 130
    },
    "2017-03-31": {
        "Diluted EPS": 2.06,
        "Total Revenue": 254,
        "Gross Profit": 140,
        "Operating Income": 111,
        "EBIT": 127,
        "Net Income": 108
    },
    "2016-12-31": {
        "Diluted EPS": -0.53,
        "Total Revenue": 153,
        "Gross Profit": 57,
        "Operating Income": 35,
        "EBIT": 45,
        "Net Income": 34
    },
    "2016-09-30": {
        "Diluted EPS": -0.64,
        "Total Revenue": 53,
        "Gross Profit": -6,
        "Operating Income": -33,
        "EBIT": 48,
        "Net Income": -34
    },
    "2016-06-30": {
        "Diluted EPS": -0.95,
        "Total Revenue": 91,
        "Gross Profit": -18,
        "Operating Income": -50,
        "EBIT": -90,
        "Net Income": -50
    },
    "2016-03-31": {
        "Diluted EPS": 0.0,
        "Total Revenue": 71,
        "Gross Profit": -6,
        "Operating Income": -53,
        "EBIT": -13,
        "Net Income": -62
    },
    "2015-12-31": {
        "Diluted EPS": 0.0,
        "Total Revenue": NaN,
        "Gross Profit": NaN,
        "Operating Income": NaN,
        "EBIT": NaN,
        "Net Income": NaN
    },
    "2023-09-30": {
        "Tax Effect Of Unusual Items": NaN,
        "Tax Rate For Calcs": NaN,
        "Normalized EBITDA": NaN,
        "Total Unusual Items": NaN,
        "Total Unusual Items Excluding Goodwill": NaN,
        "Net Income From Continuing Operation Net Minority Interest": NaN,
        "Reconciled Depreciation": NaN,
        "Reconciled Cost Of Revenue": NaN,
        "EBITDA": NaN,
        "EBIT": NaN,
        "Net Interest Income": NaN,
        "Interest Expense": NaN,
        "Interest Income": NaN,
        "Normalized Income": NaN,
        "Net Income From Continuing And Discontinued Operation": NaN,
        "Total Expenses": NaN,
        "Total Operating Income As Reported": NaN,
        "Diluted Average Shares": NaN,
        "Basic Average Shares": NaN,
        "Diluted EPS": NaN,
        "Basic EPS": NaN,
        "Diluted NI Availto Com Stockholders": NaN,
        "Net Income Common Stockholders": NaN,
        "Net Income": NaN,
        "Net Income Including Noncontrolling Interests": NaN,
        "Net Income Continuous Operations": NaN,
        "Tax Provision": NaN,
        "Pretax Income": NaN,
        "Other Income Expense": NaN,
        "Other Non Operating Income Expenses": -1102000.0,
        "Special Income Charges": NaN,
        "Other Special Charges": NaN,
        "Net Non Operating Interest Income Expense": NaN,
        "Total Other Finance Cost": -7273000.0,
        "Interest Expense Non Operating": NaN,
        "Interest Income Non Operating": NaN,
        "Operating Income": NaN,
        "Operating Expense": NaN,
        "Selling General And Administration": NaN,
        "General And Administrative Expense": NaN,
        "Other Gand A": NaN,
        "Gross Profit": NaN,
        "Cost Of Revenue": NaN,
        "Total Revenue": NaN,
        "Operating Revenue": NaN
    },
    "2023-12-31": {
        "Tax Effect Of Unusual Items": NaN,
        "Tax Rate For Calcs": NaN,
        "Normalized EBITDA": NaN,
        "Total Unusual Items": -190000.0,
        "Total Unusual Items Excluding Goodwill": -190000.0,
        "Net Income From Continuing Operation Net Minority Interest": NaN,
        "Reconciled Depreciation": NaN,
        "Reconciled Cost Of Revenue": NaN,
        "EBITDA": NaN,
        "EBIT": NaN,
        "Net Interest Income": NaN,
        "Interest Expense": NaN,
        "Interest Income": NaN,
        "Normalized Income": NaN,
        "Net Income From Continuing And Discontinued Operation": NaN,
        "Total Expenses": NaN,
        "Total Operating Income As Reported": NaN,
        "Diluted Average Shares": NaN,
        "Basic Average Shares": NaN,
        "Diluted EPS": NaN,
        "Basic EPS": NaN,
        "Diluted NI Availto Com Stockholders": NaN,
        "Net Income Common Stockholders": NaN,
        "Net Income": NaN,
        "Net Income Including Noncontrolling Interests": NaN,
        "Net Income Continuous Operations": NaN,
        "Tax Provision": NaN,
        "Pretax Income": NaN,
        "Other Income Expense": -336000.0,
        "Other Non Operating Income Expenses": -146000.0,
        "Special Income Charges": -190000.0,
        "Other Special Charges": 190000.0,
        "Net Non Operating Interest Income Expense": NaN,
        "Interest Expense Non Operating": NaN,
        "Interest Income Non Operating": NaN,
        "Operating Income": NaN,
        "Operating Expense": NaN,
        "Selling General And Administration": NaN,
        "General And Administrative Expense": NaN,
        "Other Gand A": NaN,
        "Gross Profit": NaN,
        "Cost Of Revenue": NaN,
        "Total Revenue": NaN,
        "Operating Revenue": NaN
    },
    "2024-03-31": {
        "Tax Effect Of Unusual Items": NaN,
        "Tax Rate For Calcs": NaN,
        "Normalized EBITDA": NaN,
        "Total Unusual Items": -201000.0,
        "Total Unusual Items Excluding Goodwill": -201000.0,
        "Net Income From Continuing Operation Net Minority Interest": NaN,
        "Reconciled Depreciation": NaN,
        "Reconciled Cost Of Revenue": NaN,
        "EBITDA": NaN,
        "EBIT": NaN,
        "Net Interest Income": NaN,
        "Interest Expense": NaN,
        "Interest Income": NaN,
        "Normalized Income": NaN,
        "Net Income From Continuing And Discontinued Operation": NaN,
        "Total Expenses": NaN,
        "Total Operating Income As Reported": NaN,
        "Diluted Average Shares": NaN,
        "Basic Average Shares": NaN,
        "Diluted EPS": NaN,
        "Basic EPS": NaN,
        "Diluted NI Availto Com Stockholders": NaN,
        "Net Income Common Stockholders": NaN,
        "Net Income": NaN,
        "Net Income Including Noncontrolling Interests": NaN,
        "Net Income Continuous Operations": NaN,
        "Tax Provision": NaN,
        "Pretax Income": NaN,
        "Other Income Expense": -201000.0,
        "Special Income Charges": -201000.0,
        "Other Special Charges": 201000.0,
        "Net Non Operating Interest Income Expense": NaN,
        "Interest Expense Non Operating": NaN,
        "Interest Income Non Operating": NaN,
        "Operating Income": NaN,
        "Operating Expense": NaN,
        "Selling General And Administration": NaN,
        "General And Administrative Expense": 18658000.0,
        "Other Gand A": 18658000.0,
        "Gross Profit": NaN,
        "Cost Of Revenue": NaN,
        "Total Revenue": NaN,
        "Operating Revenue": NaN
    },
    "2024-06-30": {
        "Tax Effect Of Unusual Items": NaN,
        "Tax Rate For Calcs": NaN,
        "Normalized EBITDA": NaN,
        "Total Unusual Items": -100000.0,
        "Total Unusual Items Excluding Goodwill": -100000.0,
        "Net Income From Continuing Operation Net Minority Interest": NaN,
        "Reconciled Depreciation": NaN,
        "Reconciled Cost Of Revenue": NaN,
        "EBITDA": NaN,
        "EBIT": NaN,
        "Net Interest Income": NaN,
        "Interest Expense": NaN,
        "Interest Income": NaN,
        "Normalized Income": NaN,
        "Net Income From Continuing And Discontinued Operation": NaN,
        "Total Expenses": NaN,
        "Total Operating Income As Reported": NaN,
        "Diluted Average Shares": NaN,
        "Basic Average Shares": NaN,
        "Diluted EPS": NaN,
        "Basic EPS": NaN,
        "Diluted NI Availto Com Stockholders": NaN,
        "Net Income Common Stockholders": NaN,
        "Net Income": NaN,
        "Net Income Including Noncontrolling Interests": NaN,
        "Net Income Continuous Operations": NaN,
        "Tax Provision": NaN,
        "Pretax Income": NaN,
        "Other Income Expense": -100000.0,
        "Special Income Charges": -100000.0,
        "Other Special Charges": 100000.0,
        "Net Non Operating Interest Income Expense": NaN,
        "Interest Expense Non Operating": NaN,
        "Interest Income Non Operating": NaN,
        "Operating Income": NaN,
        "Operating Expense": NaN,
        "Selling General And Administration": NaN,
        "Gross Profit": NaN,
        "Cost Of Revenue": NaN,
        "Total Revenue": NaN,
        "Operating Revenue": NaN
    },
    "2024-09-30": {
        "Tax Effect Of Unusual Items": 0.0,
        "Tax Rate For Calcs": 0.099347,
        "Normalized EBITDA": 84437000.0,
        "Total Unusual Items": -107000.0,
        "Total Unusual Items Excluding Goodwill": -107000.0,
        "Net Income From Continuing Operation Net Minority Interest": 41766000.0,
        "Reconciled Depreciation": 36642000.0,
        "Reconciled Cost Of Revenue": 277094000.0,
        "EBITDA": 84437000.0,
        "EBIT": 47795000.0,
        "Net Interest Income": 7257000.0,
        "Interest Expense": 1422000.0,
        "Interest Income": 8679000.0,
        "Normalized Income": 41766000.0,
        "Net Income From Continuing And Discontinued Operation": 41766000.0,
        "Total Expenses": 288604000.0,
        "Total Operating Income As Reported": 39116000.0,
        "Diluted Average Shares": 52394000.0,
        "Basic Average Shares": 52330000.0,
        "Diluted EPS": 0.8,
        "Basic EPS": 0.8,
        "Diluted NI Availto Com Stockholders": 41766000.0,
        "Net Income Common Stockholders": 41766000.0,
        "Net Income": 41766000.0,
        "Net Income Including Noncontrolling Interests": 41766000.0,
        "Net Income Continuous Operations": 41766000.0,
        "Tax Provision": 4607000.0,
        "Pretax Income": 46373000.0,
        "Other Income Expense": -107000.0,
        "Special Income Charges": -107000.0,
        "Other Special Charges": 107000.0,
        "Net Non Operating Interest Income Expense": 7257000.0,
        "Interest Expense Non Operating": 1422000.0,
        "Interest Income Non Operating": 8679000.0,
        "Operating Income": 39116000.0,
        "Operating Expense": 11510000.0,
        "Selling General And Administration": 11510000.0,
        "Gross Profit": 50626000.0,
        "Cost Of Revenue": 277094000.0,
        "Total Revenue": 327720000.0,
        "Operating Revenue": 319944000.0
    },
    "2024-12-31": {
        "Tax Effect Of Unusual Items": -24150.0,
        "Tax Rate For Calcs": 0.21,
        "Normalized EBITDA": 42046000.0,
        "Total Unusual Items": -115000.0,
        "Total Unusual Items Excluding Goodwill": -115000.0,
        "Net Income From Continuing Operation Net Minority Interest": 1136000.0,
        "Reconciled Depreciation": 39167000.0,
        "Reconciled Cost Of Revenue": 283933000.0,
        "EBITDA": 41931000.0,
        "EBIT": 2764000.0,
        "Net Interest Income": 6160000.0,
        "Interest Expense": 813000.0,
        "Interest Income": 6973000.0,
        "Normalized Income": 1226850.0,
        "Net Income From Continuing And Discontinued Operation": 1136000.0,
        "Total Expenses": 301559000.0,
        "Total Operating Income As Reported": -4209000.0,
        "Diluted Average Shares": 52405000.0,
        "Basic Average Shares": 52330000.0,
        "Diluted EPS": 0.02,
        "Basic EPS": 0.02,
        "Diluted NI Availto Com Stockholders": 1136000.0,
        "Net Income Common Stockholders": 1136000.0,
        "Net Income": 1136000.0,
        "Net Income Including Noncontrolling Interests": 1136000.0,
        "Net Income Continuous Operations": 1136000.0,
        "Tax Provision": 815000.0,
        "Pretax Income": 1951000.0,
        "Other Income Expense": -115000.0,
        "Special Income Charges": -115000.0,
        "Other Special Charges": 115000.0,
        "Net Non Operating Interest Income Expense": 6160000.0,
        "Interest Expense Non Operating": 813000.0,
        "Interest Income Non Operating": 6973000.0,
        "Operating Income": -4094000.0,
        "Operating Expense": 17626000.0,
        "Selling General And Administration": 17626000.0,
        "Gross Profit": 13532000.0,
        "Cost Of Revenue": 283933000.0,
        "Total Revenue": 297465000.0,
        "Operating Revenue": 291614000.0
    },
    "2025-03-31": {
        "Tax Effect Of Unusual Items": 0.0,
        "Tax Rate For Calcs": 0.21,
        "Normalized EBITDA": 33186000.0,
        "Total Unusual Items": NaN,
        "Total Unusual Items Excluding Goodwill": NaN,
        "Net Income From Continuing Operation Net Minority Interest": -8168000.0,
        "Reconciled Depreciation": 45277000.0,
        "Reconciled Cost Of Revenue": 298885000.0,
        "EBITDA": 33186000.0,
        "EBIT": -12091000.0,
        "Net Interest Income": 3186000.0,
        "Interest Expense": 2107000.0,
        "Interest Income": 5293000.0,
        "Normalized Income": -8168000.0,
        "Net Income From Continuing And Discontinued Operation": -8168000.0,
        "Total Expenses": 317327000.0,
        "Total Operating Income As Reported": -17384000.0,
        "Diluted Average Shares": 52464000.0,
        "Basic Average Shares": 52464000.0,
        "Diluted EPS": -0.16,
        "Basic EPS": -0.16,
        "Diluted NI Availto Com Stockholders": -8168000.0,
        "Net Income Common Stockholders": -8168000.0,
        "Net Income": -8168000.0,
        "Net Income Including Noncontrolling Interests": -8168000.0,
        "Net Income Continuous Operations": -8168000.0,
        "Tax Provision": -6030000.0,
        "Pretax Income": -14198000.0,
        "Other Income Expense": NaN,
        "Special Income Charges": NaN,
        "Other Special Charges": NaN,
        "Net Non Operating Interest Income Expense": 3186000.0,
        "Interest Expense Non Operating": 2107000.0,
        "Interest Income Non Operating": 5293000.0,
        "Operating Income": -17384000.0,
        "Operating Expense": 18442000.0,
        "Selling General And Administration": 18442000.0,
        "Gross Profit": 1058000.0,
        "Cost Of Revenue": 298885000.0,
        "Total Revenue": 299943000.0,
        "Operating Revenue": 294933000.0
    },
    "2025-06-30": {
        "Tax Effect Of Unusual Items": 0.0,
        "Tax Rate For Calcs": 0.21,
        "Normalized EBITDA": 56061000.0,
        "Total Unusual Items": NaN,
        "Total Unusual Items Excluding Goodwill": NaN,
        "Net Income From Continuing Operation Net Minority Interest": 5606000.0,
        "Reconciled Depreciation": 43255000.0,
        "Reconciled Cost Of Revenue": 277877000.0,
        "EBITDA": 56061000.0,
        "EBIT": 12806000.0,
        "Net Interest Income": 2193000.0,
        "Interest Expense": 2890000.0,
        "Interest Income": 5083000.0,
        "Normalized Income": 5606000.0,
        "Net Income From Continuing And Discontinued Operation": 5606000.0,
        "Total Expenses": 289800000.0,
        "Total Operating Income As Reported": 7723000.0,
        "Diluted Average Shares": 52616000.0,
        "Basic Average Shares": 52588000.0,
        "Diluted EPS": 0.11,
        "Basic EPS": 0.11,
        "Diluted NI Availto Com Stockholders": 5606000.0,
        "Net Income Common Stockholders": 5606000.0,
        "Net Income": 5606000.0,
        "Net Income Including Noncontrolling Interests": 5606000.0,
        "Net Income Continuous Operations": 5606000.0,
        "Tax Provision": 4310000.0,
        "Pretax Income": 9916000.0,
        "Other Income Expense": NaN,
        "Special Income Charges": NaN,
        "Other Special Charges": NaN,
        "Net Non Operating Interest Income Expense": 2193000.0,
        "Interest Expense Non Operating": 2890000.0,
        "Interest Income Non Operating": 5083000.0,
        "Operating Income": 7723000.0,
        "Operating Expense": 11923000.0,
        "Selling General And Administration": 11923000.0,
        "Gross Profit": 19646000.0,
        "Cost Of Revenue": 277877000.0,
        "Total Revenue": 297523000.0,
        "Operating Revenue": 288491000.0
    },
    "2025-09-30": {
        "Tax Effect Of Unusual Items": 0.0,
        "Tax Rate For Calcs": 0.21,
        "Normalized EBITDA": 68753000.0,
        "Total Unusual Items": NaN,
        "Total Unusual Items Excluding Goodwill": NaN,
        "Net Income From Continuing Operation Net Minority Interest": 36598000.0,
        "Reconciled Depreciation": 43594000.0,
        "Reconciled Cost Of Revenue": 290665000.0,
        "EBITDA": 68753000.0,
        "EBIT": 25159000.0,
        "Net Interest Income": 2128000.0,
        "Interest Expense": 2307000.0,
        "Interest Income": 4435000.0,
        "Normalized Income": 36598000.0,
        "Net Income From Continuing And Discontinued Operation": 36598000.0,
        "Total Expenses": 307865000.0,
        "Total Operating Income As Reported": 20724000.0,
        "Diluted Average Shares": 52650000.0,
        "Basic Average Shares": 52594000.0,
        "Diluted EPS": 0.7,
        "Basic EPS": 0.7,
        "Diluted NI Availto Com Stockholders": 36598000.0,
        "Net Income Common Stockholders": 36598000.0,
        "Net Income": 36598000.0,
        "Net Income Including Noncontrolling Interests": 36598000.0,
        "Net Income Continuous Operations": 36598000.0,
        "Tax Provision": -13746000.0,
        "Pretax Income": 22852000.0,
        "Other Income Expense": NaN,
        "Special Income Charges": NaN,
        "Other Special Charges": NaN,
        "Net Non Operating Interest Income Expense": 2128000.0,
        "Interest Expense Non Operating": 2307000.0,
        "Interest Income Non Operating": 4435000.0,
        "Operating Income": 20724000.0,
        "Operating Expense": 17200000.0,
        "Selling General And Administration": 17200000.0,
        "Gross Profit": 37924000.0,
        "Cost Of Revenue": 290665000.0,
        "Total Revenue": 328589000.0,
        "Operating Revenue": 319969000.0
    }
}