{
    "2023-03-31": {
        "Tax Effect Of Unusual Items": 0.0,
        "Tax Rate For Calcs": 0.215,
        "Normalized EBITDA": 12082000.0,
        "Total Unusual Items": 0.0,
        "Total Unusual Items Excluding Goodwill": 0.0,
        "Net Income From Continuing Operation Net Minority Interest": 8161000.0,
        "Reconciled Depreciation": 830000.0,
        "Reconciled Cost Of Revenue": 44541000.0,
        "EBITDA": 12082000.0,
        "EBIT": 11252000.0,
        "Net Interest Income": -859000.0,
        "Interest Expense": 859000.0,
        "Normalized Income": 8161000.0,
        "Net Income From Continuing And Discontinued Operation": 8161000.0,
        "Total Expenses": 59977000.0,
        "Total Operating Income As Reported": 11252000.0,
        "Diluted Average Shares": 27268617.0,
        "Basic Average Shares": 27026460.0,
        "Diluted EPS": 0.3,
        "Basic EPS": 0.3,
        "Diluted NI Availto Com Stockholders": 8161000.0,
        "Net Income Common Stockholders": 8161000.0,
        "Net Income": 8161000.0,
        "Net Income Including Noncontrolling Interests": 8161000.0,
        "Net Income Discontinuous Operations": NaN,
        "Net Income Continuous Operations": 8161000.0,
        "Tax Provision": 2232000.0,
        "Pretax Income": 10393000.0,
        "Other Income Expense": NaN,
        "Special Income Charges": 0.0,
        "Other Special Charges": NaN,
        "Restructuring And Mergern Acquisition": NaN,
        "Net Non Operating Interest Income Expense": -859000.0,
        "Interest Expense Non Operating": 859000.0,
        "Operating Income": 11252000.0,
        "Operating Expense": 15436000.0,
        "Selling General And Administration": 15436000.0,
        "Gross Profit": 26688000.0,
        "Cost Of Revenue": 44541000.0,
        "Total Revenue": 71229000.0,
        "Operating Revenue": 69831000.0
    },
    "2022-12-31": {
        "Tax Effect Of Unusual Items": NaN,
        "Tax Rate For Calcs": NaN,
        "Normalized EBITDA": NaN,
        "Total Unusual Items": NaN,
        "Total Unusual Items Excluding Goodwill": NaN,
        "Net Income From Continuing Operation Net Minority Interest": NaN,
        "Reconciled Depreciation": NaN,
        "Reconciled Cost Of Revenue": NaN,
        "EBITDA": NaN,
        "EBIT": NaN,
        "Net Interest Income": NaN,
        "Interest Expense": NaN,
        "Normalized Income": NaN,
        "Net Income From Continuing And Discontinued Operation": NaN,
        "Total Expenses": NaN,
        "Total Operating Income As Reported": NaN,
        "Diluted Average Shares": NaN,
        "Basic Average Shares": NaN,
        "Diluted EPS": NaN,
        "Basic EPS": NaN,
        "Diluted NI Availto Com Stockholders": NaN,
        "Net Income Common Stockholders": NaN,
        "Net Income": NaN,
        "Net Income Including Noncontrolling Interests": NaN,
        "Net Income Discontinuous Operations": 0.0,
        "Net Income Continuous Operations": NaN,
        "Tax Provision": NaN,
        "Pretax Income": NaN,
        "Other Income Expense": 0.0,
        "Special Income Charges": NaN,
        "Other Special Charges": NaN,
        "Restructuring And Mergern Acquisition": 0.0,
        "Net Non Operating Interest Income Expense": NaN,
        "Interest Expense Non Operating": NaN,
        "Operating Income": NaN,
        "Operating Expense": NaN,
        "Selling General And Administration": NaN,
        "Gross Profit": NaN,
        "Cost Of Revenue": NaN,
        "Total Revenue": NaN,
        "Operating Revenue": NaN
    },
    "2022-09-30": {
        "Tax Effect Of Unusual Items": NaN,
        "Tax Rate For Calcs": NaN,
        "Normalized EBITDA": NaN,
        "Total Unusual Items": NaN,
        "Total Unusual Items Excluding Goodwill": NaN,
        "Net Income From Continuing Operation Net Minority Interest": NaN,
        "Reconciled Depreciation": NaN,
        "Reconciled Cost Of Revenue": NaN,
        "EBITDA": NaN,
        "EBIT": NaN,
        "Net Interest Income": NaN,
        "Interest Expense": NaN,
        "Normalized Income": NaN,
        "Net Income From Continuing And Discontinued Operation": NaN,
        "Total Expenses": NaN,
        "Total Operating Income As Reported": NaN,
        "Diluted Average Shares": NaN,
        "Basic Average Shares": NaN,
        "Diluted EPS": NaN,
        "Basic EPS": NaN,
        "Diluted NI Availto Com Stockholders": NaN,
        "Net Income Common Stockholders": NaN,
        "Net Income": NaN,
        "Net Income Including Noncontrolling Interests": NaN,
        "Net Income Discontinuous Operations": 0.0,
        "Net Income Continuous Operations": NaN,
        "Tax Provision": NaN,
        "Pretax Income": NaN,
        "Other Income Expense": 526000.0,
        "Special Income Charges": NaN,
        "Other Special Charges": NaN,
        "Restructuring And Mergern Acquisition": -526000.0,
        "Net Non Operating Interest Income Expense": NaN,
        "Interest Expense Non Operating": NaN,
        "Operating Income": NaN,
        "Operating Expense": NaN,
        "Selling General And Administration": NaN,
        "Gross Profit": NaN,
        "Cost Of Revenue": NaN,
        "Total Revenue": NaN,
        "Operating Revenue": NaN
    },
    "2022-06-30": {
        "Tax Effect Of Unusual Items": 0.0,
        "Tax Rate For Calcs": 0.28,
        "Normalized EBITDA": 15019000.0,
        "Total Unusual Items": NaN,
        "Total Unusual Items Excluding Goodwill": NaN,
        "Net Income From Continuing Operation Net Minority Interest": 10215000.0,
        "Reconciled Depreciation": 838000.0,
        "Reconciled Cost Of Revenue": 45861000.0,
        "EBITDA": 15019000.0,
        "EBIT": 14181000.0,
        "Net Interest Income": -28000.0,
        "Interest Expense": 28000.0,
        "Normalized Income": 10215000.0,
        "Net Income From Continuing And Discontinued Operation": 10215000.0,
        "Total Expenses": 61747000.0,
        "Total Operating Income As Reported": 14181000.0,
        "Diluted Average Shares": 32221000.0,
        "Basic Average Shares": 31652000.0,
        "Diluted EPS": 0.32,
        "Basic EPS": 0.32,
        "Diluted NI Availto Com Stockholders": 10215000.0,
        "Net Income Common Stockholders": 10215000.0,
        "Net Income": 10215000.0,
        "Net Income Including Noncontrolling Interests": 10215000.0,
        "Net Income Discontinuous Operations": 0.0,
        "Net Income Continuous Operations": 10215000.0,
        "Tax Provision": 3938000.0,
        "Pretax Income": 14153000.0,
        "Other Income Expense": NaN,
        "Special Income Charges": NaN,
        "Restructuring And Mergern Acquisition": NaN,
        "Net Non Operating Interest Income Expense": -28000.0,
        "Interest Expense Non Operating": 28000.0,
        "Operating Income": 14181000.0,
        "Operating Expense": 15886000.0,
        "Selling General And Administration": 15886000.0,
        "General And Administrative Expense": NaN,
        "Other Gand A": NaN,
        "Gross Profit": 30067000.0,
        "Cost Of Revenue": 45861000.0,
        "Total Revenue": 75928000.0,
        "Operating Revenue": 74768000.0
    },
    "2022-03-31": {
        "Diluted EPS": 0.33,
        "Total Revenue": 76,
        "Gross Profit": 28,
        "Operating Income": 13,
        "EBIT": 14,
        "Net Income": 11
    },
    "2021-12-31": {
        "Diluted EPS": 0.5,
        "Total Revenue": 70,
        "Gross Profit": 27,
        "Operating Income": 12,
        "EBIT": 13,
        "Net Income": 17
    },
    "2021-09-30": {
        "Diluted EPS": 0.25,
        "Total Revenue": 72,
        "Gross Profit": 26,
        "Operating Income": 11,
        "EBIT": 13,
        "Net Income": 8
    },
    "2021-06-30": {
        "Diluted EPS": 0.32,
        "Total Revenue": 73,
        "Gross Profit": 30,
        "Operating Income": 14,
        "EBIT": 15,
        "Net Income": 11
    },
    "2021-03-31": {
        "Diluted EPS": 0.19,
        "Total Revenue": 63,
        "Gross Profit": 22,
        "Operating Income": 9,
        "EBIT": 10,
        "Net Income": 6
    },
    "2020-12-31": {
        "Diluted EPS": 0.04,
        "Total Revenue": 59,
        "Gross Profit": 20,
        "Operating Income": 1,
        "EBIT": 3,
        "Net Income": 1
    },
    "2020-09-30": {
        "Diluted EPS": 0.09,
        "Total Revenue": 58,
        "Gross Profit": 18,
        "Operating Income": 5,
        "EBIT": 6,
        "Net Income": 3
    },
    "2020-06-30": {
        "Diluted EPS": -0.13,
        "Total Revenue": 53,
        "Gross Profit": 12,
        "Operating Income": -5,
        "EBIT": -4,
        "Net Income": -4
    },
    "2020-03-31": {
        "Diluted EPS": 0.17,
        "Total Revenue": 70,
        "Gross Profit": 22,
        "Operating Income": 8,
        "EBIT": 9,
        "Net Income": 6
    },
    "2019-12-31": {
        "Diluted EPS": 0.07,
        "Total Revenue": 69,
        "Gross Profit": 24,
        "Operating Income": 4,
        "EBIT": 5,
        "Net Income": 2
    },
    "2019-09-30": {
        "Diluted EPS": 0.21,
        "Total Revenue": 73,
        "Gross Profit": 24,
        "Operating Income": 9,
        "EBIT": 11,
        "Net Income": 7
    },
    "2019-06-30": {
        "Diluted EPS": 0.22,
        "Total Revenue": 74,
        "Gross Profit": 26,
        "Operating Income": 10,
        "EBIT": 11,
        "Net Income": 7
    },
    "2019-03-31": {
        "Diluted EPS": 0.22,
        "Total Revenue": 67,
        "Gross Profit": 23,
        "Operating Income": 9,
        "EBIT": 10,
        "Net Income": 7
    },
    "2018-12-31": {
        "Diluted EPS": -0.01,
        "Total Revenue": 67,
        "Gross Profit": 24,
        "Operating Income": 3,
        "EBIT": 4,
        "Net Income": 0
    },
    "2018-09-30": {
        "Diluted EPS": 0.16,
        "Total Revenue": 74,
        "Gross Profit": 25,
        "Operating Income": 8,
        "EBIT": 10,
        "Net Income": 5
    },
    "2018-06-30": {
        "Diluted EPS": 0.36,
        "Total Revenue": 75,
        "Gross Profit": 26,
        "Operating Income": 14,
        "EBIT": 15,
        "Net Income": 12
    },
    "2018-03-31": {
        "Diluted EPS": 0.23,
        "Total Revenue": 71,
        "Gross Profit": 24,
        "Operating Income": 8,
        "EBIT": 9,
        "Net Income": 7
    },
    "2017-12-31": {
        "Diluted EPS": 0.29,
        "Total Revenue": 60,
        "Gross Profit": 22,
        "Operating Income": 6,
        "EBIT": 8,
        "Net Income": 9
    },
    "2017-09-30": {
        "Diluted EPS": 0.17,
        "Total Revenue": 71,
        "Gross Profit": 24,
        "Operating Income": 8,
        "EBIT": 9,
        "Net Income": 5
    },
    "2017-06-30": {
        "Diluted EPS": 0.15,
        "Total Revenue": 74,
        "Gross Profit": 25,
        "Operating Income": 6,
        "EBIT": 8,
        "Net Income": 5
    },
    "2017-03-31": {
        "Diluted EPS": 0.24,
        "Total Revenue": 71,
        "Gross Profit": 23,
        "Operating Income": 8,
        "EBIT": 9,
        "Net Income": 8
    },
    "2016-12-31": {
        "Diluted EPS": 0.19,
        "Total Revenue": 61,
        "Gross Profit": 22,
        "Operating Income": 9,
        "EBIT": 10,
        "Net Income": 6
    },
    "2016-09-30": {
        "Diluted EPS": 0.17,
        "Total Revenue": 74,
        "Gross Profit": 25,
        "Operating Income": 9,
        "EBIT": 10,
        "Net Income": 5
    },
    "2016-06-30": {
        "Diluted EPS": 0.17,
        "Total Revenue": 76,
        "Gross Profit": 25,
        "Operating Income": 9,
        "EBIT": 10,
        "Net Income": 5
    },
    "2016-03-31": {
        "Diluted EPS": 0.13,
        "Total Revenue": 69,
        "Gross Profit": 22,
        "Operating Income": 7,
        "EBIT": 8,
        "Net Income": 4
    },
    "2015-12-31": {
        "Diluted EPS": 0.11,
        "Total Revenue": 66,
        "Gross Profit": 24,
        "Operating Income": 6,
        "EBIT": 8,
        "Net Income": 4
    },
    "2015-09-30": {
        "Diluted EPS": 0.1,
        "Total Revenue": 67,
        "Gross Profit": 22,
        "Operating Income": 5,
        "EBIT": 6,
        "Net Income": 3
    },
    "2015-06-30": {
        "Diluted EPS": 0.12,
        "Total Revenue": 66,
        "Gross Profit": 22,
        "Operating Income": 6,
        "EBIT": 7,
        "Net Income": 4
    },
    "2015-03-31": {
        "Diluted EPS": 0.1,
        "Total Revenue": 61,
        "Gross Profit": 20,
        "Operating Income": 5,
        "EBIT": 6,
        "Net Income": 3
    },
    "2014-12-31": {
        "Diluted EPS": 0.13,
        "Total Revenue": 60,
        "Gross Profit": 20,
        "Operating Income": 4,
        "EBIT": 5,
        "Net Income": 4
    },
    "2014-09-30": {
        "Diluted EPS": 0.1,
        "Total Revenue": 60,
        "Gross Profit": 19,
        "Operating Income": 4,
        "EBIT": 5,
        "Net Income": 3
    },
    "2014-06-30": {
        "Diluted EPS": 0.09,
        "Total Revenue": 61,
        "Gross Profit": 20,
        "Operating Income": 4,
        "EBIT": 5,
        "Net Income": 3
    },
    "2014-03-31": {
        "Diluted EPS": 0.01,
        "Total Revenue": 55,
        "Gross Profit": 15,
        "Operating Income": 0,
        "EBIT": 2,
        "Net Income": 0
    },
    "2013-12-31": {
        "Diluted EPS": 0.04,
        "Total Revenue": 53,
        "Gross Profit": 16,
        "Operating Income": 2,
        "EBIT": 3,
        "Net Income": 1
    },
    "2013-09-30": {
        "Diluted EPS": 0.08,
        "Total Revenue": 58,
        "Gross Profit": 18,
        "Operating Income": 5,
        "EBIT": 5,
        "Net Income": 3
    },
    "2013-06-30": {
        "Diluted EPS": 0.09,
        "Total Revenue": 59,
        "Gross Profit": 19,
        "Operating Income": 5,
        "EBIT": 6,
        "Net Income": 3
    },
    "2013-03-31": {
        "Diluted EPS": 0.06,
        "Total Revenue": 54,
        "Gross Profit": 17,
        "Operating Income": 4,
        "EBIT": 4,
        "Net Income": 2
    },
    "2012-12-31": {
        "Diluted EPS": 0.21,
        "Total Revenue": 55,
        "Gross Profit": 18,
        "Operating Income": 4,
        "EBIT": 5,
        "Net Income": 7
    },
    "2012-09-30": {
        "Diluted EPS": 0.08,
        "Total Revenue": 56,
        "Gross Profit": 18,
        "Operating Income": 5,
        "EBIT": 5,
        "Net Income": 3
    },
    "2012-06-30": {
        "Diluted EPS": 0.12,
        "Total Revenue": 58,
        "Gross Profit": 19,
        "Operating Income": 4,
        "EBIT": 5,
        "Net Income": 4
    },
    "2012-03-31": {
        "Diluted EPS": 0.09,
        "Total Revenue": 54,
        "Gross Profit": 18,
        "Operating Income": 4,
        "EBIT": 5,
        "Net Income": 4
    },
    "2011-12-31": {
        "Diluted EPS": 0.24,
        "Total Revenue": 39,
        "Gross Profit": 16,
        "Operating Income": 4,
        "EBIT": 5,
        "Net Income": 10
    },
    "2011-09-30": {
        "Diluted EPS": 0.1,
        "Total Revenue": 58,
        "Gross Profit": 19,
        "Operating Income": 5,
        "EBIT": 5,
        "Net Income": 4
    },
    "2011-06-30": {
        "Diluted EPS": 0.1,
        "Total Revenue": 59,
        "Gross Profit": 20,
        "Operating Income": 5,
        "EBIT": 5,
        "Net Income": 4
    },
    "2011-03-31": {
        "Diluted EPS": 0.08,
        "Total Revenue": 53,
        "Gross Profit": 17,
        "Operating Income": 3,
        "EBIT": 4,
        "Net Income": 3
    },
    "2010-12-31": {
        "Diluted EPS": 0.07,
        "Total Revenue": 49,
        "Gross Profit": 16,
        "Operating Income": 3,
        "EBIT": 4,
        "Net Income": 3
    },
    "2010-09-30": {
        "Diluted EPS": 0.1,
        "Total Revenue": 52,
        "Gross Profit": 18,
        "Operating Income": 4,
        "EBIT": 5,
        "Net Income": 4
    },
    "2010-06-30": {
        "Diluted EPS": 0.1,
        "Total Revenue": 54,
        "Gross Profit": 19,
        "Operating Income": 4,
        "EBIT": 5,
        "Net Income": 4
    },
    "2010-03-31": {
        "Diluted EPS": 0.07,
        "Total Revenue": 47,
        "Gross Profit": 15,
        "Operating Income": 2,
        "EBIT": 3,
        "Net Income": 3
    },
    "2009-12-31": {
        "Diluted EPS": -0.22,
        "Total Revenue": 35,
        "Gross Profit": 9,
        "Operating Income": -9,
        "EBIT": -8,
        "Net Income": -9
    },
    "2009-09-30": {
        "Diluted EPS": 0.02,
        "Total Revenue": 34,
        "Gross Profit": 11,
        "Operating Income": 1,
        "EBIT": 1,
        "Net Income": 1
    },
    "2009-06-30": {
        "Diluted EPS": 0.0,
        "Total Revenue": 35,
        "Gross Profit": 11,
        "Operating Income": 0,
        "EBIT": 1,
        "Net Income": 0
    },
    "2009-03-31": {
        "Diluted EPS": 0.02,
        "Total Revenue": 40,
        "Gross Profit": 14,
        "Operating Income": 1,
        "EBIT": 2,
        "Net Income": 1
    },
    "2023-06-30": {
        "Tax Effect Of Unusual Items": 0.0,
        "Tax Rate For Calcs": 0.265313,
        "Normalized EBITDA": 13596000.0,
        "Total Unusual Items": 0.0,
        "Total Unusual Items Excluding Goodwill": 0.0,
        "Net Income From Continuing Operation Net Minority Interest": 8720000.0,
        "Reconciled Depreciation": 806000.0,
        "Reconciled Cost Of Revenue": 46887000.0,
        "EBITDA": 13596000.0,
        "EBIT": 12790000.0,
        "Net Interest Income": -921000.0,
        "Interest Expense": 921000.0,
        "Normalized Income": 8720000.0,
        "Net Income From Continuing And Discontinued Operation": 8720000.0,
        "Total Expenses": 64312000.0,
        "Total Operating Income As Reported": 12790000.0,
        "Diluted Average Shares": 27547647.0,
        "Basic Average Shares": 27191648.0,
        "Diluted EPS": 0.32,
        "Basic EPS": 0.32,
        "Diluted NI Availto Com Stockholders": 8720000.0,
        "Net Income Common Stockholders": 8720000.0,
        "Net Income": 8720000.0,
        "Net Income Including Noncontrolling Interests": 8720000.0,
        "Net Income Continuous Operations": 8720000.0,
        "Tax Provision": 3149000.0,
        "Pretax Income": 11869000.0,
        "Other Income Expense": NaN,
        "Special Income Charges": 0.0,
        "Other Special Charges": NaN,
        "Restructuring And Mergern Acquisition": NaN,
        "Net Non Operating Interest Income Expense": -921000.0,
        "Interest Expense Non Operating": 921000.0,
        "Operating Income": 12790000.0,
        "Operating Expense": 17425000.0,
        "Selling General And Administration": 17425000.0,
        "Gross Profit": 30215000.0,
        "Cost Of Revenue": 46887000.0,
        "Total Revenue": 77102000.0,
        "Operating Revenue": 75641000.0
    },
    "2023-09-30": {
        "Tax Effect Of Unusual Items": NaN,
        "Tax Rate For Calcs": NaN,
        "Normalized EBITDA": NaN,
        "Total Unusual Items": NaN,
        "Total Unusual Items Excluding Goodwill": NaN,
        "Net Income From Continuing Operation Net Minority Interest": NaN,
        "Reconciled Depreciation": NaN,
        "Reconciled Cost Of Revenue": NaN,
        "EBITDA": NaN,
        "EBIT": NaN,
        "Net Interest Income": NaN,
        "Interest Expense": NaN,
        "Normalized Income": NaN,
        "Net Income From Continuing And Discontinued Operation": NaN,
        "Total Expenses": NaN,
        "Total Operating Income As Reported": NaN,
        "Diluted Average Shares": NaN,
        "Basic Average Shares": NaN,
        "Diluted EPS": NaN,
        "Basic EPS": NaN,
        "Diluted NI Availto Com Stockholders": NaN,
        "Net Income Common Stockholders": NaN,
        "Net Income": NaN,
        "Net Income Including Noncontrolling Interests": NaN,
        "Net Income Continuous Operations": NaN,
        "Tax Provision": NaN,
        "Pretax Income": NaN,
        "Other Income Expense": NaN,
        "Special Income Charges": NaN,
        "Other Special Charges": NaN,
        "Restructuring And Mergern Acquisition": 0.0,
        "Net Non Operating Interest Income Expense": NaN,
        "Interest Expense Non Operating": NaN,
        "Operating Income": NaN,
        "Operating Expense": NaN,
        "Selling General And Administration": NaN,
        "Gross Profit": NaN,
        "Cost Of Revenue": NaN,
        "Total Revenue": NaN,
        "Operating Revenue": NaN
    },
    "2023-12-31": {
        "Tax Effect Of Unusual Items": NaN,
        "Tax Rate For Calcs": NaN,
        "Normalized EBITDA": NaN,
        "Total Unusual Items": NaN,
        "Total Unusual Items Excluding Goodwill": NaN,
        "Net Income From Continuing Operation Net Minority Interest": NaN,
        "Reconciled Depreciation": NaN,
        "Reconciled Cost Of Revenue": NaN,
        "EBITDA": NaN,
        "EBIT": NaN,
        "Net Interest Income": NaN,
        "Interest Expense": NaN,
        "Normalized Income": NaN,
        "Net Income From Continuing And Discontinued Operation": NaN,
        "Total Expenses": NaN,
        "Total Operating Income As Reported": NaN,
        "Diluted Average Shares": NaN,
        "Basic Average Shares": NaN,
        "Diluted EPS": NaN,
        "Basic EPS": NaN,
        "Diluted NI Availto Com Stockholders": NaN,
        "Net Income Common Stockholders": NaN,
        "Net Income": NaN,
        "Net Income Including Noncontrolling Interests": NaN,
        "Net Income Continuous Operations": NaN,
        "Tax Provision": NaN,
        "Pretax Income": NaN,
        "Other Income Expense": NaN,
        "Special Income Charges": NaN,
        "Other Special Charges": NaN,
        "Restructuring And Mergern Acquisition": 0.0,
        "Net Non Operating Interest Income Expense": NaN,
        "Interest Expense Non Operating": NaN,
        "Operating Income": NaN,
        "Operating Expense": NaN,
        "Selling General And Administration": NaN,
        "Gross Profit": NaN,
        "Cost Of Revenue": NaN,
        "Total Revenue": NaN,
        "Operating Revenue": NaN
    },
    "2024-03-31": {
        "Tax Effect Of Unusual Items": NaN,
        "Tax Rate For Calcs": NaN,
        "Normalized EBITDA": NaN,
        "Total Unusual Items": NaN,
        "Total Unusual Items Excluding Goodwill": NaN,
        "Net Income From Continuing Operation Net Minority Interest": NaN,
        "Reconciled Depreciation": NaN,
        "Reconciled Cost Of Revenue": NaN,
        "EBITDA": NaN,
        "EBIT": NaN,
        "Net Interest Income": NaN,
        "Interest Expense": NaN,
        "Normalized Income": NaN,
        "Net Income From Continuing And Discontinued Operation": NaN,
        "Total Expenses": NaN,
        "Total Operating Income As Reported": NaN,
        "Diluted Average Shares": NaN,
        "Basic Average Shares": NaN,
        "Diluted EPS": NaN,
        "Basic EPS": NaN,
        "Diluted NI Availto Com Stockholders": NaN,
        "Net Income Common Stockholders": NaN,
        "Net Income": NaN,
        "Net Income Including Noncontrolling Interests": NaN,
        "Net Income Continuous Operations": NaN,
        "Tax Provision": NaN,
        "Pretax Income": NaN,
        "Other Income Expense": -102000.0,
        "Special Income Charges": NaN,
        "Other Special Charges": 102000.0,
        "Net Non Operating Interest Income Expense": NaN,
        "Interest Expense Non Operating": NaN,
        "Operating Income": NaN,
        "Operating Expense": NaN,
        "Selling General And Administration": NaN,
        "Gross Profit": NaN,
        "Cost Of Revenue": NaN,
        "Total Revenue": NaN,
        "Operating Revenue": NaN
    },
    "2024-06-30": {
        "Tax Effect Of Unusual Items": 0.0,
        "Tax Rate For Calcs": 0.271243,
        "Normalized EBITDA": 13457000.0,
        "Total Unusual Items": 0.0,
        "Total Unusual Items Excluding Goodwill": 0.0,
        "Net Income From Continuing Operation Net Minority Interest": 8748000.0,
        "Reconciled Depreciation": 941000.0,
        "Reconciled Cost Of Revenue": 47155000.0,
        "EBITDA": 13457000.0,
        "EBIT": 12516000.0,
        "Net Interest Income": -512000.0,
        "Interest Expense": 512000.0,
        "Normalized Income": 8748000.0,
        "Net Income From Continuing And Discontinued Operation": 8748000.0,
        "Total Expenses": 65140000.0,
        "Total Operating Income As Reported": 12516000.0,
        "Diluted Average Shares": 27943000.0,
        "Basic Average Shares": 27616089.0,
        "Diluted EPS": 0.31,
        "Basic EPS": 0.32,
        "Diluted NI Availto Com Stockholders": 8748000.0,
        "Net Income Common Stockholders": 8748000.0,
        "Net Income": 8748000.0,
        "Net Income Including Noncontrolling Interests": 8748000.0,
        "Net Income Continuous Operations": 8748000.0,
        "Tax Provision": 3256000.0,
        "Pretax Income": 12004000.0,
        "Other Income Expense": NaN,
        "Special Income Charges": 0.0,
        "Other Special Charges": NaN,
        "Net Non Operating Interest Income Expense": -512000.0,
        "Interest Expense Non Operating": 512000.0,
        "Operating Income": 12516000.0,
        "Operating Expense": 17985000.0,
        "Selling General And Administration": 17985000.0,
        "Gross Profit": 30501000.0,
        "Cost Of Revenue": 47155000.0,
        "Total Revenue": 77656000.0,
        "Operating Revenue": 75896000.0
    },
    "2024-09-30": {
        "Tax Effect Of Unusual Items": 0.0,
        "Tax Rate For Calcs": 0.309,
        "Normalized EBITDA": 13741000.0,
        "Total Unusual Items": 0.0,
        "Total Unusual Items Excluding Goodwill": 0.0,
        "Net Income From Continuing Operation Net Minority Interest": 8587000.0,
        "Reconciled Depreciation": 941000.0,
        "Reconciled Cost Of Revenue": 48245000.0,
        "EBITDA": 13741000.0,
        "EBIT": 12800000.0,
        "Net Interest Income": -368000.0,
        "Interest Expense": 368000.0,
        "Normalized Income": 8587000.0,
        "Net Income From Continuing And Discontinued Operation": 8587000.0,
        "Total Expenses": 66977000.0,
        "Total Operating Income As Reported": 12800000.0,
        "Diluted Average Shares": 28142000.0,
        "Basic Average Shares": 27645000.0,
        "Diluted EPS": 0.31,
        "Basic EPS": 0.31,
        "Diluted NI Availto Com Stockholders": 8587000.0,
        "Net Income Common Stockholders": 8587000.0,
        "Net Income": 8587000.0,
        "Net Income Including Noncontrolling Interests": 8587000.0,
        "Net Income Continuous Operations": 8587000.0,
        "Tax Provision": 3845000.0,
        "Pretax Income": 12432000.0,
        "Other Income Expense": NaN,
        "Special Income Charges": 0.0,
        "Other Special Charges": NaN,
        "Net Non Operating Interest Income Expense": -368000.0,
        "Interest Expense Non Operating": 368000.0,
        "Operating Income": 12800000.0,
        "Operating Expense": 18732000.0,
        "Selling General And Administration": 18732000.0,
        "Gross Profit": 31532000.0,
        "Cost Of Revenue": 48245000.0,
        "Total Revenue": 79777000.0,
        "Operating Revenue": 77949000.0
    },
    "2024-12-31": {
        "Tax Effect Of Unusual Items": 0.0,
        "Tax Rate For Calcs": 0.21,
        "Normalized EBITDA": 8841000.0,
        "Total Unusual Items": 0.0,
        "Total Unusual Items Excluding Goodwill": 0.0,
        "Net Income From Continuing Operation Net Minority Interest": 3564000.0,
        "Reconciled Depreciation": 1094000.0,
        "Reconciled Cost Of Revenue": 47988000.0,
        "EBITDA": 8841000.0,
        "EBIT": 7747000.0,
        "Net Interest Income": -242000.0,
        "Interest Expense": 242000.0,
        "Normalized Income": 3564000.0,
        "Net Income From Continuing And Discontinued Operation": 3564000.0,
        "Total Expenses": 71488000.0,
        "Total Operating Income As Reported": 7747000.0,
        "Diluted Average Shares": 28604000.0,
        "Basic Average Shares": 27556000.0,
        "Diluted EPS": 0.12,
        "Basic EPS": 0.13,
        "Diluted NI Availto Com Stockholders": 3564000.0,
        "Net Income Common Stockholders": 3564000.0,
        "Net Income": 3564000.0,
        "Net Income Including Noncontrolling Interests": 3564000.0,
        "Net Income Continuous Operations": 3564000.0,
        "Tax Provision": 3941000.0,
        "Pretax Income": 7505000.0,
        "Other Income Expense": 0.0,
        "Special Income Charges": 0.0,
        "Other Special Charges": 0.0,
        "Net Non Operating Interest Income Expense": -242000.0,
        "Interest Expense Non Operating": 242000.0,
        "Operating Income": 7747000.0,
        "Operating Expense": 23500000.0,
        "Selling General And Administration": 23500000.0,
        "Gross Profit": 31247000.0,
        "Cost Of Revenue": 47988000.0,
        "Total Revenue": 79235000.0,
        "Operating Revenue": 77456000.0
    },
    "2025-03-31": {
        "Tax Effect Of Unusual Items": 0.0,
        "Tax Rate For Calcs": 0.252,
        "Normalized EBITDA": 5573000.0,
        "Total Unusual Items": 0.0,
        "Total Unusual Items Excluding Goodwill": 0.0,
        "Net Income From Continuing Operation Net Minority Interest": 3143000.0,
        "Reconciled Depreciation": 1170000.0,
        "Reconciled Cost Of Revenue": 50014000.0,
        "EBITDA": 5573000.0,
        "EBIT": 4403000.0,
        "Net Interest Income": -202000.0,
        "Interest Expense": 202000.0,
        "Normalized Income": 3143000.0,
        "Net Income From Continuing And Discontinued Operation": 3143000.0,
        "Total Expenses": 73462000.0,
        "Total Operating Income As Reported": 4403000.0,
        "Diluted Average Shares": 28385000.0,
        "Basic Average Shares": 27587000.0,
        "Diluted EPS": 0.11,
        "Basic EPS": 0.11,
        "Diluted NI Availto Com Stockholders": 3143000.0,
        "Net Income Common Stockholders": 3143000.0,
        "Net Income": 3143000.0,
        "Net Income Including Noncontrolling Interests": 3143000.0,
        "Net Income Continuous Operations": 3143000.0,
        "Tax Provision": 1058000.0,
        "Pretax Income": 4201000.0,
        "Other Income Expense": NaN,
        "Special Income Charges": 0.0,
        "Other Special Charges": NaN,
        "Net Non Operating Interest Income Expense": -202000.0,
        "Interest Expense Non Operating": 202000.0,
        "Operating Income": 4403000.0,
        "Operating Expense": 23448000.0,
        "Selling General And Administration": 23448000.0,
        "Gross Profit": 27851000.0,
        "Cost Of Revenue": 50014000.0,
        "Total Revenue": 77865000.0,
        "Operating Revenue": 76231000.0
    },
    "2025-06-30": {
        "Tax Effect Of Unusual Items": 0.0,
        "Tax Rate For Calcs": 0.21,
        "Normalized EBITDA": 5860000.0,
        "Total Unusual Items": 0.0,
        "Total Unusual Items Excluding Goodwill": 0.0,
        "Net Income From Continuing Operation Net Minority Interest": 1661000.0,
        "Reconciled Depreciation": 1265000.0,
        "Reconciled Cost Of Revenue": 50942000.0,
        "EBITDA": 5860000.0,
        "EBIT": 4595000.0,
        "Net Interest Income": -366000.0,
        "Interest Expense": 366000.0,
        "Normalized Income": 1661000.0,
        "Net Income From Continuing And Discontinued Operation": 1661000.0,
        "Total Expenses": 74304000.0,
        "Total Operating Income As Reported": 4595000.0,
        "Diluted Average Shares": 28482000.0,
        "Basic Average Shares": 27602000.0,
        "Diluted EPS": 0.06,
        "Basic EPS": 0.06,
        "Diluted NI Availto Com Stockholders": 1661000.0,
        "Net Income Common Stockholders": 1661000.0,
        "Net Income": 1661000.0,
        "Net Income Including Noncontrolling Interests": 1661000.0,
        "Net Income Continuous Operations": 1661000.0,
        "Tax Provision": 2568000.0,
        "Pretax Income": 4229000.0,
        "Other Income Expense": NaN,
        "Special Income Charges": 0.0,
        "Other Special Charges": NaN,
        "Net Non Operating Interest Income Expense": -366000.0,
        "Interest Expense Non Operating": 366000.0,
        "Operating Income": 4595000.0,
        "Operating Expense": 23362000.0,
        "Selling General And Administration": 23362000.0,
        "Gross Profit": 27957000.0,
        "Cost Of Revenue": 50942000.0,
        "Total Revenue": 78899000.0,
        "Operating Revenue": 77629000.0
    }
}