{
    "2023-06-30": {
        "Tax Effect Of Unusual Items": NaN,
        "Tax Rate For Calcs": NaN,
        "Normalized EBITDA": NaN,
        "Total Unusual Items": NaN,
        "Total Unusual Items Excluding Goodwill": NaN,
        "Net Income From Continuing Operation Net Minority Interest": NaN,
        "Reconciled Depreciation": NaN,
        "Reconciled Cost Of Revenue": NaN,
        "EBITDA": NaN,
        "EBIT": NaN,
        "Net Interest Income": NaN,
        "Interest Expense": NaN,
        "Normalized Income": NaN,
        "Net Income From Continuing And Discontinued Operation": NaN,
        "Total Expenses": NaN,
        "Diluted Average Shares": NaN,
        "Basic Average Shares": NaN,
        "Diluted EPS": NaN,
        "Basic EPS": NaN,
        "Diluted NI Availto Com Stockholders": NaN,
        "Net Income Common Stockholders": NaN,
        "Net Income": NaN,
        "Net Income Including Noncontrolling Interests": NaN,
        "Net Income Continuous Operations": NaN,
        "Tax Provision": NaN,
        "Pretax Income": NaN,
        "Other Income Expense": NaN,
        "Gain On Sale Of Security": NaN,
        "Net Non Operating Interest Income Expense": NaN,
        "Interest Expense Non Operating": NaN,
        "Operating Income": NaN,
        "Operating Expense": NaN,
        "Selling General And Administration": NaN,
        "Selling And Marketing Expense": 39103000.0,
        "General And Administrative Expense": 39103000.0,
        "Other Gand A": 39103000.0,
        "Gross Profit": NaN,
        "Cost Of Revenue": NaN,
        "Total Revenue": NaN,
        "Operating Revenue": NaN
    },
    "2023-03-31": {
        "Tax Effect Of Unusual Items": NaN,
        "Tax Rate For Calcs": NaN,
        "Normalized EBITDA": NaN,
        "Total Unusual Items": NaN,
        "Total Unusual Items Excluding Goodwill": NaN,
        "Net Income From Continuing Operation Net Minority Interest": NaN,
        "Reconciled Depreciation": NaN,
        "Reconciled Cost Of Revenue": NaN,
        "EBITDA": NaN,
        "EBIT": NaN,
        "Net Interest Income": NaN,
        "Interest Expense": NaN,
        "Normalized Income": NaN,
        "Net Income From Continuing And Discontinued Operation": NaN,
        "Total Expenses": NaN,
        "Diluted Average Shares": NaN,
        "Basic Average Shares": NaN,
        "Diluted EPS": NaN,
        "Basic EPS": NaN,
        "Diluted NI Availto Com Stockholders": NaN,
        "Net Income Common Stockholders": NaN,
        "Net Income": NaN,
        "Net Income Including Noncontrolling Interests": NaN,
        "Net Income Continuous Operations": NaN,
        "Tax Provision": NaN,
        "Pretax Income": NaN,
        "Other Income Expense": NaN,
        "Gain On Sale Of Security": NaN,
        "Net Non Operating Interest Income Expense": NaN,
        "Interest Expense Non Operating": NaN,
        "Operating Income": NaN,
        "Operating Expense": NaN,
        "Selling General And Administration": NaN,
        "Selling And Marketing Expense": 38501000.0,
        "General And Administrative Expense": 38501000.0,
        "Other Gand A": 38501000.0,
        "Gross Profit": NaN,
        "Cost Of Revenue": NaN,
        "Total Revenue": NaN,
        "Operating Revenue": NaN
    },
    "2022-12-31": {
        "Tax Effect Of Unusual Items": NaN,
        "Tax Rate For Calcs": NaN,
        "Normalized EBITDA": NaN,
        "Total Unusual Items": NaN,
        "Total Unusual Items Excluding Goodwill": NaN,
        "Net Income From Continuing Operation Net Minority Interest": NaN,
        "Reconciled Depreciation": NaN,
        "Reconciled Cost Of Revenue": NaN,
        "EBITDA": NaN,
        "EBIT": NaN,
        "Net Interest Income": NaN,
        "Interest Expense": NaN,
        "Normalized Income": NaN,
        "Net Income From Continuing And Discontinued Operation": NaN,
        "Total Expenses": NaN,
        "Diluted Average Shares": NaN,
        "Basic Average Shares": NaN,
        "Diluted EPS": NaN,
        "Basic EPS": NaN,
        "Diluted NI Availto Com Stockholders": NaN,
        "Net Income Common Stockholders": NaN,
        "Net Income": NaN,
        "Net Income Including Noncontrolling Interests": NaN,
        "Net Income Continuous Operations": NaN,
        "Tax Provision": NaN,
        "Pretax Income": NaN,
        "Other Income Expense": NaN,
        "Gain On Sale Of Security": NaN,
        "Net Non Operating Interest Income Expense": NaN,
        "Interest Expense Non Operating": NaN,
        "Operating Income": NaN,
        "Operating Expense": NaN,
        "Selling General And Administration": NaN,
        "Selling And Marketing Expense": 37378000.0,
        "General And Administrative Expense": 37378000.0,
        "Other Gand A": 37378000.0,
        "Gross Profit": NaN,
        "Cost Of Revenue": NaN,
        "Total Revenue": NaN,
        "Operating Revenue": NaN
    },
    "2022-09-30": {
        "Tax Effect Of Unusual Items": NaN,
        "Tax Rate For Calcs": NaN,
        "Normalized EBITDA": NaN,
        "Total Unusual Items": NaN,
        "Total Unusual Items Excluding Goodwill": NaN,
        "Net Income From Continuing Operation Net Minority Interest": NaN,
        "Reconciled Depreciation": NaN,
        "Reconciled Cost Of Revenue": NaN,
        "EBITDA": NaN,
        "EBIT": NaN,
        "Net Interest Income": NaN,
        "Interest Expense": NaN,
        "Normalized Income": NaN,
        "Net Income From Continuing And Discontinued Operation": NaN,
        "Total Expenses": NaN,
        "Diluted Average Shares": NaN,
        "Basic Average Shares": NaN,
        "Diluted EPS": NaN,
        "Basic EPS": NaN,
        "Diluted NI Availto Com Stockholders": NaN,
        "Net Income Common Stockholders": NaN,
        "Net Income": NaN,
        "Net Income Including Noncontrolling Interests": NaN,
        "Net Income Continuous Operations": NaN,
        "Tax Provision": NaN,
        "Pretax Income": NaN,
        "Other Income Expense": NaN,
        "Gain On Sale Of Security": NaN,
        "Net Non Operating Interest Income Expense": NaN,
        "Interest Expense Non Operating": NaN,
        "Operating Income": NaN,
        "Operating Expense": NaN,
        "Selling General And Administration": NaN,
        "Selling And Marketing Expense": 36963000.0,
        "General And Administrative Expense": 36963000.0,
        "Other Gand A": 36963000.0,
        "Gross Profit": NaN,
        "Cost Of Revenue": NaN,
        "Total Revenue": NaN,
        "Operating Revenue": NaN
    },
    "2022-06-30": {
        "Tax Effect Of Unusual Items": -1376388.0,
        "Tax Rate For Calcs": 0.173,
        "Normalized EBITDA": 24162000.0,
        "Total Unusual Items": -7956000.0,
        "Total Unusual Items Excluding Goodwill": -7956000.0,
        "Net Income From Continuing Operation Net Minority Interest": 6820000.0,
        "Reconciled Depreciation": 3618000.0,
        "Reconciled Cost Of Revenue": 379370000.0,
        "EBITDA": 16206000.0,
        "EBIT": 16206000.0,
        "Net Interest Income": -445000.0,
        "Interest Expense": 445000.0,
        "Normalized Income": 13399612.0,
        "Net Income From Continuing And Discontinued Operation": 6820000.0,
        "Total Expenses": 408651000.0,
        "Total Operating Income As Reported": 16206000.0,
        "Diluted Average Shares": 74358000.0,
        "Basic Average Shares": 74337000.0,
        "Diluted EPS": 0.09,
        "Basic EPS": 0.09,
        "Diluted NI Availto Com Stockholders": 6820000.0,
        "Net Income Common Stockholders": 6820000.0,
        "Net Income": 6820000.0,
        "Net Income Including Noncontrolling Interests": 6820000.0,
        "Net Income Continuous Operations": 6820000.0,
        "Tax Provision": 1430000.0,
        "Pretax Income": 8250000.0,
        "Other Income Expense": -7956000.0,
        "Other Non Operating Income Expenses": NaN,
        "Gain On Sale Of Security": -7956000.0,
        "Net Non Operating Interest Income Expense": -445000.0,
        "Interest Expense Non Operating": 445000.0,
        "Operating Income": 16206000.0,
        "Operating Expense": 29281000.0,
        "Selling General And Administration": 29281000.0,
        "Selling And Marketing Expense": 35660000.0,
        "General And Administrative Expense": 35660000.0,
        "Other Gand A": 35660000.0,
        "Gross Profit": 45487000.0,
        "Cost Of Revenue": 379370000.0,
        "Total Revenue": 424857000.0,
        "Operating Revenue": 424857000.0
    },
    "2022-03-31": {
        "Diluted EPS": 0.15,
        "Total Revenue": 427,
        "Gross Profit": 54,
        "Operating Income": 18,
        "EBIT": 23,
        "Net Income": 11
    },
    "2021-12-31": {
        "Diluted EPS": 0.02,
        "Total Revenue": 420,
        "Gross Profit": 43,
        "Operating Income": -1,
        "EBIT": 3,
        "Net Income": 2
    },
    "2021-09-30": {
        "Diluted EPS": 0.13,
        "Total Revenue": 416,
        "Gross Profit": 51,
        "Operating Income": 12,
        "EBIT": 16,
        "Net Income": 10
    },
    "2021-06-30": {
        "Diluted EPS": 0.13,
        "Total Revenue": 398,
        "Gross Profit": 62,
        "Operating Income": 12,
        "EBIT": 16,
        "Net Income": 10
    },
    "2021-03-31": {
        "Diluted EPS": 0.33,
        "Total Revenue": 408,
        "Gross Profit": 71,
        "Operating Income": 31,
        "EBIT": 35,
        "Net Income": 25
    },
    "2020-12-31": {
        "Diluted EPS": 0.37,
        "Total Revenue": 423,
        "Gross Profit": 71,
        "Operating Income": 29,
        "EBIT": 33,
        "Net Income": 28
    },
    "2020-09-30": {
        "Diluted EPS": 0.37,
        "Total Revenue": 436,
        "Gross Profit": 71,
        "Operating Income": 33,
        "EBIT": 37,
        "Net Income": 28
    },
    "2020-06-30": {
        "Diluted EPS": 0.31,
        "Total Revenue": 452,
        "Gross Profit": 65,
        "Operating Income": 23,
        "EBIT": 27,
        "Net Income": 23
    },
    "2020-03-31": {
        "Diluted EPS": 0.27,
        "Total Revenue": 449,
        "Gross Profit": 62,
        "Operating Income": 32,
        "EBIT": 36,
        "Net Income": 20
    },
    "2019-12-31": {
        "Diluted EPS": 0.26,
        "Total Revenue": 447,
        "Gross Profit": 60,
        "Operating Income": 23,
        "EBIT": 27,
        "Net Income": 19
    },
    "2019-09-30": {
        "Diluted EPS": 0.25,
        "Total Revenue": 456,
        "Gross Profit": 57,
        "Operating Income": 24,
        "EBIT": 27,
        "Net Income": 18
    },
    "2019-06-30": {
        "Diluted EPS": 0.24,
        "Total Revenue": 462,
        "Gross Profit": 62,
        "Operating Income": 23,
        "EBIT": 27,
        "Net Income": 18
    },
    "2019-03-31": {
        "Diluted EPS": 0.12,
        "Total Revenue": 476,
        "Gross Profit": 49,
        "Operating Income": 8,
        "EBIT": 12,
        "Net Income": 9
    },
    "2018-12-31": {
        "Diluted EPS": 0.42,
        "Total Revenue": 495,
        "Gross Profit": 71,
        "Operating Income": 39,
        "EBIT": 41,
        "Net Income": 32
    },
    "2018-09-30": {
        "Diluted EPS": 0.35,
        "Total Revenue": 506,
        "Gross Profit": 67,
        "Operating Income": 31,
        "EBIT": 33,
        "Net Income": 26
    },
    "2018-06-30": {
        "Diluted EPS": 0.35,
        "Total Revenue": 502,
        "Gross Profit": 65,
        "Operating Income": 31,
        "EBIT": 34,
        "Net Income": 26
    },
    "2018-03-31": {
        "Diluted EPS": 0.0,
        "Total Revenue": 501,
        "Gross Profit": 31,
        "Operating Income": -2,
        "EBIT": 0,
        "Net Income": 0
    },
    "2017-12-31": {
        "Diluted EPS": 0.28,
        "Total Revenue": 494,
        "Gross Profit": 64,
        "Operating Income": 30,
        "EBIT": 33,
        "Net Income": 20
    },
    "2017-09-30": {
        "Diluted EPS": 0.31,
        "Total Revenue": 491,
        "Gross Profit": 64,
        "Operating Income": 31,
        "EBIT": 34,
        "Net Income": 23
    },
    "2017-06-30": {
        "Diluted EPS": 0.3,
        "Total Revenue": 471,
        "Gross Profit": 64,
        "Operating Income": 32,
        "EBIT": 34,
        "Net Income": 23
    },
    "2017-03-31": {
        "Diluted EPS": 0.3,
        "Total Revenue": 404,
        "Gross Profit": 59,
        "Operating Income": 31,
        "EBIT": 33,
        "Net Income": 22
    },
    "2016-12-31": {
        "Diluted EPS": 0.26,
        "Total Revenue": 399,
        "Gross Profit": 58,
        "Operating Income": 30,
        "EBIT": 33,
        "Net Income": 20
    },
    "2016-09-30": {
        "Diluted EPS": 0.27,
        "Total Revenue": 393,
        "Gross Profit": 56,
        "Operating Income": 29,
        "EBIT": 31,
        "Net Income": 20
    },
    "2016-06-30": {
        "Diluted EPS": 0.26,
        "Total Revenue": 387,
        "Gross Profit": 54,
        "Operating Income": 29,
        "EBIT": 31,
        "Net Income": 19
    },
    "2016-03-31": {
        "Diluted EPS": 0.26,
        "Total Revenue": 385,
        "Gross Profit": 55,
        "Operating Income": 29,
        "EBIT": 32,
        "Net Income": 19
    },
    "2015-12-31": {
        "Diluted EPS": 0.11,
        "Total Revenue": 366,
        "Gross Profit": 47,
        "Operating Income": 10,
        "EBIT": 13,
        "Net Income": 9
    },
    "2015-09-30": {
        "Diluted EPS": 0.24,
        "Total Revenue": 360,
        "Gross Profit": 52,
        "Operating Income": 28,
        "EBIT": 30,
        "Net Income": 17
    },
    "2015-06-30": {
        "Diluted EPS": 0.23,
        "Total Revenue": 355,
        "Gross Profit": 51,
        "Operating Income": 26,
        "EBIT": 28,
        "Net Income": 16
    },
    "2015-03-31": {
        "Diluted EPS": 0.22,
        "Total Revenue": 355,
        "Gross Profit": 51,
        "Operating Income": 25,
        "EBIT": 27,
        "Net Income": 16
    },
    "2014-12-31": {
        "Diluted EPS": 0.21,
        "Total Revenue": 342,
        "Gross Profit": 45,
        "Operating Income": 21,
        "EBIT": 23,
        "Net Income": 15
    },
    "2014-09-30": {
        "Diluted EPS": -0.31,
        "Total Revenue": 320,
        "Gross Profit": 4,
        "Operating Income": -35,
        "EBIT": -33,
        "Net Income": -22
    },
    "2014-06-30": {
        "Diluted EPS": 0.2,
        "Total Revenue": 319,
        "Gross Profit": 43,
        "Operating Income": 21,
        "EBIT": 23,
        "Net Income": 14
    },
    "2014-03-31": {
        "Diluted EPS": 0.21,
        "Total Revenue": 312,
        "Gross Profit": 45,
        "Operating Income": 23,
        "EBIT": 25,
        "Net Income": 15
    },
    "2013-12-31": {
        "Diluted EPS": 0.06,
        "Total Revenue": 304,
        "Gross Profit": 34,
        "Operating Income": 5,
        "EBIT": 7,
        "Net Income": 5
    },
    "2013-09-30": {
        "Diluted EPS": 0.2,
        "Total Revenue": 299,
        "Gross Profit": 43,
        "Operating Income": 20,
        "EBIT": 22,
        "Net Income": 14
    },
    "2013-06-30": {
        "Diluted EPS": 0.19,
        "Total Revenue": 274,
        "Gross Profit": 39,
        "Operating Income": 20,
        "EBIT": 21,
        "Net Income": 13
    },
    "2013-03-31": {
        "Diluted EPS": 0.22,
        "Total Revenue": 274,
        "Gross Profit": 39,
        "Operating Income": 18,
        "EBIT": 19,
        "Net Income": 15
    },
    "2012-12-31": {
        "Diluted EPS": 0.18,
        "Total Revenue": 277,
        "Gross Profit": 38,
        "Operating Income": 19,
        "EBIT": 21,
        "Net Income": 13
    },
    "2012-09-30": {
        "Diluted EPS": 0.17,
        "Total Revenue": 273,
        "Gross Profit": 38,
        "Operating Income": 18,
        "EBIT": 19,
        "Net Income": 12
    },
    "2012-06-30": {
        "Diluted EPS": 0.17,
        "Total Revenue": 267,
        "Gross Profit": 37,
        "Operating Income": 18,
        "EBIT": 20,
        "Net Income": 11
    },
    "2012-03-31": {
        "Diluted EPS": 0.13,
        "Total Revenue": 261,
        "Gross Profit": 33,
        "Operating Income": 12,
        "EBIT": 14,
        "Net Income": 9
    },
    "2011-12-31": {
        "Diluted EPS": 0.14,
        "Total Revenue": 250,
        "Gross Profit": 33,
        "Operating Income": 14,
        "EBIT": 16,
        "Net Income": 11
    },
    "2011-09-30": {
        "Diluted EPS": 0.15,
        "Total Revenue": 219,
        "Gross Profit": 31,
        "Operating Income": 17,
        "EBIT": 18,
        "Net Income": 10
    },
    "2011-06-30": {
        "Diluted EPS": 0.15,
        "Total Revenue": 212,
        "Gross Profit": 30,
        "Operating Income": 14,
        "EBIT": 16,
        "Net Income": 10
    },
    "2011-03-31": {
        "Diluted EPS": 0.12,
        "Total Revenue": 208,
        "Gross Profit": 28,
        "Operating Income": 12,
        "EBIT": 13,
        "Net Income": 8
    },
    "2010-12-31": {
        "Diluted EPS": 0.13,
        "Total Revenue": 202,
        "Gross Profit": 29,
        "Operating Income": 13,
        "EBIT": 15,
        "Net Income": 9
    },
    "2010-09-30": {
        "Diluted EPS": 0.14,
        "Total Revenue": 195,
        "Gross Profit": 27,
        "Operating Income": 12,
        "EBIT": 13,
        "Net Income": 9
    },
    "2010-06-30": {
        "Diluted EPS": 0.13,
        "Total Revenue": 193,
        "Gross Profit": 28,
        "Operating Income": 15,
        "EBIT": 16,
        "Net Income": 9
    },
    "2010-03-31": {
        "Diluted EPS": 0.11,
        "Total Revenue": 184,
        "Gross Profit": 25,
        "Operating Income": 11,
        "EBIT": 12,
        "Net Income": 7
    },
    "2009-12-31": {
        "Diluted EPS": 0.09,
        "Total Revenue": 183,
        "Gross Profit": 24,
        "Operating Income": 10,
        "EBIT": 11,
        "Net Income": 7
    },
    "2009-09-30": {
        "Diluted EPS": 0.13,
        "Total Revenue": 179,
        "Gross Profit": 24,
        "Operating Income": 12,
        "EBIT": 13,
        "Net Income": 8
    },
    "2009-06-30": {
        "Diluted EPS": 0.12,
        "Total Revenue": 171,
        "Gross Profit": 25,
        "Operating Income": 12,
        "EBIT": 13,
        "Net Income": 8
    },
    "2009-03-31": {
        "Diluted EPS": 0.12,
        "Total Revenue": 160,
        "Gross Profit": 23,
        "Operating Income": 12,
        "EBIT": 13,
        "Net Income": 8
    },
    "2023-09-30": {
        "Tax Effect Of Unusual Items": NaN,
        "Tax Rate For Calcs": NaN,
        "Normalized EBITDA": NaN,
        "Total Unusual Items": NaN,
        "Total Unusual Items Excluding Goodwill": NaN,
        "Net Income From Continuing Operation Net Minority Interest": NaN,
        "Reconciled Depreciation": NaN,
        "Reconciled Cost Of Revenue": NaN,
        "EBITDA": NaN,
        "EBIT": NaN,
        "Net Interest Income": NaN,
        "Interest Expense": NaN,
        "Normalized Income": NaN,
        "Net Income From Continuing And Discontinued Operation": NaN,
        "Total Expenses": NaN,
        "Diluted Average Shares": NaN,
        "Basic Average Shares": NaN,
        "Diluted EPS": NaN,
        "Basic EPS": NaN,
        "Diluted NI Availto Com Stockholders": NaN,
        "Net Income Common Stockholders": NaN,
        "Net Income": NaN,
        "Net Income Including Noncontrolling Interests": NaN,
        "Net Income Continuous Operations": NaN,
        "Tax Provision": NaN,
        "Pretax Income": NaN,
        "Other Income Expense": NaN,
        "Gain On Sale Of Security": NaN,
        "Net Non Operating Interest Income Expense": NaN,
        "Interest Expense Non Operating": NaN,
        "Operating Income": NaN,
        "Operating Expense": NaN,
        "Selling General And Administration": NaN,
        "General And Administrative Expense": 40289000.0,
        "Other Gand A": 40289000.0,
        "Gross Profit": NaN,
        "Cost Of Revenue": NaN,
        "Total Revenue": NaN,
        "Operating Revenue": NaN
    },
    "2023-12-31": {
        "Tax Effect Of Unusual Items": 499655.004671,
        "Tax Rate For Calcs": 0.271995,
        "Normalized EBITDA": 35041000.0,
        "Total Unusual Items": 1837000.0,
        "Total Unusual Items Excluding Goodwill": 1837000.0,
        "Net Income From Continuing Operation Net Minority Interest": 22598000.0,
        "Reconciled Depreciation": 3779000.0,
        "Reconciled Cost Of Revenue": 350383000.0,
        "EBITDA": 36878000.0,
        "EBIT": 33099000.0,
        "Net Interest Income": -2058000.0,
        "Interest Expense": 2058000.0,
        "Normalized Income": 21260655.004671,
        "Net Income From Continuing And Discontinued Operation": 22598000.0,
        "Total Expenses": 392578000.0,
        "Diluted Average Shares": 73879000.0,
        "Basic Average Shares": 73817000.0,
        "Diluted EPS": 0.31,
        "Basic EPS": 0.31,
        "Diluted NI Availto Com Stockholders": 22598000.0,
        "Net Income Common Stockholders": 22598000.0,
        "Net Income": 22598000.0,
        "Net Income Including Noncontrolling Interests": 22598000.0,
        "Net Income Continuous Operations": 22598000.0,
        "Tax Provision": 8443000.0,
        "Pretax Income": 31041000.0,
        "Other Income Expense": 1837000.0,
        "Gain On Sale Of Security": 1837000.0,
        "Net Non Operating Interest Income Expense": -2058000.0,
        "Interest Expense Non Operating": 2058000.0,
        "Operating Income": 31262000.0,
        "Operating Expense": 42195000.0,
        "Selling General And Administration": 42195000.0,
        "General And Administrative Expense": NaN,
        "Other Gand A": NaN,
        "Gross Profit": 73457000.0,
        "Cost Of Revenue": 350383000.0,
        "Total Revenue": 423840000.0,
        "Operating Revenue": 423840000.0
    },
    "2024-03-31": {
        "Tax Effect Of Unusual Items": 450918.0,
        "Tax Rate For Calcs": 0.282,
        "Normalized EBITDA": 25242000.0,
        "Total Unusual Items": 1599000.0,
        "Total Unusual Items Excluding Goodwill": 1599000.0,
        "Net Income From Continuing Operation Net Minority Interest": 15309000.0,
        "Reconciled Depreciation": 3531000.0,
        "Reconciled Cost Of Revenue": 358911000.0,
        "EBITDA": 26841000.0,
        "EBIT": 23310000.0,
        "Net Interest Income": -1996000.0,
        "Interest Expense": 1996000.0,
        "Normalized Income": 14160918.0,
        "Net Income From Continuing And Discontinued Operation": 15309000.0,
        "Total Expenses": 401722000.0,
        "Diluted Average Shares": 74055000.0,
        "Basic Average Shares": 73926000.0,
        "Diluted EPS": 0.21,
        "Basic EPS": 0.21,
        "Diluted NI Availto Com Stockholders": 15309000.0,
        "Net Income Common Stockholders": 15309000.0,
        "Net Income": 15309000.0,
        "Net Income Including Noncontrolling Interests": 15309000.0,
        "Net Income Continuous Operations": 15309000.0,
        "Tax Provision": 6005000.0,
        "Pretax Income": 21314000.0,
        "Other Income Expense": 1599000.0,
        "Gain On Sale Of Security": 1599000.0,
        "Net Non Operating Interest Income Expense": -1996000.0,
        "Interest Expense Non Operating": 1996000.0,
        "Operating Income": 21711000.0,
        "Operating Expense": 42811000.0,
        "Selling General And Administration": 42811000.0,
        "Gross Profit": 64522000.0,
        "Cost Of Revenue": 358911000.0,
        "Total Revenue": 423433000.0,
        "Operating Revenue": 423433000.0
    },
    "2024-06-30": {
        "Tax Effect Of Unusual Items": 137100.0,
        "Tax Rate For Calcs": 0.1,
        "Normalized EBITDA": 2038000.0,
        "Total Unusual Items": 1371000.0,
        "Total Unusual Items Excluding Goodwill": 1371000.0,
        "Net Income From Continuing Operation Net Minority Interest": -1788000.0,
        "Reconciled Depreciation": 3679000.0,
        "Reconciled Cost Of Revenue": 384742000.0,
        "EBITDA": 3409000.0,
        "EBIT": -270000.0,
        "Net Interest Income": -1716000.0,
        "Interest Expense": 1716000.0,
        "Normalized Income": -3021900.0,
        "Net Income From Continuing And Discontinued Operation": -1788000.0,
        "Total Expenses": 427929000.0,
        "Diluted Average Shares": 73853000.0,
        "Basic Average Shares": 73853000.0,
        "Diluted EPS": -0.02,
        "Basic EPS": -0.02,
        "Diluted NI Availto Com Stockholders": -1788000.0,
        "Net Income Common Stockholders": -1788000.0,
        "Net Income": -1788000.0,
        "Net Income Including Noncontrolling Interests": -1788000.0,
        "Net Income Continuous Operations": -1788000.0,
        "Tax Provision": -198000.0,
        "Pretax Income": -1986000.0,
        "Other Income Expense": 1371000.0,
        "Gain On Sale Of Security": 1371000.0,
        "Net Non Operating Interest Income Expense": -1716000.0,
        "Interest Expense Non Operating": 1716000.0,
        "Operating Income": -1641000.0,
        "Operating Expense": 43187000.0,
        "Selling General And Administration": 43187000.0,
        "Gross Profit": 41546000.0,
        "Cost Of Revenue": 384742000.0,
        "Total Revenue": 426288000.0,
        "Operating Revenue": 426288000.0
    },
    "2024-09-30": {
        "Tax Effect Of Unusual Items": 357124.0,
        "Tax Rate For Calcs": 0.254,
        "Normalized EBITDA": 22723000.0,
        "Total Unusual Items": 1406000.0,
        "Total Unusual Items Excluding Goodwill": 1406000.0,
        "Net Income From Continuing Operation Net Minority Interest": 14030000.0,
        "Reconciled Depreciation": 3773000.0,
        "Reconciled Cost Of Revenue": 364730000.0,
        "EBITDA": 24129000.0,
        "EBIT": 20356000.0,
        "Net Interest Income": -1548000.0,
        "Interest Expense": 1548000.0,
        "Normalized Income": 12981124.0,
        "Net Income From Continuing And Discontinued Operation": 14030000.0,
        "Total Expenses": 409199000.0,
        "Diluted Average Shares": 73926000.0,
        "Basic Average Shares": 73687000.0,
        "Diluted EPS": 0.19,
        "Basic EPS": 0.19,
        "Diluted NI Availto Com Stockholders": 14030000.0,
        "Net Income Common Stockholders": 14030000.0,
        "Net Income": 14030000.0,
        "Net Income Including Noncontrolling Interests": 14030000.0,
        "Net Income Continuous Operations": 14030000.0,
        "Tax Provision": 4778000.0,
        "Pretax Income": 18808000.0,
        "Other Income Expense": 1406000.0,
        "Gain On Sale Of Security": 1406000.0,
        "Net Non Operating Interest Income Expense": -1548000.0,
        "Interest Expense Non Operating": 1548000.0,
        "Operating Income": 18950000.0,
        "Operating Expense": 44469000.0,
        "Selling General And Administration": 44469000.0,
        "Gross Profit": 63419000.0,
        "Cost Of Revenue": 364730000.0,
        "Total Revenue": 428149000.0,
        "Operating Revenue": 428149000.0
    },
    "2024-12-31": {
        "Tax Effect Of Unusual Items": 337508.949679,
        "Tax Rate For Calcs": 0.194867,
        "Normalized EBITDA": 17853000.0,
        "Total Unusual Items": 1732000.0,
        "Total Unusual Items Excluding Goodwill": 1732000.0,
        "Net Income From Continuing Operation Net Minority Interest": 11920000.0,
        "Reconciled Depreciation": 3602000.0,
        "Reconciled Cost Of Revenue": 379209000.0,
        "EBITDA": 19585000.0,
        "EBIT": 15983000.0,
        "Net Interest Income": -1178000.0,
        "Interest Expense": 1178000.0,
        "Normalized Income": 10525508.949679,
        "Net Income From Continuing And Discontinued Operation": 11920000.0,
        "Total Expenses": 423561000.0,
        "Diluted Average Shares": 73934000.0,
        "Basic Average Shares": 73553000.0,
        "Diluted EPS": 0.16,
        "Basic EPS": 0.16,
        "Diluted NI Availto Com Stockholders": 11920000.0,
        "Net Income Common Stockholders": 11920000.0,
        "Net Income": 11920000.0,
        "Net Income Including Noncontrolling Interests": 11920000.0,
        "Net Income Continuous Operations": 11920000.0,
        "Tax Provision": 2885000.0,
        "Pretax Income": 14805000.0,
        "Other Income Expense": 1732000.0,
        "Gain On Sale Of Security": 1732000.0,
        "Net Non Operating Interest Income Expense": -1178000.0,
        "Interest Expense Non Operating": 1178000.0,
        "Operating Income": 14251000.0,
        "Operating Expense": 44352000.0,
        "Selling General And Administration": 44352000.0,
        "Gross Profit": 58603000.0,
        "Cost Of Revenue": 379209000.0,
        "Total Revenue": 437812000.0,
        "Operating Revenue": 437812000.0
    },
    "2025-03-31": {
        "Tax Effect Of Unusual Items": 767529.0,
        "Tax Rate For Calcs": 0.279,
        "Normalized EBITDA": 25416000.0,
        "Total Unusual Items": 2751000.0,
        "Total Unusual Items Excluding Goodwill": 2751000.0,
        "Net Income From Continuing Operation Net Minority Interest": 17228000.0,
        "Reconciled Depreciation": 3878000.0,
        "Reconciled Cost Of Revenue": 379691000.0,
        "EBITDA": 28167000.0,
        "EBIT": 24289000.0,
        "Net Interest Income": -395000.0,
        "Interest Expense": 395000.0,
        "Normalized Income": 15244529.0,
        "Net Income From Continuing And Discontinued Operation": 17228000.0,
        "Total Expenses": 426124000.0,
        "Diluted Average Shares": 73961000.0,
        "Basic Average Shares": 73670000.0,
        "Diluted EPS": 0.23,
        "Basic EPS": 0.23,
        "Diluted NI Availto Com Stockholders": 17228000.0,
        "Net Income Common Stockholders": 17228000.0,
        "Net Income": 17228000.0,
        "Net Income Including Noncontrolling Interests": 17228000.0,
        "Net Income Continuous Operations": 17228000.0,
        "Tax Provision": 6666000.0,
        "Pretax Income": 23894000.0,
        "Other Income Expense": 2751000.0,
        "Gain On Sale Of Security": 2751000.0,
        "Net Non Operating Interest Income Expense": -395000.0,
        "Interest Expense Non Operating": 395000.0,
        "Operating Income": 21538000.0,
        "Operating Expense": 46433000.0,
        "Selling General And Administration": 46433000.0,
        "Gross Profit": 67971000.0,
        "Cost Of Revenue": 379691000.0,
        "Total Revenue": 447662000.0,
        "Operating Revenue": 447662000.0
    },
    "2025-06-30": {
        "Tax Effect Of Unusual Items": 19522.0,
        "Tax Rate For Calcs": 0.227,
        "Normalized EBITDA": -36555000.0,
        "Total Unusual Items": 86000.0,
        "Total Unusual Items Excluding Goodwill": 86000.0,
        "Net Income From Continuing Operation Net Minority Interest": -32366000.0,
        "Reconciled Depreciation": 5001000.0,
        "Reconciled Cost Of Revenue": 455533000.0,
        "EBITDA": -36469000.0,
        "EBIT": -41470000.0,
        "Net Interest Income": -418000.0,
        "Interest Expense": 418000.0,
        "Normalized Income": -32432478.0,
        "Net Income From Continuing And Discontinued Operation": -32366000.0,
        "Total Expenses": 500047000.0,
        "Diluted Average Shares": 73161000.0,
        "Basic Average Shares": 73161000.0,
        "Diluted EPS": -0.44,
        "Basic EPS": -0.44,
        "Diluted NI Availto Com Stockholders": -32366000.0,
        "Net Income Common Stockholders": -32366000.0,
        "Net Income": -32366000.0,
        "Net Income Including Noncontrolling Interests": -32366000.0,
        "Net Income Continuous Operations": -32366000.0,
        "Tax Provision": -9522000.0,
        "Pretax Income": -41888000.0,
        "Other Income Expense": 86000.0,
        "Gain On Sale Of Security": 86000.0,
        "Net Non Operating Interest Income Expense": -418000.0,
        "Interest Expense Non Operating": 418000.0,
        "Operating Income": -41556000.0,
        "Operating Expense": 44514000.0,
        "Selling General And Administration": 44514000.0,
        "Gross Profit": 2958000.0,
        "Cost Of Revenue": 455533000.0,
        "Total Revenue": 458491000.0,
        "Operating Revenue": 458491000.0
    }
}