{
    "2023-03-31": {
        "Tax Effect Of Unusual Items": 0.0,
        "Tax Rate For Calcs": 0.253,
        "Normalized EBITDA": 24104000.0,
        "Net Income From Continuing Operation Net Minority Interest": 15531000.0,
        "Reconciled Depreciation": 1449000.0,
        "Reconciled Cost Of Revenue": 46118000.0,
        "EBITDA": 24104000.0,
        "EBIT": 22655000.0,
        "Net Interest Income": -1849000.0,
        "Interest Expense": 1849000.0,
        "Normalized Income": 15531000.0,
        "Net Income From Continuing And Discontinued Operation": 15531000.0,
        "Total Expenses": 54544000.0,
        "Total Operating Income As Reported": 22655000.0,
        "Diluted Average Shares": 47311027.0,
        "Basic Average Shares": 45298514.0,
        "Diluted EPS": 0.33,
        "Basic EPS": 0.34,
        "Diluted NI Availto Com Stockholders": 15531000.0,
        "Net Income Common Stockholders": 15531000.0,
        "Net Income": 15531000.0,
        "Net Income Including Noncontrolling Interests": 15531000.0,
        "Net Income Continuous Operations": 15531000.0,
        "Tax Provision": 5275000.0,
        "Pretax Income": 20806000.0,
        "Net Non Operating Interest Income Expense": -1849000.0,
        "Interest Expense Non Operating": 1849000.0,
        "Operating Income": 22655000.0,
        "Operating Expense": 7675000.0,
        "Depreciation Amortization Depletion Income Statement": 698000.0,
        "Depreciation And Amortization In Income Statement": 698000.0,
        "Amortization": 698000.0,
        "Amortization Of Intangibles Income Statement": 698000.0,
        "Selling General And Administration": 6977000.0,
        "Gross Profit": 30330000.0,
        "Cost Of Revenue": 46869000.0,
        "Total Revenue": 77199000.0,
        "Operating Revenue": 77199000.0
    },
    "2022-12-31": {
        "Tax Effect Of Unusual Items": NaN,
        "Tax Rate For Calcs": NaN,
        "Normalized EBITDA": NaN,
        "Net Income From Continuing Operation Net Minority Interest": NaN,
        "Reconciled Depreciation": NaN,
        "Reconciled Cost Of Revenue": NaN,
        "EBITDA": NaN,
        "EBIT": NaN,
        "Net Interest Income": NaN,
        "Interest Expense": NaN,
        "Normalized Income": NaN,
        "Net Income From Continuing And Discontinued Operation": NaN,
        "Total Expenses": NaN,
        "Total Operating Income As Reported": NaN,
        "Diluted Average Shares": 47238439.0,
        "Basic Average Shares": 45151426.0,
        "Diluted EPS": 0.11,
        "Basic EPS": 0.11,
        "Diluted NI Availto Com Stockholders": NaN,
        "Net Income Common Stockholders": NaN,
        "Net Income": NaN,
        "Net Income Including Noncontrolling Interests": NaN,
        "Net Income Continuous Operations": NaN,
        "Tax Provision": NaN,
        "Pretax Income": NaN,
        "Net Non Operating Interest Income Expense": NaN,
        "Interest Expense Non Operating": NaN,
        "Operating Income": NaN,
        "Operating Expense": NaN,
        "Depreciation Amortization Depletion Income Statement": NaN,
        "Depreciation And Amortization In Income Statement": NaN,
        "Amortization": NaN,
        "Amortization Of Intangibles Income Statement": NaN,
        "Selling General And Administration": NaN,
        "Gross Profit": NaN,
        "Cost Of Revenue": NaN,
        "Total Revenue": NaN,
        "Operating Revenue": NaN
    },
    "2022-09-30": {
        "Tax Effect Of Unusual Items": 0.0,
        "Tax Rate For Calcs": 0.135495,
        "Normalized EBITDA": 37020000.0,
        "Net Income From Continuing Operation Net Minority Interest": 29356000.0,
        "Reconciled Depreciation": 698000.0,
        "Reconciled Cost Of Revenue": 45263000.0,
        "EBITDA": 37020000.0,
        "EBIT": 36322000.0,
        "Net Interest Income": -2365000.0,
        "Interest Expense": 2365000.0,
        "Normalized Income": 29356000.0,
        "Net Income From Continuing And Discontinued Operation": 29356000.0,
        "Total Expenses": 53180000.0,
        "Total Operating Income As Reported": 36322000.0,
        "Diluted Average Shares": 47181424.0,
        "Basic Average Shares": 45063810.0,
        "Diluted EPS": 0.62,
        "Basic EPS": 0.65,
        "Diluted NI Availto Com Stockholders": 29356000.0,
        "Net Income Common Stockholders": 29356000.0,
        "Net Income": 29356000.0,
        "Net Income Including Noncontrolling Interests": 29356000.0,
        "Net Income Continuous Operations": 29356000.0,
        "Tax Provision": 4601000.0,
        "Pretax Income": 33957000.0,
        "Net Non Operating Interest Income Expense": -2365000.0,
        "Interest Expense Non Operating": 2365000.0,
        "Operating Income": 36322000.0,
        "Operating Expense": 7917000.0,
        "Depreciation Amortization Depletion Income Statement": 698000.0,
        "Depreciation And Amortization In Income Statement": 698000.0,
        "Amortization": 698000.0,
        "Amortization Of Intangibles Income Statement": 698000.0,
        "Selling General And Administration": 7219000.0,
        "General And Administrative Expense": NaN,
        "Other Gand A": NaN,
        "Gross Profit": 44239000.0,
        "Cost Of Revenue": 45263000.0,
        "Total Revenue": 89502000.0,
        "Operating Revenue": 89502000.0
    },
    "2022-06-30": {
        "Tax Effect Of Unusual Items": 0.0,
        "Tax Rate For Calcs": 0.15587,
        "Normalized EBITDA": 50483000.0,
        "Net Income From Continuing Operation Net Minority Interest": 39810000.0,
        "Reconciled Depreciation": 699000.0,
        "Reconciled Cost Of Revenue": 46444000.0,
        "EBITDA": 50483000.0,
        "EBIT": 49784000.0,
        "Net Interest Income": -2623000.0,
        "Interest Expense": 2623000.0,
        "Normalized Income": 39810000.0,
        "Net Income From Continuing And Discontinued Operation": 39810000.0,
        "Total Expenses": 54157000.0,
        "Total Operating Income As Reported": 49784000.0,
        "Diluted Average Shares": 47152257.0,
        "Basic Average Shares": 44960464.0,
        "Diluted EPS": 0.84,
        "Basic EPS": 0.89,
        "Diluted NI Availto Com Stockholders": 39810000.0,
        "Net Income Common Stockholders": 39810000.0,
        "Net Income": 39810000.0,
        "Net Income Including Noncontrolling Interests": 39810000.0,
        "Net Income Continuous Operations": 39810000.0,
        "Tax Provision": 7351000.0,
        "Pretax Income": 47161000.0,
        "Net Non Operating Interest Income Expense": -2623000.0,
        "Interest Expense Non Operating": 2623000.0,
        "Operating Income": 49784000.0,
        "Operating Expense": 7713000.0,
        "Depreciation Amortization Depletion Income Statement": 699000.0,
        "Depreciation And Amortization In Income Statement": 699000.0,
        "Amortization": 699000.0,
        "Amortization Of Intangibles Income Statement": 699000.0,
        "Selling General And Administration": 7014000.0,
        "General And Administrative Expense": NaN,
        "Other Gand A": NaN,
        "Gross Profit": 57497000.0,
        "Cost Of Revenue": 46444000.0,
        "Total Revenue": 103941000.0,
        "Operating Revenue": 103941000.0
    },
    "2023-06-30": {
        "Tax Effect Of Unusual Items": NaN,
        "Tax Rate For Calcs": NaN,
        "Normalized EBITDA": NaN,
        "Net Income From Continuing Operation Net Minority Interest": NaN,
        "Reconciled Depreciation": NaN,
        "Reconciled Cost Of Revenue": NaN,
        "EBITDA": NaN,
        "EBIT": NaN,
        "Net Interest Income": NaN,
        "Interest Expense": 1899000.0,
        "Interest Income": NaN,
        "Normalized Income": NaN,
        "Net Income From Continuing And Discontinued Operation": NaN,
        "Total Expenses": NaN,
        "Total Operating Income As Reported": NaN,
        "Diluted Average Shares": NaN,
        "Basic Average Shares": NaN,
        "Diluted EPS": NaN,
        "Basic EPS": NaN,
        "Diluted NI Availto Com Stockholders": NaN,
        "Net Income Common Stockholders": NaN,
        "Net Income": NaN,
        "Net Income Including Noncontrolling Interests": NaN,
        "Net Income Continuous Operations": NaN,
        "Tax Provision": NaN,
        "Pretax Income": NaN,
        "Other Income Expense": NaN,
        "Other Non Operating Income Expenses": NaN,
        "Net Non Operating Interest Income Expense": NaN,
        "Interest Expense Non Operating": 1899000.0,
        "Interest Income Non Operating": NaN,
        "Operating Income": NaN,
        "Operating Expense": NaN,
        "Depreciation Amortization Depletion Income Statement": NaN,
        "Depreciation And Amortization In Income Statement": NaN,
        "Amortization": NaN,
        "Amortization Of Intangibles Income Statement": NaN,
        "Selling General And Administration": NaN,
        "Gross Profit": NaN,
        "Cost Of Revenue": NaN,
        "Total Revenue": NaN,
        "Operating Revenue": NaN
    },
    "2022-03-31": {
        "Diluted EPS": 0.63,
        "Total Revenue": 84,
        "Gross Profit": 46,
        "Operating Income": 38,
        "EBIT": 40,
        "Net Income": 30
    },
    "2021-12-31": {
        "Diluted EPS": 0.13,
        "Total Revenue": 38,
        "Gross Profit": 17,
        "Operating Income": 9,
        "EBIT": 11,
        "Net Income": 6
    },
    "2021-09-30": {
        "Diluted EPS": 0.34,
        "Total Revenue": 61,
        "Gross Profit": 24,
        "Operating Income": 17,
        "EBIT": 19,
        "Net Income": 16
    },
    "2021-06-30": {
        "Diluted EPS": 0.24,
        "Total Revenue": 61,
        "Gross Profit": 22,
        "Operating Income": 14,
        "EBIT": 16,
        "Net Income": 11
    },
    "2021-03-31": {
        "Diluted EPS": -0.02,
        "Total Revenue": 34,
        "Gross Profit": 9,
        "Operating Income": 2,
        "EBIT": 4,
        "Net Income": -1
    },
    "2020-12-31": {
        "Diluted EPS": -0.11,
        "Total Revenue": 22,
        "Gross Profit": 5,
        "Operating Income": -2,
        "EBIT": -1,
        "Net Income": -5
    },
    "2020-09-30": {
        "Diluted EPS": 0.0,
        "Total Revenue": 41,
        "Gross Profit": 9,
        "Operating Income": 2,
        "EBIT": 4,
        "Net Income": 0
    },
    "2020-06-30": {
        "Diluted EPS": 0.06,
        "Total Revenue": 48,
        "Gross Profit": 13,
        "Operating Income": 5,
        "EBIT": 7,
        "Net Income": 2
    },
    "2020-03-31": {
        "Diluted EPS": -0.07,
        "Total Revenue": 36,
        "Gross Profit": 8,
        "Operating Income": 0,
        "EBIT": 2,
        "Net Income": -3
    },
    "2019-12-31": {
        "Diluted EPS": -0.26,
        "Total Revenue": 26,
        "Gross Profit": 5,
        "Operating Income": -5,
        "EBIT": -1,
        "Net Income": -11
    },
    "2019-09-30": {
        "Diluted EPS": 0.06,
        "Total Revenue": 46,
        "Gross Profit": 8,
        "Operating Income": -1,
        "EBIT": 1,
        "Net Income": 3
    },
    "2019-06-30": {
        "Diluted EPS": -0.32,
        "Total Revenue": 56,
        "Gross Profit": -2,
        "Operating Income": -10,
        "EBIT": -8,
        "Net Income": -14
    },
    "2019-03-31": {
        "Diluted EPS": -0.09,
        "Total Revenue": 35,
        "Gross Profit": 7,
        "Operating Income": 0,
        "EBIT": 2,
        "Net Income": -4
    },
    "2018-12-31": {
        "Diluted EPS": -0.19,
        "Total Revenue": 26,
        "Gross Profit": 3,
        "Operating Income": -4,
        "EBIT": -2,
        "Net Income": -8
    },
    "2018-09-30": {
        "Diluted EPS": -0.33,
        "Total Revenue": 41,
        "Gross Profit": 8,
        "Operating Income": 0,
        "EBIT": 2,
        "Net Income": -14
    },
    "2018-06-30": {
        "Diluted EPS": -0.72,
        "Total Revenue": 58,
        "Gross Profit": -26,
        "Operating Income": -37,
        "EBIT": -34,
        "Net Income": -31
    },
    "2018-03-31": {
        "Diluted EPS": -0.07,
        "Total Revenue": 42,
        "Gross Profit": 8,
        "Operating Income": -1,
        "EBIT": 2,
        "Net Income": -3
    },
    "2017-12-31": {
        "Diluted EPS": -0.12,
        "Total Revenue": 25,
        "Gross Profit": 3,
        "Operating Income": -10,
        "EBIT": -7,
        "Net Income": -5
    },
    "2017-09-30": {
        "Diluted EPS": 0.05,
        "Total Revenue": 25,
        "Gross Profit": 5,
        "Operating Income": 1,
        "EBIT": 2,
        "Net Income": 2
    },
    "2017-06-30": {
        "Diluted EPS": 0.2,
        "Total Revenue": 52,
        "Gross Profit": 17,
        "Operating Income": 14,
        "EBIT": 15,
        "Net Income": 9
    },
    "2017-03-31": {
        "Diluted EPS": 0.13,
        "Total Revenue": 39,
        "Gross Profit": 12,
        "Operating Income": 9,
        "EBIT": 10,
        "Net Income": 6
    },
    "2016-12-31": {
        "Diluted EPS": -0.07,
        "Total Revenue": 8,
        "Gross Profit": 1,
        "Operating Income": -2,
        "EBIT": -2,
        "Net Income": -2
    },
    "2016-09-30": {
        "Diluted EPS": 0.14,
        "Total Revenue": 35,
        "Gross Profit": 12,
        "Operating Income": 8,
        "EBIT": 9,
        "Net Income": 5
    },
    "2016-06-30": {
        "Diluted EPS": 0.14,
        "Total Revenue": 35,
        "Gross Profit": 10,
        "Operating Income": 8,
        "EBIT": 9,
        "Net Income": 5
    },
    "2016-03-31": {
        "Diluted EPS": 0.09,
        "Total Revenue": 28,
        "Gross Profit": 8,
        "Operating Income": 5,
        "EBIT": 6,
        "Net Income": 3
    },
    "2015-12-31": {
        "Diluted EPS": -0.03,
        "Total Revenue": 7,
        "Gross Profit": 1,
        "Operating Income": -2,
        "EBIT": -1,
        "Net Income": -1
    },
    "2015-09-30": {
        "Diluted EPS": 0.03,
        "Total Revenue": 22,
        "Gross Profit": 4,
        "Operating Income": 2,
        "EBIT": 2,
        "Net Income": 1
    },
    "2015-06-30": {
        "Diluted EPS": 0.08,
        "Total Revenue": 29,
        "Gross Profit": 7,
        "Operating Income": 5,
        "EBIT": 5,
        "Net Income": 3
    },
    "2015-03-31": {
        "Diluted EPS": 0.06,
        "Total Revenue": 22,
        "Gross Profit": 6,
        "Operating Income": 3,
        "EBIT": 4,
        "Net Income": 2
    },
    "2014-12-31": {
        "Diluted EPS": -0.04,
        "Total Revenue": 8,
        "Gross Profit": 1,
        "Operating Income": -2,
        "EBIT": -2,
        "Net Income": -1
    },
    "2014-09-30": {
        "Diluted EPS": 0.0,
        "Total Revenue": 15,
        "Gross Profit": 1,
        "Operating Income": 0,
        "EBIT": 0,
        "Net Income": 0
    },
    "2014-06-30": {
        "Diluted EPS": 0.01,
        "Total Revenue": 17,
        "Gross Profit": 2,
        "Operating Income": 1,
        "EBIT": 1,
        "Net Income": 0
    },
    "2014-03-31": {
        "Diluted EPS": 0.01,
        "Total Revenue": 16,
        "Gross Profit": 2,
        "Operating Income": 0,
        "EBIT": 1,
        "Net Income": 0
    },
    "2013-12-31": {
        "Diluted EPS": -0.06,
        "Total Revenue": 5,
        "Gross Profit": 0,
        "Operating Income": -2,
        "EBIT": -2,
        "Net Income": -2
    },
    "2013-09-30": {
        "Diluted EPS": -0.36,
        "Total Revenue": 15,
        "Gross Profit": -13,
        "Operating Income": -14,
        "EBIT": -14,
        "Net Income": -9
    },
    "2013-06-30": {
        "Diluted EPS": 0.01,
        "Total Revenue": 16,
        "Gross Profit": 3,
        "Operating Income": 1,
        "EBIT": 1,
        "Net Income": 0
    },
    "2013-03-31": {
        "Diluted EPS": 0.17,
        "Total Revenue": 23,
        "Gross Profit": 9,
        "Operating Income": 7,
        "EBIT": 8,
        "Net Income": 4
    },
    "2012-12-31": {
        "Diluted EPS": 0.11,
        "Total Revenue": 5,
        "Gross Profit": 1,
        "Operating Income": -2,
        "EBIT": -1,
        "Net Income": 3
    },
    "2012-09-30": {
        "Diluted EPS": 0.08,
        "Total Revenue": 14,
        "Gross Profit": 5,
        "Operating Income": 4,
        "EBIT": 4,
        "Net Income": 2
    },
    "2012-06-30": {
        "Diluted EPS": 0.2,
        "Total Revenue": 22,
        "Gross Profit": 10,
        "Operating Income": 8,
        "EBIT": 9,
        "Net Income": 5
    },
    "2012-03-31": {
        "Diluted EPS": 0.1,
        "Total Revenue": 15,
        "Gross Profit": 6,
        "Operating Income": 4,
        "EBIT": 4,
        "Net Income": 3
    },
    "2011-12-31": {
        "Diluted EPS": -0.03,
        "Total Revenue": 4,
        "Gross Profit": 1,
        "Operating Income": -1,
        "EBIT": -1,
        "Net Income": -1
    },
    "2011-09-30": {
        "Diluted EPS": 0.0,
        "Total Revenue": 12,
        "Gross Profit": 1,
        "Operating Income": 0,
        "EBIT": 0,
        "Net Income": 0
    },
    "2011-06-30": {
        "Diluted EPS": 0.03,
        "Total Revenue": 15,
        "Gross Profit": 3,
        "Operating Income": 2,
        "EBIT": 2,
        "Net Income": 1
    },
    "2011-03-31": {
        "Diluted EPS": 0.04,
        "Total Revenue": 14,
        "Gross Profit": 4,
        "Operating Income": 2,
        "EBIT": 2,
        "Net Income": 1
    },
    "2010-12-31": {
        "Diluted EPS": -0.03,
        "Total Revenue": 4,
        "Gross Profit": 1,
        "Operating Income": -1,
        "EBIT": 0,
        "Net Income": -1
    },
    "2010-09-30": {
        "Diluted EPS": 0.01,
        "Total Revenue": 8,
        "Gross Profit": 2,
        "Operating Income": 0,
        "EBIT": 1,
        "Net Income": 0
    },
    "2010-06-30": {
        "Diluted EPS": 0.06,
        "Total Revenue": 16,
        "Gross Profit": 4,
        "Operating Income": 2,
        "EBIT": 3,
        "Net Income": 1
    },
    "2010-03-31": {
        "Diluted EPS": -0.01,
        "Total Revenue": 9,
        "Gross Profit": 1,
        "Operating Income": 0,
        "EBIT": 0,
        "Net Income": 0
    },
    "2009-12-31": {
        "Diluted EPS": -0.09,
        "Total Revenue": 3,
        "Gross Profit": 0,
        "Operating Income": -2,
        "EBIT": -2,
        "Net Income": -2
    },
    "2009-09-30": {
        "Diluted EPS": -0.03,
        "Total Revenue": 6,
        "Gross Profit": 1,
        "Operating Income": 0,
        "EBIT": 0,
        "Net Income": -1
    },
    "2009-06-30": {
        "Diluted EPS": 0.01,
        "Total Revenue": 8,
        "Gross Profit": 2,
        "Operating Income": 1,
        "EBIT": 1,
        "Net Income": 0
    },
    "2009-03-31": {
        "Diluted EPS": -0.01,
        "Total Revenue": 7,
        "Gross Profit": 1,
        "Operating Income": 0,
        "EBIT": 0,
        "Net Income": 0
    },
    "2023-09-30": {
        "Tax Effect Of Unusual Items": NaN,
        "Tax Rate For Calcs": NaN,
        "Normalized EBITDA": NaN,
        "Net Income From Continuing Operation Net Minority Interest": NaN,
        "Reconciled Depreciation": NaN,
        "Reconciled Cost Of Revenue": NaN,
        "EBITDA": NaN,
        "EBIT": NaN,
        "Net Interest Income": NaN,
        "Interest Expense": 4358000.0,
        "Interest Income": NaN,
        "Normalized Income": NaN,
        "Net Income From Continuing And Discontinued Operation": NaN,
        "Total Expenses": NaN,
        "Total Operating Income As Reported": NaN,
        "Diluted Average Shares": NaN,
        "Basic Average Shares": NaN,
        "Diluted EPS": NaN,
        "Basic EPS": NaN,
        "Diluted NI Availto Com Stockholders": NaN,
        "Net Income Common Stockholders": NaN,
        "Net Income": NaN,
        "Net Income Including Noncontrolling Interests": NaN,
        "Net Income Continuous Operations": NaN,
        "Tax Provision": NaN,
        "Pretax Income": NaN,
        "Other Income Expense": NaN,
        "Other Non Operating Income Expenses": NaN,
        "Net Non Operating Interest Income Expense": NaN,
        "Interest Expense Non Operating": 4358000.0,
        "Interest Income Non Operating": NaN,
        "Operating Income": NaN,
        "Operating Expense": NaN,
        "Depreciation Amortization Depletion Income Statement": NaN,
        "Depreciation And Amortization In Income Statement": NaN,
        "Amortization": NaN,
        "Amortization Of Intangibles Income Statement": NaN,
        "Selling General And Administration": NaN,
        "Gross Profit": NaN,
        "Cost Of Revenue": NaN,
        "Total Revenue": NaN,
        "Operating Revenue": NaN
    },
    "2023-12-31": {
        "Tax Effect Of Unusual Items": NaN,
        "Tax Rate For Calcs": NaN,
        "Normalized EBITDA": NaN,
        "Net Income From Continuing Operation Net Minority Interest": NaN,
        "Reconciled Depreciation": NaN,
        "Reconciled Cost Of Revenue": NaN,
        "EBITDA": NaN,
        "EBIT": NaN,
        "Net Interest Income": NaN,
        "Interest Expense": 246000.0,
        "Interest Income": NaN,
        "Normalized Income": NaN,
        "Net Income From Continuing And Discontinued Operation": NaN,
        "Total Expenses": NaN,
        "Total Operating Income As Reported": NaN,
        "Diluted Average Shares": NaN,
        "Basic Average Shares": NaN,
        "Diluted EPS": NaN,
        "Basic EPS": NaN,
        "Diluted NI Availto Com Stockholders": NaN,
        "Net Income Common Stockholders": NaN,
        "Net Income": NaN,
        "Net Income Including Noncontrolling Interests": NaN,
        "Net Income Continuous Operations": NaN,
        "Tax Provision": NaN,
        "Pretax Income": NaN,
        "Other Income Expense": NaN,
        "Other Non Operating Income Expenses": NaN,
        "Net Non Operating Interest Income Expense": NaN,
        "Total Other Finance Cost": NaN,
        "Interest Expense Non Operating": 246000.0,
        "Interest Income Non Operating": NaN,
        "Operating Income": NaN,
        "Operating Expense": NaN,
        "Depreciation Amortization Depletion Income Statement": NaN,
        "Depreciation And Amortization In Income Statement": NaN,
        "Amortization": NaN,
        "Amortization Of Intangibles Income Statement": NaN,
        "Selling General And Administration": NaN,
        "Gross Profit": NaN,
        "Cost Of Revenue": NaN,
        "Total Revenue": NaN,
        "Operating Revenue": NaN
    },
    "2024-03-31": {
        "Tax Effect Of Unusual Items": NaN,
        "Tax Rate For Calcs": NaN,
        "Normalized EBITDA": NaN,
        "Net Income From Continuing Operation Net Minority Interest": NaN,
        "Reconciled Depreciation": NaN,
        "Reconciled Cost Of Revenue": NaN,
        "EBITDA": NaN,
        "EBIT": NaN,
        "Net Interest Income": NaN,
        "Interest Expense": 214000.0,
        "Interest Income": NaN,
        "Normalized Income": NaN,
        "Net Income From Continuing And Discontinued Operation": NaN,
        "Total Expenses": NaN,
        "Total Operating Income As Reported": NaN,
        "Diluted Average Shares": NaN,
        "Basic Average Shares": NaN,
        "Diluted EPS": NaN,
        "Basic EPS": NaN,
        "Diluted NI Availto Com Stockholders": NaN,
        "Net Income Common Stockholders": NaN,
        "Net Income": NaN,
        "Net Income Including Noncontrolling Interests": NaN,
        "Net Income Continuous Operations": NaN,
        "Tax Provision": NaN,
        "Pretax Income": NaN,
        "Other Income Expense": NaN,
        "Other Non Operating Income Expenses": NaN,
        "Net Non Operating Interest Income Expense": NaN,
        "Total Other Finance Cost": 214000.0,
        "Interest Expense Non Operating": 214000.0,
        "Interest Income Non Operating": NaN,
        "Operating Income": NaN,
        "Operating Expense": NaN,
        "Depreciation Amortization Depletion Income Statement": NaN,
        "Depreciation And Amortization In Income Statement": NaN,
        "Amortization": NaN,
        "Amortization Of Intangibles Income Statement": NaN,
        "Selling General And Administration": NaN,
        "Gross Profit": NaN,
        "Cost Of Revenue": NaN,
        "Total Revenue": NaN,
        "Operating Revenue": NaN
    },
    "2024-06-30": {
        "Tax Effect Of Unusual Items": 0.0,
        "Tax Rate For Calcs": 0.242053,
        "Normalized EBITDA": 14378000.0,
        "Net Income From Continuing Operation Net Minority Interest": 9585000.0,
        "Reconciled Depreciation": 1580000.0,
        "Reconciled Cost Of Revenue": 51891000.0,
        "EBITDA": 14378000.0,
        "EBIT": 12798000.0,
        "Net Interest Income": -152000.0,
        "Interest Expense": 152000.0,
        "Interest Income": NaN,
        "Normalized Income": 9585000.0,
        "Net Income From Continuing And Discontinued Operation": 9585000.0,
        "Total Expenses": 62484000.0,
        "Total Operating Income As Reported": 12798000.0,
        "Diluted Average Shares": 47275901.0,
        "Basic Average Shares": 45513445.0,
        "Diluted EPS": 0.2,
        "Basic EPS": 0.21,
        "Diluted NI Availto Com Stockholders": 9585000.0,
        "Net Income Common Stockholders": 9585000.0,
        "Net Income": 9585000.0,
        "Net Income Including Noncontrolling Interests": 9585000.0,
        "Net Income Continuous Operations": 9585000.0,
        "Tax Provision": 3061000.0,
        "Pretax Income": 12646000.0,
        "Other Income Expense": NaN,
        "Other Non Operating Income Expenses": NaN,
        "Net Non Operating Interest Income Expense": -152000.0,
        "Total Other Finance Cost": NaN,
        "Interest Expense Non Operating": 152000.0,
        "Interest Income Non Operating": NaN,
        "Operating Income": 12798000.0,
        "Operating Expense": 9773000.0,
        "Depreciation Amortization Depletion Income Statement": 760000.0,
        "Depreciation And Amortization In Income Statement": 760000.0,
        "Amortization": 760000.0,
        "Amortization Of Intangibles Income Statement": 760000.0,
        "Selling General And Administration": 9013000.0,
        "Gross Profit": 22571000.0,
        "Cost Of Revenue": 52711000.0,
        "Total Revenue": 75282000.0,
        "Operating Revenue": 75282000.0
    },
    "2024-09-30": {
        "Tax Effect Of Unusual Items": 0.0,
        "Tax Rate For Calcs": 0.181589,
        "Normalized EBITDA": 8593000.0,
        "Net Income From Continuing Operation Net Minority Interest": 7806000.0,
        "Reconciled Depreciation": 1620000.0,
        "Reconciled Cost Of Revenue": 45291000.0,
        "EBITDA": 8593000.0,
        "EBIT": 6973000.0,
        "Net Interest Income": 315000.0,
        "Interest Expense": NaN,
        "Interest Income": 315000.0,
        "Normalized Income": 7806000.0,
        "Net Income From Continuing And Discontinued Operation": 7806000.0,
        "Total Expenses": 54970000.0,
        "Total Operating Income As Reported": 6973000.0,
        "Diluted Average Shares": 47135443.0,
        "Basic Average Shares": 45435458.0,
        "Diluted EPS": 0.17,
        "Basic EPS": 0.17,
        "Diluted NI Availto Com Stockholders": 7806000.0,
        "Net Income Common Stockholders": 7806000.0,
        "Net Income": 7806000.0,
        "Net Income Including Noncontrolling Interests": 7806000.0,
        "Net Income Continuous Operations": 7806000.0,
        "Tax Provision": 1732000.0,
        "Pretax Income": 9538000.0,
        "Other Income Expense": 2250000.0,
        "Other Non Operating Income Expenses": 2250000.0,
        "Net Non Operating Interest Income Expense": 315000.0,
        "Total Other Finance Cost": NaN,
        "Interest Expense Non Operating": NaN,
        "Interest Income Non Operating": 315000.0,
        "Operating Income": 6973000.0,
        "Operating Expense": 8969000.0,
        "Depreciation Amortization Depletion Income Statement": 910000.0,
        "Depreciation And Amortization In Income Statement": 910000.0,
        "Amortization": 910000.0,
        "Amortization Of Intangibles Income Statement": 910000.0,
        "Selling General And Administration": 8059000.0,
        "Gross Profit": 15942000.0,
        "Cost Of Revenue": 46001000.0,
        "Total Revenue": 61943000.0,
        "Operating Revenue": 61943000.0
    },
    "2024-12-31": {
        "Tax Effect Of Unusual Items": 0.0,
        "Tax Rate For Calcs": 0.056638,
        "Normalized EBITDA": -3751000.0,
        "Net Income From Continuing Operation Net Minority Interest": -2565000.0,
        "Reconciled Depreciation": 1745000.0,
        "Reconciled Cost Of Revenue": 28146000.0,
        "EBITDA": -3751000.0,
        "EBIT": -5496000.0,
        "Net Interest Income": 527000.0,
        "Interest Expense": NaN,
        "Interest Income": NaN,
        "Normalized Income": -2565000.0,
        "Net Income From Continuing And Discontinued Operation": -2565000.0,
        "Total Expenses": 37889000.0,
        "Total Operating Income As Reported": -3246000.0,
        "Diluted Average Shares": 44863767.0,
        "Basic Average Shares": 44863767.0,
        "Diluted EPS": -0.06,
        "Basic EPS": -0.06,
        "Diluted NI Availto Com Stockholders": -2565000.0,
        "Net Income Common Stockholders": -2565000.0,
        "Net Income": -2565000.0,
        "Net Income Including Noncontrolling Interests": -2565000.0,
        "Net Income Continuous Operations": -2565000.0,
        "Tax Provision": -154000.0,
        "Pretax Income": -2719000.0,
        "Other Income Expense": 0.0,
        "Other Non Operating Income Expenses": 0.0,
        "Net Non Operating Interest Income Expense": 527000.0,
        "Total Other Finance Cost": NaN,
        "Interest Expense Non Operating": NaN,
        "Interest Income Non Operating": NaN,
        "Operating Income": -3246000.0,
        "Operating Expense": 9020000.0,
        "Depreciation Amortization Depletion Income Statement": 1022000.0,
        "Depreciation And Amortization In Income Statement": 1022000.0,
        "Amortization": 1022000.0,
        "Amortization Of Intangibles Income Statement": 1022000.0,
        "Selling General And Administration": 7998000.0,
        "Gross Profit": 5774000.0,
        "Cost Of Revenue": 28869000.0,
        "Total Revenue": 34643000.0,
        "Operating Revenue": 34643000.0
    },
    "2025-03-31": {
        "Tax Effect Of Unusual Items": 0.0,
        "Tax Rate For Calcs": 0.245,
        "Normalized EBITDA": 4672000.0,
        "Net Income From Continuing Operation Net Minority Interest": 2758000.0,
        "Reconciled Depreciation": 1597000.0,
        "Reconciled Cost Of Revenue": 42501000.0,
        "EBITDA": 4672000.0,
        "EBIT": 3075000.0,
        "Net Interest Income": 576000.0,
        "Interest Expense": NaN,
        "Interest Income": 576000.0,
        "Normalized Income": 2758000.0,
        "Net Income From Continuing And Discontinued Operation": 2758000.0,
        "Total Expenses": 52268000.0,
        "Total Operating Income As Reported": 3075000.0,
        "Diluted Average Shares": 45621413.0,
        "Basic Average Shares": 44057774.0,
        "Diluted EPS": 0.06,
        "Basic EPS": 0.06,
        "Diluted NI Availto Com Stockholders": 2758000.0,
        "Net Income Common Stockholders": 2758000.0,
        "Net Income": 2758000.0,
        "Net Income Including Noncontrolling Interests": 2758000.0,
        "Net Income Continuous Operations": 2758000.0,
        "Tax Provision": 893000.0,
        "Pretax Income": 3651000.0,
        "Other Income Expense": NaN,
        "Other Non Operating Income Expenses": NaN,
        "Net Non Operating Interest Income Expense": 576000.0,
        "Total Other Finance Cost": -576000.0,
        "Interest Expense Non Operating": NaN,
        "Interest Income Non Operating": 576000.0,
        "Operating Income": 3075000.0,
        "Operating Expense": 8993000.0,
        "Depreciation Amortization Depletion Income Statement": 823000.0,
        "Depreciation And Amortization In Income Statement": 823000.0,
        "Amortization": 823000.0,
        "Amortization Of Intangibles Income Statement": 823000.0,
        "Selling General And Administration": 8170000.0,
        "Gross Profit": 12068000.0,
        "Cost Of Revenue": 43275000.0,
        "Total Revenue": 55343000.0,
        "Operating Revenue": 55343000.0
    },
    "2025-06-30": {
        "Tax Effect Of Unusual Items": 0.0,
        "Tax Rate For Calcs": 0.239776,
        "Normalized EBITDA": 14274000.0,
        "Net Income From Continuing Operation Net Minority Interest": 10168000.0,
        "Reconciled Depreciation": 1550000.0,
        "Reconciled Cost Of Revenue": 49310000.0,
        "EBITDA": 14274000.0,
        "EBIT": 12724000.0,
        "Net Interest Income": 651000.0,
        "Interest Expense": NaN,
        "Interest Income": 651000.0,
        "Normalized Income": 10168000.0,
        "Net Income From Continuing And Discontinued Operation": 10168000.0,
        "Total Expenses": 60125000.0,
        "Total Operating Income As Reported": 12724000.0,
        "Diluted Average Shares": 45157911.0,
        "Basic Average Shares": 43631187.0,
        "Diluted EPS": 0.23,
        "Basic EPS": 0.23,
        "Diluted NI Availto Com Stockholders": 10168000.0,
        "Net Income Common Stockholders": 10168000.0,
        "Net Income": 10168000.0,
        "Net Income Including Noncontrolling Interests": 10168000.0,
        "Net Income Continuous Operations": 10168000.0,
        "Tax Provision": 3207000.0,
        "Pretax Income": 13375000.0,
        "Other Income Expense": NaN,
        "Other Non Operating Income Expenses": NaN,
        "Net Non Operating Interest Income Expense": 651000.0,
        "Total Other Finance Cost": NaN,
        "Interest Expense Non Operating": NaN,
        "Interest Income Non Operating": 651000.0,
        "Operating Income": 12724000.0,
        "Operating Expense": 10087000.0,
        "Depreciation Amortization Depletion Income Statement": 822000.0,
        "Depreciation And Amortization In Income Statement": 822000.0,
        "Amortization": 822000.0,
        "Amortization Of Intangibles Income Statement": 822000.0,
        "Selling General And Administration": 9265000.0,
        "Gross Profit": 22811000.0,
        "Cost Of Revenue": 50038000.0,
        "Total Revenue": 72849000.0,
        "Operating Revenue": 72849000.0
    }
}