{
    "2023-03-31": {
        "Tax Effect Of Unusual Items": NaN,
        "Tax Rate For Calcs": NaN,
        "Normalized EBITDA": NaN,
        "Total Unusual Items": NaN,
        "Total Unusual Items Excluding Goodwill": NaN,
        "Net Income From Continuing Operation Net Minority Interest": NaN,
        "Reconciled Depreciation": NaN,
        "Reconciled Cost Of Revenue": NaN,
        "EBITDA": NaN,
        "EBIT": NaN,
        "Net Interest Income": NaN,
        "Interest Expense": 163000.0,
        "Interest Income": NaN,
        "Normalized Income": NaN,
        "Net Income From Continuing And Discontinued Operation": NaN,
        "Total Expenses": NaN,
        "Total Operating Income As Reported": NaN,
        "Diluted Average Shares": NaN,
        "Basic Average Shares": NaN,
        "Diluted EPS": NaN,
        "Basic EPS": NaN,
        "Diluted NI Availto Com Stockholders": NaN,
        "Net Income Common Stockholders": NaN,
        "Net Income": NaN,
        "Net Income Including Noncontrolling Interests": NaN,
        "Net Income Continuous Operations": NaN,
        "Tax Provision": NaN,
        "Pretax Income": NaN,
        "Other Income Expense": NaN,
        "Other Non Operating Income Expenses": NaN,
        "Special Income Charges": NaN,
        "Restructuring And Mergern Acquisition": NaN,
        "Net Non Operating Interest Income Expense": NaN,
        "Total Other Finance Cost": NaN,
        "Interest Expense Non Operating": 163000.0,
        "Interest Income Non Operating": NaN,
        "Operating Income": NaN,
        "Operating Expense": NaN,
        "Research And Development": NaN,
        "Selling General And Administration": NaN,
        "Selling And Marketing Expense": NaN,
        "General And Administrative Expense": NaN,
        "Other Gand A": NaN,
        "Gross Profit": NaN,
        "Cost Of Revenue": NaN,
        "Total Revenue": NaN,
        "Operating Revenue": NaN
    },
    "2022-12-31": {
        "Tax Effect Of Unusual Items": NaN,
        "Tax Rate For Calcs": NaN,
        "Normalized EBITDA": NaN,
        "Total Unusual Items": NaN,
        "Total Unusual Items Excluding Goodwill": NaN,
        "Net Income From Continuing Operation Net Minority Interest": NaN,
        "Reconciled Depreciation": NaN,
        "Reconciled Cost Of Revenue": NaN,
        "EBITDA": NaN,
        "EBIT": NaN,
        "Net Interest Income": NaN,
        "Interest Expense": 577000.0,
        "Interest Income": NaN,
        "Normalized Income": NaN,
        "Net Income From Continuing And Discontinued Operation": NaN,
        "Total Expenses": NaN,
        "Total Operating Income As Reported": NaN,
        "Diluted Average Shares": NaN,
        "Basic Average Shares": NaN,
        "Diluted EPS": NaN,
        "Basic EPS": NaN,
        "Diluted NI Availto Com Stockholders": NaN,
        "Net Income Common Stockholders": NaN,
        "Net Income": NaN,
        "Net Income Including Noncontrolling Interests": NaN,
        "Net Income Continuous Operations": NaN,
        "Tax Provision": NaN,
        "Pretax Income": NaN,
        "Other Income Expense": NaN,
        "Other Non Operating Income Expenses": NaN,
        "Special Income Charges": NaN,
        "Restructuring And Mergern Acquisition": NaN,
        "Net Non Operating Interest Income Expense": NaN,
        "Total Other Finance Cost": NaN,
        "Interest Expense Non Operating": 577000.0,
        "Interest Income Non Operating": NaN,
        "Operating Income": NaN,
        "Operating Expense": NaN,
        "Research And Development": NaN,
        "Selling General And Administration": NaN,
        "Selling And Marketing Expense": NaN,
        "General And Administrative Expense": NaN,
        "Other Gand A": NaN,
        "Gross Profit": NaN,
        "Cost Of Revenue": NaN,
        "Total Revenue": NaN,
        "Operating Revenue": NaN
    },
    "2022-09-30": {
        "Tax Effect Of Unusual Items": NaN,
        "Tax Rate For Calcs": NaN,
        "Normalized EBITDA": NaN,
        "Total Unusual Items": NaN,
        "Total Unusual Items Excluding Goodwill": NaN,
        "Net Income From Continuing Operation Net Minority Interest": NaN,
        "Reconciled Depreciation": NaN,
        "Reconciled Cost Of Revenue": NaN,
        "EBITDA": NaN,
        "EBIT": NaN,
        "Net Interest Income": NaN,
        "Interest Expense": 450000.0,
        "Interest Income": NaN,
        "Normalized Income": NaN,
        "Net Income From Continuing And Discontinued Operation": NaN,
        "Total Expenses": NaN,
        "Total Operating Income As Reported": NaN,
        "Diluted Average Shares": NaN,
        "Basic Average Shares": NaN,
        "Diluted EPS": NaN,
        "Basic EPS": NaN,
        "Diluted NI Availto Com Stockholders": NaN,
        "Net Income Common Stockholders": NaN,
        "Net Income": NaN,
        "Net Income Including Noncontrolling Interests": NaN,
        "Net Income Continuous Operations": NaN,
        "Tax Provision": NaN,
        "Pretax Income": NaN,
        "Other Income Expense": NaN,
        "Other Non Operating Income Expenses": NaN,
        "Special Income Charges": NaN,
        "Restructuring And Mergern Acquisition": NaN,
        "Net Non Operating Interest Income Expense": NaN,
        "Total Other Finance Cost": 450000.0,
        "Interest Expense Non Operating": 450000.0,
        "Interest Income Non Operating": NaN,
        "Operating Income": NaN,
        "Operating Expense": NaN,
        "Research And Development": NaN,
        "Selling General And Administration": NaN,
        "Selling And Marketing Expense": NaN,
        "General And Administrative Expense": NaN,
        "Other Gand A": NaN,
        "Gross Profit": NaN,
        "Cost Of Revenue": NaN,
        "Total Revenue": NaN,
        "Operating Revenue": NaN
    },
    "2022-06-30": {
        "Tax Effect Of Unusual Items": 0.0,
        "Tax Rate For Calcs": 0.21,
        "Normalized EBITDA": -20905000.0,
        "Total Unusual Items": NaN,
        "Total Unusual Items Excluding Goodwill": NaN,
        "Net Income From Continuing Operation Net Minority Interest": -17826000.0,
        "Reconciled Depreciation": 1577000.0,
        "Reconciled Cost Of Revenue": 33418000.0,
        "EBITDA": -20905000.0,
        "EBIT": -22482000.0,
        "Net Interest Income": -84000.0,
        "Interest Expense": 84000.0,
        "Interest Income": NaN,
        "Normalized Income": -17826000.0,
        "Net Income From Continuing And Discontinued Operation": -17826000.0,
        "Total Expenses": 62673000.0,
        "Total Operating Income As Reported": -21373000.0,
        "Diluted Average Shares": 16500000.0,
        "Basic Average Shares": 16500000.0,
        "Diluted EPS": -1.08,
        "Basic EPS": -1.08,
        "Diluted NI Availto Com Stockholders": -17826000.0,
        "Net Income Common Stockholders": -17826000.0,
        "Net Income": -17826000.0,
        "Net Income Including Noncontrolling Interests": -17826000.0,
        "Net Income Continuous Operations": -17826000.0,
        "Tax Provision": -4740000.0,
        "Pretax Income": -22566000.0,
        "Other Income Expense": -1109000.0,
        "Other Non Operating Income Expenses": -1109000.0,
        "Special Income Charges": NaN,
        "Impairment Of Capital Assets": NaN,
        "Net Non Operating Interest Income Expense": -84000.0,
        "Total Other Finance Cost": NaN,
        "Interest Expense Non Operating": 84000.0,
        "Interest Income Non Operating": NaN,
        "Operating Income": -21373000.0,
        "Operating Expense": 29255000.0,
        "Research And Development": 5136000.0,
        "Selling General And Administration": 24119000.0,
        "Selling And Marketing Expense": 11587000.0,
        "General And Administrative Expense": 12532000.0,
        "Other Gand A": 12532000.0,
        "Gross Profit": 7882000.0,
        "Cost Of Revenue": 33418000.0,
        "Total Revenue": 41300000.0,
        "Operating Revenue": 41300000.0
    },
    "2022-03-31": {
        "Diluted EPS": -0.4,
        "Total Revenue": 47,
        "Gross Profit": 14,
        "Operating Income": -8,
        "EBIT": -7,
        "Net Income": -6
    },
    "2021-12-31": {
        "Diluted EPS": 0.25,
        "Total Revenue": 109,
        "Gross Profit": 36,
        "Operating Income": 6,
        "EBIT": 8,
        "Net Income": 5
    },
    "2021-09-30": {
        "Diluted EPS": 0.14,
        "Total Revenue": 85,
        "Gross Profit": 29,
        "Operating Income": 1,
        "EBIT": 3,
        "Net Income": 3
    },
    "2021-06-30": {
        "Diluted EPS": 0.09,
        "Total Revenue": 79,
        "Gross Profit": 29,
        "Operating Income": 0,
        "EBIT": 2,
        "Net Income": 2
    },
    "2021-03-31": {
        "Diluted EPS": 0.49,
        "Total Revenue": 93,
        "Gross Profit": 35,
        "Operating Income": 12,
        "EBIT": 13,
        "Net Income": 9
    },
    "2020-12-31": {
        "Diluted EPS": 1.07,
        "Total Revenue": 133,
        "Gross Profit": 48,
        "Operating Income": 20,
        "EBIT": 21,
        "Net Income": 16
    },
    "2020-09-30": {
        "Diluted EPS": 1.04,
        "Total Revenue": 112,
        "Gross Profit": 46,
        "Operating Income": 24,
        "EBIT": 26,
        "Net Income": 18
    },
    "2020-06-30": {
        "Diluted EPS": 0.51,
        "Total Revenue": 80,
        "Gross Profit": 29,
        "Operating Income": 10,
        "EBIT": 11,
        "Net Income": 8
    },
    "2020-03-31": {
        "Diluted EPS": -0.25,
        "Total Revenue": 35,
        "Gross Profit": 11,
        "Operating Income": -5,
        "EBIT": -4,
        "Net Income": -4
    },
    "2019-12-31": {
        "Diluted EPS": 1.33,
        "Total Revenue": 102,
        "Gross Profit": 36,
        "Operating Income": 13,
        "EBIT": 15,
        "Net Income": 20
    },
    "2019-09-30": {
        "Diluted EPS": -0.22,
        "Total Revenue": 47,
        "Gross Profit": 15,
        "Operating Income": -3,
        "EBIT": -1,
        "Net Income": -3
    },
    "2019-06-30": {
        "Diluted EPS": -0.16,
        "Total Revenue": 41,
        "Gross Profit": 13,
        "Operating Income": -2,
        "EBIT": -1,
        "Net Income": -2
    },
    "2019-03-31": {
        "Diluted EPS": 0.09,
        "Total Revenue": 45,
        "Gross Profit": 15,
        "Operating Income": 2,
        "EBIT": 3,
        "Net Income": 1
    },
    "2018-12-31": {
        "Diluted EPS": 1.84,
        "Total Revenue": 111,
        "Gross Profit": 43,
        "Operating Income": 25,
        "EBIT": 27,
        "Net Income": 25
    },
    "2018-09-30": {
        "Diluted EPS": 0.91,
        "Total Revenue": 74,
        "Gross Profit": 31,
        "Operating Income": 17,
        "EBIT": 18,
        "Net Income": 15
    },
    "2018-06-30": {
        "Diluted EPS": -0.17,
        "Total Revenue": 61,
        "Gross Profit": 20,
        "Operating Income": 8,
        "EBIT": 10,
        "Net Income": -2
    },
    "2018-03-31": {
        "Diluted EPS": 0.16,
        "Total Revenue": 41,
        "Gross Profit": 15,
        "Operating Income": 4,
        "EBIT": 5,
        "Net Income": 2
    },
    "2017-12-31": {
        "Diluted EPS": 1.16,
        "Total Revenue": 80,
        "Gross Profit": 30,
        "Operating Income": 16,
        "EBIT": 18,
        "Net Income": 14
    },
    "2017-09-30": {
        "Diluted EPS": -0.04,
        "Total Revenue": 36,
        "Gross Profit": 13,
        "Operating Income": 2,
        "EBIT": 3,
        "Net Income": 0
    },
    "2017-06-30": {
        "Diluted EPS": -0.57,
        "Total Revenue": 19,
        "Gross Profit": 6,
        "Operating Income": -5,
        "EBIT": -3,
        "Net Income": -7
    },
    "2017-03-31": {
        "Diluted EPS": -0.81,
        "Total Revenue": 14,
        "Gross Profit": 2,
        "Operating Income": -8,
        "EBIT": -7,
        "Net Income": -10
    },
    "2016-12-31": {
        "Diluted EPS": 0.94,
        "Total Revenue": 82,
        "Gross Profit": 30,
        "Operating Income": 15,
        "EBIT": 17,
        "Net Income": 12
    },
    "2016-09-30": {
        "Diluted EPS": -3.64,
        "Total Revenue": 38,
        "Gross Profit": 4,
        "Operating Income": -43,
        "EBIT": -39,
        "Net Income": -45
    },
    "2016-06-30": {
        "Diluted EPS": -3.44,
        "Total Revenue": 29,
        "Gross Profit": 5,
        "Operating Income": -40,
        "EBIT": -38,
        "Net Income": -43
    },
    "2016-03-31": {
        "Diluted EPS": -1.04,
        "Total Revenue": 24,
        "Gross Profit": 3,
        "Operating Income": -10,
        "EBIT": -7,
        "Net Income": -12
    },
    "2015-12-31": {
        "Diluted EPS": -4.4,
        "Total Revenue": 85,
        "Gross Profit": 25,
        "Operating Income": -44,
        "EBIT": -41,
        "Net Income": -47
    },
    "2015-09-30": {
        "Diluted EPS": -1.52,
        "Total Revenue": 36,
        "Gross Profit": 10,
        "Operating Income": -6,
        "EBIT": -4,
        "Net Income": -16
    },
    "2015-06-30": {
        "Diluted EPS": -0.92,
        "Total Revenue": 23,
        "Gross Profit": 3,
        "Operating Income": -13,
        "EBIT": -11,
        "Net Income": -10
    },
    "2015-03-31": {
        "Diluted EPS": -1.0,
        "Total Revenue": 20,
        "Gross Profit": 3,
        "Operating Income": -13,
        "EBIT": -11,
        "Net Income": -11
    },
    "2014-12-31": {
        "Diluted EPS": 0.24,
        "Total Revenue": 92,
        "Gross Profit": 26,
        "Operating Income": 7,
        "EBIT": 9,
        "Net Income": 2
    },
    "2014-09-30": {
        "Diluted EPS": -0.52,
        "Total Revenue": 33,
        "Gross Profit": 8,
        "Operating Income": -7,
        "EBIT": -6,
        "Net Income": -6
    },
    "2014-06-30": {
        "Diluted EPS": -0.92,
        "Total Revenue": 22,
        "Gross Profit": 5,
        "Operating Income": -9,
        "EBIT": -8,
        "Net Income": -9
    },
    "2014-03-31": {
        "Diluted EPS": -0.36,
        "Total Revenue": 38,
        "Gross Profit": 12,
        "Operating Income": -5,
        "EBIT": 0,
        "Net Income": -3
    },
    "2013-12-31": {
        "Diluted EPS": -1.56,
        "Total Revenue": 0,
        "Gross Profit": 0,
        "Operating Income": -3,
        "EBIT": -8,
        "Net Income": -3
    },
    "2013-09-30": {
        "Diluted EPS": -0.44,
        "Total Revenue": 38,
        "Gross Profit": 9,
        "Operating Income": -3,
        "EBIT": -1,
        "Net Income": -1
    },
    "2013-06-30": {
        "Diluted EPS": -1.04,
        "Total Revenue": 25,
        "Gross Profit": 6,
        "Operating Income": -6,
        "EBIT": -4,
        "Net Income": -3
    },
    "2013-03-31": {
        "Diluted EPS": -0.72,
        "Total Revenue": 30,
        "Gross Profit": 9,
        "Operating Income": 0,
        "EBIT": 1,
        "Net Income": -2
    },
    "2012-12-31": {
        "Diluted EPS": -0.8,
        "Total Revenue": 0,
        "Gross Profit": 0,
        "Operating Income": 0,
        "EBIT": 0,
        "Net Income": -1
    },
    "2012-09-30": {
        "Diluted EPS": 0.0,
        "Total Revenue": NaN,
        "Gross Profit": NaN,
        "Operating Income": NaN,
        "EBIT": NaN,
        "Net Income": NaN
    },
    "2012-06-30": {
        "Diluted EPS": -1.08,
        "Total Revenue": 0,
        "Gross Profit": 0,
        "Operating Income": -2,
        "EBIT": -2,
        "Net Income": -2
    },
    "2012-03-31": {
        "Diluted EPS": -0.88,
        "Total Revenue": 0,
        "Gross Profit": 0,
        "Operating Income": -1,
        "EBIT": -1,
        "Net Income": -1
    },
    "2011-12-31": {
        "Diluted EPS": -0.56,
        "Total Revenue": 0,
        "Gross Profit": 0,
        "Operating Income": 0,
        "EBIT": 0,
        "Net Income": -1
    },
    "2011-09-30": {
        "Diluted EPS": 0.0,
        "Total Revenue": NaN,
        "Gross Profit": NaN,
        "Operating Income": NaN,
        "EBIT": NaN,
        "Net Income": NaN
    },
    "2011-06-30": {
        "Diluted EPS": -0.56,
        "Total Revenue": 0,
        "Gross Profit": 0,
        "Operating Income": 0,
        "EBIT": 0,
        "Net Income": 0
    },
    "2011-03-31": {
        "Diluted EPS": -0.48,
        "Total Revenue": NaN,
        "Gross Profit": NaN,
        "Operating Income": 0,
        "EBIT": 0,
        "Net Income": 0
    },
    "2010-12-31": {
        "Diluted EPS": -0.08,
        "Total Revenue": NaN,
        "Gross Profit": NaN,
        "Operating Income": 0,
        "EBIT": 0,
        "Net Income": 0
    },
    "2010-09-30": {
        "Diluted EPS": -0.2,
        "Total Revenue": 1,
        "Gross Profit": 1,
        "Operating Income": 1,
        "EBIT": 1,
        "Net Income": -1
    },
    "2010-06-30": {
        "Diluted EPS": 0.0,
        "Total Revenue": 0,
        "Gross Profit": 0,
        "Operating Income": 0,
        "EBIT": 0,
        "Net Income": 0
    },
    "2010-03-31": {
        "Diluted EPS": -0.04,
        "Total Revenue": 0,
        "Gross Profit": 0,
        "Operating Income": 0,
        "EBIT": 0,
        "Net Income": 0
    },
    "2009-12-31": {
        "Diluted EPS": 0.0,
        "Total Revenue": 0,
        "Gross Profit": 0,
        "Operating Income": 0,
        "EBIT": 0,
        "Net Income": 0
    },
    "2009-09-30": {
        "Diluted EPS": 0.0,
        "Total Revenue": NaN,
        "Gross Profit": NaN,
        "Operating Income": NaN,
        "EBIT": NaN,
        "Net Income": NaN
    },
    "2023-06-30": {
        "Tax Effect Of Unusual Items": NaN,
        "Tax Rate For Calcs": NaN,
        "Normalized EBITDA": NaN,
        "Total Unusual Items": 0.0,
        "Total Unusual Items Excluding Goodwill": 0.0,
        "Net Income From Continuing Operation Net Minority Interest": NaN,
        "Reconciled Depreciation": NaN,
        "Reconciled Cost Of Revenue": NaN,
        "EBITDA": NaN,
        "EBIT": NaN,
        "Net Interest Income": NaN,
        "Interest Expense": NaN,
        "Interest Income": 17000.0,
        "Normalized Income": NaN,
        "Net Income From Continuing And Discontinued Operation": NaN,
        "Total Expenses": NaN,
        "Total Operating Income As Reported": NaN,
        "Diluted Average Shares": 17156000.0,
        "Basic Average Shares": 17156000.0,
        "Diluted EPS": -0.93,
        "Basic EPS": -0.93,
        "Diluted NI Availto Com Stockholders": NaN,
        "Net Income Common Stockholders": NaN,
        "Net Income": NaN,
        "Net Income Including Noncontrolling Interests": NaN,
        "Net Income Continuous Operations": NaN,
        "Tax Provision": NaN,
        "Pretax Income": NaN,
        "Other Income Expense": NaN,
        "Other Non Operating Income Expenses": NaN,
        "Special Income Charges": 0.0,
        "Restructuring And Mergern Acquisition": 0.0,
        "Net Non Operating Interest Income Expense": NaN,
        "Total Other Finance Cost": -17000.0,
        "Interest Expense Non Operating": NaN,
        "Interest Income Non Operating": 17000.0,
        "Operating Income": NaN,
        "Operating Expense": NaN,
        "Research And Development": NaN,
        "Selling General And Administration": NaN,
        "Selling And Marketing Expense": NaN,
        "General And Administrative Expense": NaN,
        "Other Gand A": NaN,
        "Gross Profit": NaN,
        "Cost Of Revenue": NaN,
        "Total Revenue": NaN,
        "Operating Revenue": NaN
    },
    "2023-09-30": {
        "Tax Effect Of Unusual Items": 0.0,
        "Tax Rate For Calcs": 0.21,
        "Normalized EBITDA": -1786000.0,
        "Total Unusual Items": 0.0,
        "Total Unusual Items Excluding Goodwill": 0.0,
        "Net Income From Continuing Operation Net Minority Interest": -3606000.0,
        "Reconciled Depreciation": 1212000.0,
        "Reconciled Cost Of Revenue": 41469000.0,
        "EBITDA": -1786000.0,
        "EBIT": -2998000.0,
        "Net Interest Income": -107000.0,
        "Interest Expense": 107000.0,
        "Interest Income": NaN,
        "Normalized Income": -3606000.0,
        "Net Income From Continuing And Discontinued Operation": -3606000.0,
        "Total Expenses": 61675000.0,
        "Total Operating Income As Reported": -2517000.0,
        "Diluted Average Shares": 17345000.0,
        "Basic Average Shares": 17345000.0,
        "Diluted EPS": -0.21,
        "Basic EPS": -0.21,
        "Diluted NI Availto Com Stockholders": -3606000.0,
        "Net Income Common Stockholders": -3606000.0,
        "Net Income": -3606000.0,
        "Net Income Including Noncontrolling Interests": -3606000.0,
        "Net Income Continuous Operations": -3606000.0,
        "Tax Provision": 501000.0,
        "Pretax Income": -3105000.0,
        "Other Income Expense": -481000.0,
        "Other Non Operating Income Expenses": -481000.0,
        "Special Income Charges": 0.0,
        "Restructuring And Mergern Acquisition": 0.0,
        "Net Non Operating Interest Income Expense": -107000.0,
        "Total Other Finance Cost": 107000.0,
        "Interest Expense Non Operating": 107000.0,
        "Interest Income Non Operating": NaN,
        "Operating Income": -2517000.0,
        "Operating Expense": 20206000.0,
        "Research And Development": 4380000.0,
        "Selling General And Administration": 15826000.0,
        "Selling And Marketing Expense": 10583000.0,
        "General And Administrative Expense": 5243000.0,
        "Other Gand A": 5243000.0,
        "Gross Profit": 17689000.0,
        "Cost Of Revenue": 41469000.0,
        "Total Revenue": 59158000.0,
        "Operating Revenue": 59158000.0
    },
    "2023-12-31": {
        "Tax Effect Of Unusual Items": 0.0,
        "Tax Rate For Calcs": 0.21,
        "Normalized EBITDA": 9131000.0,
        "Total Unusual Items": NaN,
        "Total Unusual Items Excluding Goodwill": NaN,
        "Net Income From Continuing Operation Net Minority Interest": 8552000.0,
        "Reconciled Depreciation": 1166000.0,
        "Reconciled Cost Of Revenue": 67734000.0,
        "EBITDA": 9131000.0,
        "EBIT": 7965000.0,
        "Net Interest Income": -251000.0,
        "Interest Expense": NaN,
        "Interest Income": NaN,
        "Normalized Income": 8552000.0,
        "Net Income From Continuing And Discontinued Operation": 8552000.0,
        "Total Expenses": 91179000.0,
        "Total Operating Income As Reported": 8359000.0,
        "Diluted Average Shares": NaN,
        "Basic Average Shares": NaN,
        "Diluted EPS": NaN,
        "Basic EPS": NaN,
        "Diluted NI Availto Com Stockholders": 8552000.0,
        "Net Income Common Stockholders": 8552000.0,
        "Net Income": 8552000.0,
        "Net Income Including Noncontrolling Interests": 8552000.0,
        "Net Income Continuous Operations": 8552000.0,
        "Tax Provision": -39000.0,
        "Pretax Income": 8513000.0,
        "Other Income Expense": 405000.0,
        "Other Non Operating Income Expenses": 405000.0,
        "Special Income Charges": NaN,
        "Restructuring And Mergern Acquisition": NaN,
        "Net Non Operating Interest Income Expense": -251000.0,
        "Total Other Finance Cost": NaN,
        "Interest Expense Non Operating": NaN,
        "Interest Income Non Operating": NaN,
        "Operating Income": 8359000.0,
        "Operating Expense": 23445000.0,
        "Research And Development": 4467000.0,
        "Selling General And Administration": 18978000.0,
        "Selling And Marketing Expense": 13032000.0,
        "General And Administrative Expense": 5946000.0,
        "Other Gand A": 5946000.0,
        "Gross Profit": 31804000.0,
        "Cost Of Revenue": 67734000.0,
        "Total Revenue": 99538000.0,
        "Operating Revenue": 99538000.0
    },
    "2024-03-31": {
        "Tax Effect Of Unusual Items": -1031100.0,
        "Tax Rate For Calcs": 0.21,
        "Normalized EBITDA": 303000.0,
        "Total Unusual Items": -4910000.0,
        "Total Unusual Items Excluding Goodwill": -4910000.0,
        "Net Income From Continuing Operation Net Minority Interest": 155000.0,
        "Reconciled Depreciation": 1476000.0,
        "Reconciled Cost Of Revenue": 38062000.0,
        "EBITDA": -4607000.0,
        "EBIT": -6083000.0,
        "Net Interest Income": -150000.0,
        "Interest Expense": 150000.0,
        "Interest Income": NaN,
        "Normalized Income": 4033900.0,
        "Net Income From Continuing And Discontinued Operation": 155000.0,
        "Total Expenses": 56651000.0,
        "Total Operating Income As Reported": -5713000.0,
        "Diluted Average Shares": 19389000.0,
        "Basic Average Shares": 18321000.0,
        "Diluted EPS": 0.01,
        "Basic EPS": 0.01,
        "Diluted NI Availto Com Stockholders": 155000.0,
        "Net Income Common Stockholders": 155000.0,
        "Net Income": 155000.0,
        "Net Income Including Noncontrolling Interests": 155000.0,
        "Net Income Continuous Operations": 155000.0,
        "Tax Provision": -6388000.0,
        "Pretax Income": -6233000.0,
        "Other Income Expense": -5280000.0,
        "Other Non Operating Income Expenses": -370000.0,
        "Special Income Charges": -4910000.0,
        "Restructuring And Mergern Acquisition": 4910000.0,
        "Net Non Operating Interest Income Expense": -150000.0,
        "Total Other Finance Cost": NaN,
        "Interest Expense Non Operating": 150000.0,
        "Interest Income Non Operating": NaN,
        "Operating Income": -803000.0,
        "Operating Expense": 18589000.0,
        "Research And Development": 3902000.0,
        "Selling General And Administration": 14687000.0,
        "Selling And Marketing Expense": 9013000.0,
        "General And Administrative Expense": 5674000.0,
        "Other Gand A": 5674000.0,
        "Gross Profit": 17786000.0,
        "Cost Of Revenue": 38062000.0,
        "Total Revenue": 55848000.0,
        "Operating Revenue": 55848000.0
    },
    "2024-06-30": {
        "Tax Effect Of Unusual Items": -292740.0,
        "Tax Rate For Calcs": 0.21,
        "Normalized EBITDA": 1983000.0,
        "Total Unusual Items": -1394000.0,
        "Total Unusual Items Excluding Goodwill": -1394000.0,
        "Net Income From Continuing Operation Net Minority Interest": -7524000.0,
        "Reconciled Depreciation": 3306000.0,
        "Reconciled Cost Of Revenue": 53402000.0,
        "EBITDA": 589000.0,
        "EBIT": -2717000.0,
        "Net Interest Income": -2220000.0,
        "Interest Expense": NaN,
        "Interest Income": NaN,
        "Normalized Income": -6422740.0,
        "Net Income From Continuing And Discontinued Operation": -7524000.0,
        "Total Expenses": 79195000.0,
        "Total Operating Income As Reported": -4111000.0,
        "Diluted Average Shares": 21252000.0,
        "Basic Average Shares": 21252000.0,
        "Diluted EPS": -0.35,
        "Basic EPS": -0.35,
        "Diluted NI Availto Com Stockholders": -7524000.0,
        "Net Income Common Stockholders": -7524000.0,
        "Net Income": -7524000.0,
        "Net Income Including Noncontrolling Interests": -7524000.0,
        "Net Income Continuous Operations": -7524000.0,
        "Tax Provision": 841000.0,
        "Pretax Income": -6683000.0,
        "Other Income Expense": -1746000.0,
        "Other Non Operating Income Expenses": -352000.0,
        "Special Income Charges": -1394000.0,
        "Restructuring And Mergern Acquisition": 1394000.0,
        "Net Non Operating Interest Income Expense": -2220000.0,
        "Total Other Finance Cost": 2220000.0,
        "Interest Expense Non Operating": NaN,
        "Interest Income Non Operating": NaN,
        "Operating Income": -2717000.0,
        "Operating Expense": 25793000.0,
        "Research And Development": 4589000.0,
        "Selling General And Administration": 21204000.0,
        "Selling And Marketing Expense": 13741000.0,
        "General And Administrative Expense": 7463000.0,
        "Other Gand A": 7463000.0,
        "Gross Profit": 23076000.0,
        "Cost Of Revenue": 53402000.0,
        "Total Revenue": 76478000.0,
        "Operating Revenue": 76478000.0
    },
    "2024-09-30": {
        "Tax Effect Of Unusual Items": -45630.0,
        "Tax Rate For Calcs": 0.013,
        "Normalized EBITDA": 13003000.0,
        "Total Unusual Items": -3510000.0,
        "Total Unusual Items Excluding Goodwill": -3510000.0,
        "Net Income From Continuing Operation Net Minority Interest": 3413000.0,
        "Reconciled Depreciation": 3322000.0,
        "Reconciled Cost Of Revenue": 60232000.0,
        "EBITDA": 9493000.0,
        "EBIT": 6171000.0,
        "Net Interest Income": -2712000.0,
        "Interest Expense": 2712000.0,
        "Interest Income": NaN,
        "Normalized Income": 6877370.0,
        "Net Income From Continuing And Discontinued Operation": 3413000.0,
        "Total Expenses": 84430000.0,
        "Total Operating Income As Reported": 6423000.0,
        "Diluted Average Shares": 21501000.0,
        "Basic Average Shares": 20553000.0,
        "Diluted EPS": 0.16,
        "Basic EPS": 0.17,
        "Diluted NI Availto Com Stockholders": 3413000.0,
        "Net Income Common Stockholders": 3413000.0,
        "Net Income": 3413000.0,
        "Net Income Including Noncontrolling Interests": 3413000.0,
        "Net Income Continuous Operations": 3413000.0,
        "Tax Provision": 46000.0,
        "Pretax Income": 3459000.0,
        "Other Income Expense": -3762000.0,
        "Other Non Operating Income Expenses": -252000.0,
        "Special Income Charges": -3510000.0,
        "Restructuring And Mergern Acquisition": 3510000.0,
        "Net Non Operating Interest Income Expense": -2712000.0,
        "Total Other Finance Cost": NaN,
        "Interest Expense Non Operating": 2712000.0,
        "Interest Income Non Operating": NaN,
        "Operating Income": 9933000.0,
        "Operating Expense": 24198000.0,
        "Research And Development": 4311000.0,
        "Selling General And Administration": 19887000.0,
        "Selling And Marketing Expense": 13535000.0,
        "General And Administrative Expense": 6352000.0,
        "Other Gand A": 6352000.0,
        "Gross Profit": 34131000.0,
        "Cost Of Revenue": 60232000.0,
        "Total Revenue": 94363000.0,
        "Operating Revenue": 94363000.0
    }
}