{
    "2023-05-31": {
        "Tax Effect Of Unusual Items": NaN,
        "Tax Rate For Calcs": NaN,
        "Normalized EBITDA": NaN,
        "Total Unusual Items": NaN,
        "Total Unusual Items Excluding Goodwill": NaN,
        "Net Income From Continuing Operation Net Minority Interest": NaN,
        "Reconciled Depreciation": NaN,
        "Reconciled Cost Of Revenue": NaN,
        "EBITDA": NaN,
        "EBIT": NaN,
        "Net Interest Income": NaN,
        "Interest Expense": NaN,
        "Normalized Income": NaN,
        "Net Income From Continuing And Discontinued Operation": NaN,
        "Total Expenses": NaN,
        "Total Operating Income As Reported": NaN,
        "Diluted Average Shares": 24134000.0,
        "Basic Average Shares": 24096946.0,
        "Diluted EPS": 0.93709,
        "Basic EPS": 0.93709,
        "Diluted NI Availto Com Stockholders": NaN,
        "Net Income Common Stockholders": NaN,
        "Net Income": NaN,
        "Net Income Including Noncontrolling Interests": NaN,
        "Net Income Continuous Operations": NaN,
        "Tax Provision": NaN,
        "Pretax Income": NaN,
        "Other Income Expense": NaN,
        "Other Non Operating Income Expenses": NaN,
        "Special Income Charges": NaN,
        "Restructuring And Mergern Acquisition": NaN,
        "Net Non Operating Interest Income Expense": NaN,
        "Interest Expense Non Operating": NaN,
        "Operating Income": NaN,
        "Operating Expense": NaN,
        "Selling General And Administration": NaN,
        "Gross Profit": NaN,
        "Cost Of Revenue": NaN,
        "Total Revenue": NaN,
        "Operating Revenue": NaN
    },
    "2023-02-28": {
        "Tax Effect Of Unusual Items": NaN,
        "Tax Rate For Calcs": NaN,
        "Normalized EBITDA": NaN,
        "Total Unusual Items": NaN,
        "Total Unusual Items Excluding Goodwill": NaN,
        "Net Income From Continuing Operation Net Minority Interest": NaN,
        "Reconciled Depreciation": NaN,
        "Reconciled Cost Of Revenue": NaN,
        "EBITDA": NaN,
        "EBIT": NaN,
        "Net Interest Income": NaN,
        "Interest Expense": NaN,
        "Normalized Income": NaN,
        "Net Income From Continuing And Discontinued Operation": NaN,
        "Total Expenses": NaN,
        "Total Operating Income As Reported": NaN,
        "Diluted Average Shares": 24103000.0,
        "Basic Average Shares": 23994405.0,
        "Diluted EPS": 1.5,
        "Basic EPS": 1.507852,
        "Diluted NI Availto Com Stockholders": NaN,
        "Net Income Common Stockholders": NaN,
        "Net Income": NaN,
        "Net Income Including Noncontrolling Interests": NaN,
        "Net Income Continuous Operations": NaN,
        "Tax Provision": NaN,
        "Pretax Income": NaN,
        "Other Income Expense": NaN,
        "Other Non Operating Income Expenses": NaN,
        "Special Income Charges": NaN,
        "Restructuring And Mergern Acquisition": NaN,
        "Net Non Operating Interest Income Expense": NaN,
        "Interest Expense Non Operating": NaN,
        "Operating Income": NaN,
        "Operating Expense": NaN,
        "Selling General And Administration": NaN,
        "Gross Profit": NaN,
        "Cost Of Revenue": NaN,
        "Total Revenue": NaN,
        "Operating Revenue": NaN
    },
    "2022-11-30": {
        "Tax Effect Of Unusual Items": NaN,
        "Tax Rate For Calcs": NaN,
        "Normalized EBITDA": NaN,
        "Total Unusual Items": NaN,
        "Total Unusual Items Excluding Goodwill": NaN,
        "Net Income From Continuing Operation Net Minority Interest": NaN,
        "Reconciled Depreciation": NaN,
        "Reconciled Cost Of Revenue": NaN,
        "EBITDA": NaN,
        "EBIT": NaN,
        "Net Interest Income": NaN,
        "Interest Expense": NaN,
        "Normalized Income": NaN,
        "Net Income From Continuing And Discontinued Operation": NaN,
        "Total Expenses": NaN,
        "Total Operating Income As Reported": NaN,
        "Diluted Average Shares": 24078000.0,
        "Basic Average Shares": 23991000.0,
        "Diluted EPS": 2.15,
        "Basic EPS": 2.16,
        "Diluted NI Availto Com Stockholders": NaN,
        "Net Income Common Stockholders": NaN,
        "Net Income": NaN,
        "Net Income Including Noncontrolling Interests": NaN,
        "Net Income Continuous Operations": NaN,
        "Tax Provision": NaN,
        "Pretax Income": NaN,
        "Other Income Expense": NaN,
        "Other Non Operating Income Expenses": NaN,
        "Special Income Charges": NaN,
        "Restructuring And Mergern Acquisition": NaN,
        "Net Non Operating Interest Income Expense": NaN,
        "Interest Expense Non Operating": NaN,
        "Operating Income": NaN,
        "Operating Expense": NaN,
        "Selling General And Administration": NaN,
        "Gross Profit": NaN,
        "Cost Of Revenue": NaN,
        "Total Revenue": NaN,
        "Operating Revenue": NaN
    },
    "2022-08-31": {
        "Tax Effect Of Unusual Items": -912216.0,
        "Tax Rate For Calcs": 0.191,
        "Normalized EBITDA": 62954000.0,
        "Total Unusual Items": -4776000.0,
        "Total Unusual Items Excluding Goodwill": -4776000.0,
        "Net Income From Continuing Operation Net Minority Interest": 30672000.0,
        "Reconciled Depreciation": 11119000.0,
        "Reconciled Cost Of Revenue": 299954000.0,
        "EBITDA": 58178000.0,
        "EBIT": 47059000.0,
        "Net Interest Income": -9166000.0,
        "Interest Expense": 9166000.0,
        "Normalized Income": 34535784.0,
        "Net Income From Continuing And Discontinued Operation": 30672000.0,
        "Total Expenses": 469678000.0,
        "Total Operating Income As Reported": 46946000.0,
        "Diluted Average Shares": 24056000.0,
        "Basic Average Shares": 23969000.0,
        "Diluted EPS": 1.28,
        "Basic EPS": 1.28,
        "Diluted NI Availto Com Stockholders": 30672000.0,
        "Net Income Common Stockholders": 30672000.0,
        "Net Income": 30672000.0,
        "Net Income Including Noncontrolling Interests": 30672000.0,
        "Net Income Continuous Operations": 30672000.0,
        "Tax Provision": 7221000.0,
        "Pretax Income": 37893000.0,
        "Other Income Expense": -4663000.0,
        "Other Non Operating Income Expenses": 113000.0,
        "Special Income Charges": -4776000.0,
        "Restructuring And Mergern Acquisition": 4776000.0,
        "Net Non Operating Interest Income Expense": -9166000.0,
        "Interest Expense Non Operating": 9166000.0,
        "Operating Income": 51722000.0,
        "Operating Expense": 169724000.0,
        "Selling General And Administration": 169724000.0,
        "Gross Profit": 221446000.0,
        "Cost Of Revenue": 299954000.0,
        "Total Revenue": 521400000.0,
        "Operating Revenue": 521400000.0
    },
    "2022-05-31": {
        "Tax Effect Of Unusual Items": -340.0,
        "Tax Rate For Calcs": 0.17,
        "Normalized EBITDA": 44506000.0,
        "Total Unusual Items": -2000.0,
        "Total Unusual Items Excluding Goodwill": -2000.0,
        "Net Income From Continuing Operation Net Minority Interest": 24595000.0,
        "Reconciled Depreciation": 10498000.0,
        "Reconciled Cost Of Revenue": 296907000.0,
        "EBIT": 34006000.0,
        "Net Interest Income": -4373000.0,
        "Interest Expense": 4373000.0,
        "Normalized Income": 24596660.0,
        "Net Income From Continuing And Discontinued Operation": 24595000.0,
        "Total Expenses": 474137000.0,
        "Total Operating Income As Reported": 33939000.0,
        "Diluted Average Shares": 24122000.0,
        "Basic Average Shares": 23865000.0,
        "Diluted EPS": 1.02,
        "Basic EPS": 1.03,
        "Diluted NI Availto Com Stockholders": 24595000.0,
        "Net Income Common Stockholders": 24595000.0,
        "Net Income": 24595000.0,
        "Net Income Including Noncontrolling Interests": 24595000.0,
        "Net Income Continuous Operations": 24595000.0,
        "Tax Provision": 5038000.0,
        "Pretax Income": 29633000.0,
        "Other Income Expense": 65000.0,
        "Other Non Operating Income Expenses": 67000.0,
        "Special Income Charges": -2000.0,
        "Restructuring And Mergern Acquisition": 2000.0,
        "Net Non Operating Interest Income Expense": -4373000.0,
        "Interest Expense Non Operating": 4373000.0,
        "Operating Income": 33941000.0,
        "Operating Expense": 177230000.0,
        "Selling General And Administration": 177230000.0,
        "Gross Profit": 211171000.0,
        "Cost Of Revenue": 296907000.0,
        "Total Revenue": 508078000.0,
        "Operating Revenue": 508078000.0
    },
    "2022-02-28": {
        "Diluted EPS": 1.65,
        "Total Revenue": 582,
        "Gross Profit": 248,
        "Operating Income": 50,
        "EBIT": 60,
        "Net Income": 40
    },
    "2021-11-30": {
        "Diluted EPS": 3.1,
        "Total Revenue": 625,
        "Gross Profit": 274,
        "Operating Income": 90,
        "EBIT": 99,
        "Net Income": 76
    },
    "2021-08-31": {
        "Diluted EPS": 2.11,
        "Total Revenue": 475,
        "Gross Profit": 211,
        "Operating Income": 67,
        "EBIT": 76,
        "Net Income": 51
    },
    "2021-05-31": {
        "Diluted EPS": 2.31,
        "Total Revenue": 541,
        "Gross Profit": 221,
        "Operating Income": 65,
        "EBIT": 74,
        "Net Income": 57
    },
    "2021-02-28": {
        "Diluted EPS": 0.94,
        "Total Revenue": 509,
        "Gross Profit": 230,
        "Operating Income": 25,
        "EBIT": 34,
        "Net Income": 22
    },
    "2020-11-30": {
        "Diluted EPS": 3.34,
        "Total Revenue": 638,
        "Gross Profit": 287,
        "Operating Income": 101,
        "EBIT": 110,
        "Net Income": 84
    },
    "2020-08-31": {
        "Diluted EPS": 3.43,
        "Total Revenue": 531,
        "Gross Profit": 230,
        "Operating Income": 99,
        "EBIT": 109,
        "Net Income": 87
    },
    "2020-05-31": {
        "Diluted EPS": 2.37,
        "Total Revenue": 421,
        "Gross Profit": 179,
        "Operating Income": 57,
        "EBIT": 66,
        "Net Income": 60
    },
    "2020-02-29": {
        "Diluted EPS": -0.13,
        "Total Revenue": 442,
        "Gross Profit": 193,
        "Operating Income": -3,
        "EBIT": NaN,
        "Net Income": -3
    },
    "2019-11-30": {
        "Diluted EPS": 2.71,
        "Total Revenue": 475,
        "Gross Profit": 210,
        "Operating Income": 79,
        "EBIT": 88,
        "Net Income": 69
    },
    "2019-08-31": {
        "Diluted EPS": 1.83,
        "Total Revenue": 414,
        "Gross Profit": 178,
        "Operating Income": 55,
        "EBIT": 63,
        "Net Income": 46
    },
    "2019-05-31": {
        "Diluted EPS": 1.61,
        "Total Revenue": 376,
        "Gross Profit": 154,
        "Operating Income": 47,
        "EBIT": 55,
        "Net Income": 41
    },
    "2019-02-28": {
        "Diluted EPS": 1.45,
        "Total Revenue": 385,
        "Gross Profit": 158,
        "Operating Income": 44,
        "EBIT": 52,
        "Net Income": 37
    },
    "2018-11-30": {
        "Diluted EPS": 1.88,
        "Total Revenue": 431,
        "Gross Profit": 182,
        "Operating Income": 61,
        "EBIT": 69,
        "Net Income": 49
    },
    "2018-08-31": {
        "Diluted EPS": 1.66,
        "Total Revenue": 394,
        "Gross Profit": 155,
        "Operating Income": 51,
        "EBIT": 58,
        "Net Income": 44
    },
    "2018-05-31": {
        "Diluted EPS": 1.42,
        "Total Revenue": 355,
        "Gross Profit": 147,
        "Operating Income": 43,
        "EBIT": 52,
        "Net Income": 38
    },
    "2018-02-28": {
        "Diluted EPS": 2.2,
        "Total Revenue": 388,
        "Gross Profit": 158,
        "Operating Income": 31,
        "EBIT": 40,
        "Net Income": 60
    },
    "2017-11-30": {
        "Diluted EPS": -1.12,
        "Total Revenue": 421,
        "Gross Profit": 178,
        "Operating Income": 67,
        "EBIT": 76,
        "Net Income": -30
    },
    "2017-08-31": {
        "Diluted EPS": 0.33,
        "Total Revenue": 345,
        "Gross Profit": 143,
        "Operating Income": 40,
        "EBIT": 48,
        "Net Income": 9
    },
    "2017-05-31": {
        "Diluted EPS": 0.22,
        "Total Revenue": 325,
        "Gross Profit": 132,
        "Operating Income": 31,
        "EBIT": 39,
        "Net Income": 6
    },
    "2017-02-28": {
        "Diluted EPS": 1.29,
        "Total Revenue": 237,
        "Gross Profit": 64,
        "Operating Income": 46,
        "EBIT": 49,
        "Net Income": 36
    },
    "2016-11-30": {
        "Diluted EPS": 2.07,
        "Total Revenue": 444,
        "Gross Profit": 194,
        "Operating Income": 63,
        "EBIT": 75,
        "Net Income": 58
    },
    "2016-08-31": {
        "Diluted EPS": 1.0,
        "Total Revenue": 368,
        "Gross Profit": 163,
        "Operating Income": 37,
        "EBIT": 49,
        "Net Income": 28
    },
    "2016-05-31": {
        "Diluted EPS": 0.68,
        "Total Revenue": 348,
        "Gross Profit": 152,
        "Operating Income": 23,
        "EBIT": 34,
        "Net Income": 19
    },
    "2016-02-29": {
        "Diluted EPS": 0.35,
        "Total Revenue": 233,
        "Gross Profit": 52,
        "Operating Income": 2,
        "EBIT": 4,
        "Net Income": 10
    },
    "2015-11-30": {
        "Diluted EPS": 1.63,
        "Total Revenue": 446,
        "Gross Profit": 183,
        "Operating Income": 56,
        "EBIT": 67,
        "Net Income": 47
    },
    "2015-08-31": {
        "Diluted EPS": 0.84,
        "Total Revenue": 369,
        "Gross Profit": 148,
        "Operating Income": 32,
        "EBIT": 44,
        "Net Income": 24
    },
    "2015-05-31": {
        "Diluted EPS": 0.7,
        "Total Revenue": 345,
        "Gross Profit": 143,
        "Operating Income": 27,
        "EBIT": 37,
        "Net Income": 20
    },
    "2015-02-28": {
        "Diluted EPS": 1.4,
        "Total Revenue": 378,
        "Gross Profit": 165,
        "Operating Income": 49,
        "EBIT": 60,
        "Net Income": 41
    },
    "2014-11-30": {
        "Diluted EPS": 1.92,
        "Total Revenue": 436,
        "Gross Profit": 181,
        "Operating Income": 65,
        "EBIT": 76,
        "Net Income": 55
    },
    "2014-08-31": {
        "Diluted EPS": 0.65,
        "Total Revenue": 320,
        "Gross Profit": 134,
        "Operating Income": 25,
        "EBIT": 35,
        "Net Income": 19
    },
    "2014-05-31": {
        "Diluted EPS": 0.55,
        "Total Revenue": 312,
        "Gross Profit": 120,
        "Operating Income": 23,
        "EBIT": 32,
        "Net Income": 16
    },
    "2014-02-28": {
        "Diluted EPS": 0.33,
        "Total Revenue": 313,
        "Gross Profit": 126,
        "Operating Income": 17,
        "EBIT": 26,
        "Net Income": 11
    },
    "2013-11-30": {
        "Diluted EPS": 1.16,
        "Total Revenue": 381,
        "Gross Profit": 148,
        "Operating Income": 49,
        "EBIT": 58,
        "Net Income": 38
    },
    "2013-08-31": {
        "Diluted EPS": 0.72,
        "Total Revenue": 319,
        "Gross Profit": 123,
        "Operating Income": 30,
        "EBIT": 39,
        "Net Income": 23
    },
    "2013-05-31": {
        "Diluted EPS": 0.45,
        "Total Revenue": 305,
        "Gross Profit": 120,
        "Operating Income": 21,
        "EBIT": 29,
        "Net Income": 14
    },
    "2013-02-28": {
        "Diluted EPS": 0.98,
        "Total Revenue": 326,
        "Gross Profit": 132,
        "Operating Income": 40,
        "EBIT": 48,
        "Net Income": 32
    },
    "2012-11-30": {
        "Diluted EPS": 1.18,
        "Total Revenue": 375,
        "Gross Profit": 148,
        "Operating Income": 47,
        "EBIT": 56,
        "Net Income": 38
    },
    "2012-08-31": {
        "Diluted EPS": 0.72,
        "Total Revenue": 287,
        "Gross Profit": 117,
        "Operating Income": 31,
        "EBIT": 40,
        "Net Income": 23
    },
    "2012-05-31": {
        "Diluted EPS": 0.74,
        "Total Revenue": 300,
        "Gross Profit": 121,
        "Operating Income": 31,
        "EBIT": 40,
        "Net Income": 23
    },
    "2012-02-29": {
        "Diluted EPS": 0.92,
        "Total Revenue": 294,
        "Gross Profit": 123,
        "Operating Income": 37,
        "EBIT": 46,
        "Net Income": 29
    },
    "2011-11-30": {
        "Diluted EPS": 1.04,
        "Total Revenue": 339,
        "Gross Profit": 133,
        "Operating Income": 42,
        "EBIT": 49,
        "Net Income": 33
    },
    "2011-08-31": {
        "Diluted EPS": 0.74,
        "Total Revenue": 277,
        "Gross Profit": 112,
        "Operating Income": 30,
        "EBIT": 37,
        "Net Income": 24
    },
    "2011-05-31": {
        "Diluted EPS": 0.78,
        "Total Revenue": 271,
        "Gross Profit": 110,
        "Operating Income": 31,
        "EBIT": 38,
        "Net Income": 25
    },
    "2011-02-28": {
        "Diluted EPS": 0.78,
        "Total Revenue": 237,
        "Gross Profit": 104,
        "Operating Income": 30,
        "EBIT": 36,
        "Net Income": 24
    },
    "2010-11-30": {
        "Diluted EPS": 0.86,
        "Total Revenue": 205,
        "Gross Profit": 93,
        "Operating Income": 32,
        "EBIT": 36,
        "Net Income": 27
    },
    "2010-08-31": {
        "Diluted EPS": 0.75,
        "Total Revenue": 175,
        "Gross Profit": 80,
        "Operating Income": 28,
        "EBIT": 32,
        "Net Income": 23
    },
    "2010-05-31": {
        "Diluted EPS": 0.59,
        "Total Revenue": 160,
        "Gross Profit": 72,
        "Operating Income": 23,
        "EBIT": 27,
        "Net Income": 18
    },
    "2010-02-28": {
        "Diluted EPS": 0.54,
        "Total Revenue": 152,
        "Gross Profit": 68,
        "Operating Income": 21,
        "EBIT": 24,
        "Net Income": 17
    },
    "2009-11-30": {
        "Diluted EPS": 0.8,
        "Total Revenue": 189,
        "Gross Profit": 84,
        "Operating Income": 30,
        "EBIT": 33,
        "Net Income": 25
    },
    "2009-08-31": {
        "Diluted EPS": 0.51,
        "Total Revenue": 162,
        "Gross Profit": 69,
        "Operating Income": 20,
        "EBIT": 24,
        "Net Income": 16
    },
    "2009-05-31": {
        "Diluted EPS": 0.47,
        "Total Revenue": 144,
        "Gross Profit": 59,
        "Operating Income": 19,
        "EBIT": 23,
        "Net Income": 15
    },
    "2009-02-28": {
        "Diluted EPS": -2.88,
        "Total Revenue": 139,
        "Gross Profit": 54,
        "Operating Income": -85,
        "EBIT": -81,
        "Net Income": -88
    },
    "2023-08-31": {
        "Tax Effect Of Unusual Items": NaN,
        "Tax Rate For Calcs": NaN,
        "Normalized EBITDA": NaN,
        "Total Unusual Items": NaN,
        "Total Unusual Items Excluding Goodwill": NaN,
        "Net Income From Continuing Operation Net Minority Interest": NaN,
        "Reconciled Depreciation": NaN,
        "Reconciled Cost Of Revenue": NaN,
        "EBITDA": NaN,
        "EBIT": NaN,
        "Net Interest Income": NaN,
        "Interest Expense": NaN,
        "Normalized Income": NaN,
        "Net Income From Continuing And Discontinued Operation": NaN,
        "Total Expenses": NaN,
        "Total Operating Income As Reported": NaN,
        "Diluted Average Shares": 24041000.0,
        "Basic Average Shares": 23918000.0,
        "Diluted EPS": 1.14,
        "Basic EPS": 1.14,
        "Diluted NI Availto Com Stockholders": NaN,
        "Net Income Common Stockholders": NaN,
        "Net Income": NaN,
        "Net Income Including Noncontrolling Interests": NaN,
        "Net Income Continuous Operations": NaN,
        "Tax Provision": NaN,
        "Pretax Income": NaN,
        "Other Income Expense": NaN,
        "Other Non Operating Income Expenses": NaN,
        "Special Income Charges": NaN,
        "Restructuring And Mergern Acquisition": NaN,
        "Net Non Operating Interest Income Expense": NaN,
        "Interest Expense Non Operating": NaN,
        "Operating Income": NaN,
        "Operating Expense": NaN,
        "Selling General And Administration": NaN,
        "Gross Profit": NaN,
        "Cost Of Revenue": NaN,
        "Total Revenue": NaN,
        "Operating Revenue": NaN
    },
    "2023-11-30": {
        "Tax Effect Of Unusual Items": NaN,
        "Tax Rate For Calcs": NaN,
        "Normalized EBITDA": NaN,
        "Total Unusual Items": NaN,
        "Total Unusual Items Excluding Goodwill": NaN,
        "Net Income From Continuing Operation Net Minority Interest": NaN,
        "Reconciled Depreciation": NaN,
        "Reconciled Cost Of Revenue": NaN,
        "EBITDA": NaN,
        "EBIT": NaN,
        "Net Interest Income": NaN,
        "Interest Expense": NaN,
        "Normalized Income": NaN,
        "Net Income From Continuing And Discontinued Operation": NaN,
        "Total Expenses": NaN,
        "Total Operating Income As Reported": NaN,
        "Diluted Average Shares": 23813000.0,
        "Basic Average Shares": 23743000.0,
        "Diluted EPS": 3.19,
        "Basic EPS": 3.2,
        "Diluted NI Availto Com Stockholders": NaN,
        "Net Income Common Stockholders": NaN,
        "Net Income": NaN,
        "Net Income Including Noncontrolling Interests": NaN,
        "Net Income Continuous Operations": NaN,
        "Tax Provision": NaN,
        "Pretax Income": NaN,
        "Other Income Expense": NaN,
        "Other Non Operating Income Expenses": NaN,
        "Special Income Charges": NaN,
        "Impairment Of Capital Assets": NaN,
        "Restructuring And Mergern Acquisition": NaN,
        "Net Non Operating Interest Income Expense": NaN,
        "Interest Expense Non Operating": NaN,
        "Operating Income": NaN,
        "Operating Expense": NaN,
        "Selling General And Administration": NaN,
        "Gross Profit": NaN,
        "Cost Of Revenue": NaN,
        "Total Revenue": NaN,
        "Operating Revenue": NaN
    },
    "2024-02-29": {
        "Tax Effect Of Unusual Items": -843807.670522,
        "Tax Rate For Calcs": 0.219171,
        "Normalized EBITDA": 85541000.0,
        "Total Unusual Items": -3850000.0,
        "Total Unusual Items Excluding Goodwill": -3850000.0,
        "Net Income From Continuing Operation Net Minority Interest": 42734000.0,
        "Reconciled Depreciation": 14462000.0,
        "Reconciled Cost Of Revenue": 249606000.0,
        "EBITDA": 81691000.0,
        "EBIT": 67229000.0,
        "Net Interest Income": -12500000.0,
        "Interest Expense": 12500000.0,
        "Normalized Income": 45740192.329478,
        "Net Income From Continuing And Discontinued Operation": 42734000.0,
        "Total Expenses": 419175000.0,
        "Total Operating Income As Reported": 66176000.0,
        "Diluted Average Shares": NaN,
        "Basic Average Shares": NaN,
        "Diluted EPS": NaN,
        "Basic EPS": NaN,
        "Diluted NI Availto Com Stockholders": 42734000.0,
        "Net Income Common Stockholders": 42734000.0,
        "Net Income": 42734000.0,
        "Net Income Including Noncontrolling Interests": 42734000.0,
        "Net Income Continuous Operations": 42734000.0,
        "Tax Provision": 11995000.0,
        "Pretax Income": 54729000.0,
        "Other Income Expense": -2797000.0,
        "Other Non Operating Income Expenses": 1053000.0,
        "Special Income Charges": -3850000.0,
        "Restructuring And Mergern Acquisition": 3850000.0,
        "Net Non Operating Interest Income Expense": -12500000.0,
        "Interest Expense Non Operating": 12500000.0,
        "Operating Income": 70026000.0,
        "Operating Expense": 169569000.0,
        "Selling General And Administration": 169569000.0,
        "Gross Profit": 239595000.0,
        "Cost Of Revenue": 249606000.0,
        "Total Revenue": 489201000.0,
        "Operating Revenue": 489201000.0
    },
    "2024-05-31": {
        "Tax Effect Of Unusual Items": NaN,
        "Tax Rate For Calcs": NaN,
        "Normalized EBITDA": NaN,
        "Total Unusual Items": NaN,
        "Total Unusual Items Excluding Goodwill": NaN,
        "Net Income From Continuing Operation Net Minority Interest": NaN,
        "Reconciled Depreciation": NaN,
        "Reconciled Cost Of Revenue": NaN,
        "EBITDA": NaN,
        "EBIT": NaN,
        "Net Interest Income": NaN,
        "Interest Expense": NaN,
        "Normalized Income": NaN,
        "Net Income From Continuing And Discontinued Operation": NaN,
        "Total Expenses": NaN,
        "Total Operating Income As Reported": NaN,
        "Diluted Average Shares": NaN,
        "Basic Average Shares": NaN,
        "Diluted EPS": NaN,
        "Basic EPS": NaN,
        "Diluted NI Availto Com Stockholders": NaN,
        "Net Income Common Stockholders": NaN,
        "Net Income": NaN,
        "Net Income Including Noncontrolling Interests": NaN,
        "Net Income Continuous Operations": NaN,
        "Tax Provision": NaN,
        "Pretax Income": NaN,
        "Other Income Expense": NaN,
        "Other Non Operating Income Expenses": NaN,
        "Special Income Charges": NaN,
        "Impairment Of Capital Assets": 0.0,
        "Restructuring And Mergern Acquisition": NaN,
        "Net Non Operating Interest Income Expense": NaN,
        "Interest Expense Non Operating": NaN,
        "Operating Income": NaN,
        "Operating Expense": NaN,
        "Selling General And Administration": NaN,
        "Gross Profit": NaN,
        "Cost Of Revenue": NaN,
        "Total Revenue": NaN,
        "Operating Revenue": NaN
    },
    "2024-08-31": {
        "Tax Effect Of Unusual Items": NaN,
        "Tax Rate For Calcs": NaN,
        "Normalized EBITDA": NaN,
        "Total Unusual Items": NaN,
        "Total Unusual Items Excluding Goodwill": NaN,
        "Net Income From Continuing Operation Net Minority Interest": NaN,
        "Reconciled Depreciation": NaN,
        "Reconciled Cost Of Revenue": NaN,
        "EBITDA": NaN,
        "EBIT": NaN,
        "Net Interest Income": NaN,
        "Interest Expense": NaN,
        "Normalized Income": NaN,
        "Net Income From Continuing And Discontinued Operation": NaN,
        "Total Expenses": NaN,
        "Total Operating Income As Reported": NaN,
        "Diluted Average Shares": 22839000.0,
        "Basic Average Shares": 22814000.0,
        "Diluted EPS": 0.74,
        "Basic EPS": 0.75,
        "Diluted NI Availto Com Stockholders": NaN,
        "Net Income Common Stockholders": NaN,
        "Net Income": NaN,
        "Net Income Including Noncontrolling Interests": NaN,
        "Net Income Continuous Operations": NaN,
        "Tax Provision": NaN,
        "Pretax Income": NaN,
        "Other Income Expense": NaN,
        "Other Non Operating Income Expenses": NaN,
        "Special Income Charges": NaN,
        "Impairment Of Capital Assets": NaN,
        "Restructuring And Mergern Acquisition": NaN,
        "Net Non Operating Interest Income Expense": NaN,
        "Interest Expense Non Operating": NaN,
        "Operating Income": NaN,
        "Operating Expense": NaN,
        "Selling General And Administration": NaN,
        "Gross Profit": NaN,
        "Cost Of Revenue": NaN,
        "Total Revenue": NaN,
        "Operating Revenue": NaN
    },
    "2024-11-30": {
        "Tax Effect Of Unusual Items": -754048.137826,
        "Tax Rate For Calcs": 0.21434,
        "Normalized EBITDA": 92056000.0,
        "Total Unusual Items": -3518000.0,
        "Total Unusual Items Excluding Goodwill": -3518000.0,
        "Net Income From Continuing Operation Net Minority Interest": 49616000.0,
        "Reconciled Depreciation": 13222000.0,
        "Reconciled Cost Of Revenue": 271378000.0,
        "EBITDA": 88538000.0,
        "EBIT": 75316000.0,
        "Net Interest Income": -12164000.0,
        "Interest Expense": 12164000.0,
        "Normalized Income": 52379951.862174,
        "Net Income From Continuing And Discontinued Operation": 49616000.0,
        "Total Expenses": 452070000.0,
        "Total Operating Income As Reported": 75118000.0,
        "Diluted Average Shares": 22882000.0,
        "Basic Average Shares": 22853000.0,
        "Diluted EPS": 2.17,
        "Basic EPS": 2.17,
        "Diluted NI Availto Com Stockholders": 49616000.0,
        "Net Income Common Stockholders": 49616000.0,
        "Net Income": 49616000.0,
        "Net Income Including Noncontrolling Interests": 49616000.0,
        "Net Income Continuous Operations": 49616000.0,
        "Tax Provision": 13536000.0,
        "Pretax Income": 63152000.0,
        "Other Income Expense": -3320000.0,
        "Other Non Operating Income Expenses": 198000.0,
        "Special Income Charges": -3518000.0,
        "Impairment Of Capital Assets": 0.0,
        "Restructuring And Mergern Acquisition": 3518000.0,
        "Net Non Operating Interest Income Expense": -12164000.0,
        "Interest Expense Non Operating": 12164000.0,
        "Operating Income": 78636000.0,
        "Operating Expense": 180692000.0,
        "Selling General And Administration": 180692000.0,
        "Gross Profit": 259328000.0,
        "Cost Of Revenue": 271378000.0,
        "Total Revenue": 530706000.0,
        "Operating Revenue": 530706000.0
    },
    "2025-02-28": {
        "Tax Effect Of Unusual Items": -12473580.0,
        "Tax Rate For Calcs": 0.21,
        "Normalized EBITDA": 75981000.0,
        "Total Unusual Items": -59398000.0,
        "Total Unusual Items Excluding Goodwill": -59398000.0,
        "Net Income From Continuing Operation Net Minority Interest": 50917000.0,
        "Reconciled Depreciation": 14198000.0,
        "Reconciled Cost Of Revenue": 249962000.0,
        "EBITDA": 16583000.0,
        "EBIT": 2385000.0,
        "Net Interest Income": -13999000.0,
        "Interest Expense": 13999000.0,
        "Normalized Income": 97841420.0,
        "Net Income From Continuing And Discontinued Operation": 50917000.0,
        "Total Expenses": 424478000.0,
        "Total Operating Income As Reported": 2015000.0,
        "Diluted Average Shares": NaN,
        "Basic Average Shares": NaN,
        "Diluted EPS": NaN,
        "Basic EPS": NaN,
        "Diluted NI Availto Com Stockholders": 50917000.0,
        "Net Income Common Stockholders": 50917000.0,
        "Net Income": 50917000.0,
        "Net Income Including Noncontrolling Interests": 50917000.0,
        "Net Income Continuous Operations": 50917000.0,
        "Tax Provision": -62531000.0,
        "Pretax Income": -11614000.0,
        "Other Income Expense": -59028000.0,
        "Other Non Operating Income Expenses": 370000.0,
        "Special Income Charges": -59398000.0,
        "Impairment Of Capital Assets": NaN,
        "Restructuring And Mergern Acquisition": 7943000.0,
        "Net Non Operating Interest Income Expense": -13999000.0,
        "Interest Expense Non Operating": 13999000.0,
        "Operating Income": 61413000.0,
        "Operating Expense": 174516000.0,
        "Selling General And Administration": 174516000.0,
        "Gross Profit": 235929000.0,
        "Cost Of Revenue": 249962000.0,
        "Total Revenue": 485891000.0,
        "Operating Revenue": 485891000.0
    },
    "2025-05-31": {
        "Tax Effect Of Unusual Items": -87020850.0,
        "Tax Rate For Calcs": 0.21,
        "Normalized EBITDA": 21739000.0,
        "Total Unusual Items": -414385000.0,
        "Total Unusual Items Excluding Goodwill": -414385000.0,
        "Net Income From Continuing Operation Net Minority Interest": -450718000.0,
        "Reconciled Depreciation": 14084000.0,
        "Reconciled Cost Of Revenue": 196644000.0,
        "EBITDA": -392646000.0,
        "EBIT": -406730000.0,
        "Net Interest Income": -13808000.0,
        "Interest Expense": 13808000.0,
        "Normalized Income": -123353850.0,
        "Net Income From Continuing And Discontinued Operation": -450718000.0,
        "Total Expenses": 364308000.0,
        "Total Operating Income As Reported": -407038000.0,
        "Diluted Average Shares": 22943000.0,
        "Basic Average Shares": 22943000.0,
        "Diluted EPS": -19.65,
        "Basic EPS": -19.65,
        "Diluted NI Availto Com Stockholders": -450718000.0,
        "Net Income Common Stockholders": -450718000.0,
        "Net Income": -450718000.0,
        "Net Income Including Noncontrolling Interests": -450718000.0,
        "Net Income Continuous Operations": -450718000.0,
        "Tax Provision": 30180000.0,
        "Pretax Income": -420538000.0,
        "Other Income Expense": -414077000.0,
        "Other Non Operating Income Expenses": 308000.0,
        "Special Income Charges": -414385000.0,
        "Impairment Of Capital Assets": 414385000.0,
        "Restructuring And Mergern Acquisition": 0.0,
        "Net Non Operating Interest Income Expense": -13808000.0,
        "Interest Expense Non Operating": 13808000.0,
        "Operating Income": 7347000.0,
        "Operating Expense": 167664000.0,
        "Selling General And Administration": 167664000.0,
        "Gross Profit": 175011000.0,
        "Cost Of Revenue": 196644000.0,
        "Total Revenue": 371655000.0,
        "Operating Revenue": 371655000.0
    },
    "2025-08-31": {
        "Tax Effect Of Unusual Items": -21081536.0,
        "Tax Rate For Calcs": 0.064,
        "Normalized EBITDA": 26791000.0,
        "Total Unusual Items": -329399000.0,
        "Total Unusual Items Excluding Goodwill": -329399000.0,
        "Net Income From Continuing Operation Net Minority Interest": -308643000.0,
        "Reconciled Depreciation": 12860000.0,
        "Reconciled Cost Of Revenue": 241100000.0,
        "EBITDA": -302608000.0,
        "EBIT": -315468000.0,
        "Net Interest Income": -14221000.0,
        "Interest Expense": 14221000.0,
        "Normalized Income": -325536.0,
        "Net Income From Continuing And Discontinued Operation": -308643000.0,
        "Total Expenses": 418099000.0,
        "Total Operating Income As Reported": -315717000.0,
        "Diluted Average Shares": 22959000.0,
        "Basic Average Shares": 22959000.0,
        "Diluted EPS": -13.44,
        "Basic EPS": -13.44,
        "Diluted NI Availto Com Stockholders": -308643000.0,
        "Net Income Common Stockholders": -308643000.0,
        "Net Income": -308643000.0,
        "Net Income Including Noncontrolling Interests": -308643000.0,
        "Net Income Continuous Operations": -308643000.0,
        "Tax Provision": -21046000.0,
        "Pretax Income": -329689000.0,
        "Other Income Expense": -329150000.0,
        "Other Non Operating Income Expenses": 249000.0,
        "Special Income Charges": -329399000.0,
        "Impairment Of Capital Assets": 326394000.0,
        "Restructuring And Mergern Acquisition": 3005000.0,
        "Net Non Operating Interest Income Expense": -14221000.0,
        "Interest Expense Non Operating": 14221000.0,
        "Operating Income": 13682000.0,
        "Operating Expense": 176999000.0,
        "Selling General And Administration": 176999000.0,
        "Gross Profit": 190681000.0,
        "Cost Of Revenue": 241100000.0,
        "Total Revenue": 431781000.0,
        "Operating Revenue": 431781000.0
    },
    "2025-11-30": {
        "Tax Effect Of Unusual Items": -13840260.0,
        "Tax Rate For Calcs": 0.21,
        "Normalized EBITDA": 70584000.0,
        "Total Unusual Items": -65906000.0,
        "Total Unusual Items Excluding Goodwill": -65906000.0,
        "Net Income From Continuing Operation Net Minority Interest": -84056000.0,
        "Reconciled Depreciation": 12837000.0,
        "Reconciled Cost Of Revenue": 272485000.0,
        "EBITDA": 4678000.0,
        "EBIT": -8159000.0,
        "Net Interest Income": -15855000.0,
        "Interest Expense": 15855000.0,
        "Normalized Income": -31990260.0,
        "Net Income From Continuing And Discontinued Operation": -84056000.0,
        "Total Expenses": 455293000.0,
        "Total Operating Income As Reported": -8370000.0,
        "Diluted Average Shares": 23035000.0,
        "Basic Average Shares": 23035000.0,
        "Diluted EPS": -3.65,
        "Basic EPS": -3.65,
        "Diluted NI Availto Com Stockholders": -84056000.0,
        "Net Income Common Stockholders": -84056000.0,
        "Net Income": -84056000.0,
        "Net Income Including Noncontrolling Interests": -84056000.0,
        "Net Income Continuous Operations": -84056000.0,
        "Tax Provision": 60042000.0,
        "Pretax Income": -24014000.0,
        "Other Income Expense": -65695000.0,
        "Other Non Operating Income Expenses": 211000.0,
        "Special Income Charges": -65906000.0,
        "Impairment Of Capital Assets": 65906000.0,
        "Restructuring And Mergern Acquisition": 0.0,
        "Net Non Operating Interest Income Expense": -15855000.0,
        "Interest Expense Non Operating": 15855000.0,
        "Operating Income": 57536000.0,
        "Operating Expense": 182808000.0,
        "Selling General And Administration": 182808000.0,
        "Gross Profit": 240344000.0,
        "Cost Of Revenue": 272485000.0,
        "Total Revenue": 512829000.0,
        "Operating Revenue": 512829000.0
    }
}