{
    "2023-03-31": {
        "Tax Effect Of Unusual Items": 0.0,
        "Tax Rate For Calcs": 0.0,
        "Normalized EBITDA": 68108000.0,
        "Total Unusual Items": 22900000.0,
        "Total Unusual Items Excluding Goodwill": 22900000.0,
        "Net Income From Continuing Operation Net Minority Interest": -324918000.0,
        "Reconciled Depreciation": 299726000.0,
        "Reconciled Cost Of Revenue": 5426189000.0,
        "EBITDA": 91008000.0,
        "EBIT": -208718000.0,
        "Net Interest Income": -276200000.0,
        "Interest Expense": 116200000.0,
        "Interest Income": 140600000.0,
        "Normalized Income": -347818000.0,
        "Net Income From Continuing And Discontinued Operation": -324918000.0,
        "Total Expenses": 8087970000.0,
        "Total Operating Income As Reported": -287500000.0,
        "Diluted Average Shares": 324918000.0,
        "Basic Average Shares": 324918000.0,
        "Diluted EPS": -1.0,
        "Basic EPS": -1.0,
        "Diluted NI Availto Com Stockholders": -324918000.0,
        "Net Income Common Stockholders": -324918000.0,
        "Net Income": -324918000.0,
        "Net Income Including Noncontrolling Interests": -324918000.0,
        "Net Income Continuous Operations": -324918000.0,
        "Tax Provision": 0.0,
        "Pretax Income": -324918000.0,
        "Other Income Expense": 238866000.0,
        "Other Non Operating Income Expenses": 215966000.0,
        "Gain On Sale Of Security": 22900000.0,
        "Net Non Operating Interest Income Expense": -276200000.0,
        "Total Other Finance Cost": 300600000.0,
        "Interest Expense Non Operating": 116200000.0,
        "Interest Income Non Operating": 140600000.0,
        "Operating Income": -287500000.0,
        "Operating Expense": 2661781000.0,
        "Other Operating Expenses": 1061227000.0,
        "Depreciation Amortization Depletion Income Statement": 299726000.0,
        "Depreciation And Amortization In Income Statement": 299726000.0,
        "Selling General And Administration": 1300828000.0,
        "Selling And Marketing Expense": 476785000.0,
        "General And Administrative Expense": 824043000.0,
        "Salaries And Wages": 824043000.0,
        "Gross Profit": 2374281000.0,
        "Cost Of Revenue": 5426189000.0,
        "Total Revenue": 7800470000.0,
        "Operating Revenue": 7615571000.0
    },
    "2022-12-31": {
        "Tax Effect Of Unusual Items": 0.0,
        "Tax Rate For Calcs": 0.0,
        "Normalized EBITDA": -1332348000.0,
        "Total Unusual Items": 815172000.0,
        "Total Unusual Items Excluding Goodwill": 815172000.0,
        "Net Income From Continuing Operation Net Minority Interest": -723857000.0,
        "Reconciled Depreciation": 202741000.0,
        "Reconciled Cost Of Revenue": 4632782000.0,
        "EBITDA": -1332348000.0,
        "EBIT": -1535089000.0,
        "Net Interest Income": -1266979000.0,
        "Interest Expense": -811232000.0,
        "Interest Income": -1257305000.0,
        "Normalized Income": -723857000.0,
        "Net Income From Continuing And Discontinued Operation": -723857000.0,
        "Total Expenses": 6568599000.0,
        "Total Operating Income As Reported": -623670000.0,
        "Diluted Average Shares": 325061905.0,
        "Basic Average Shares": 325061905.0,
        "Diluted EPS": -1.68,
        "Basic EPS": -1.68,
        "Diluted NI Availto Com Stockholders": -723857000.0,
        "Net Income Common Stockholders": -723857000.0,
        "Net Income": -723857000.0,
        "Net Income Including Noncontrolling Interests": -723857000.0,
        "Net Income Continuous Operations": -723857000.0,
        "Tax Provision": 0.0,
        "Pretax Income": -723857000.0,
        "Other Income Expense": 815172000.0,
        "Other Non Operating Income Expenses": 128829000.0,
        "Gain On Sale Of Security": 1126050000.0,
        "Net Non Operating Interest Income Expense": -1266979000.0,
        "Total Other Finance Cost": NaN,
        "Interest Expense Non Operating": -811232000.0,
        "Interest Income Non Operating": -1257305000.0,
        "Operating Income": -272050000.0,
        "Operating Expense": 1935817000.0,
        "Other Operating Expenses": 224842000.0,
        "Depreciation Amortization Depletion Income Statement": 202741000.0,
        "Depreciation And Amortization In Income Statement": 202741000.0,
        "Selling General And Administration": 1491539000.0,
        "Selling And Marketing Expense": 603676000.0,
        "General And Administrative Expense": 887863000.0,
        "Other Gand A": NaN,
        "Salaries And Wages": 660787000.0,
        "Gross Profit": 1663767000.0,
        "Cost Of Revenue": 4632782000.0,
        "Total Revenue": 6296549000.0,
        "Operating Revenue": 6000818000.0
    },
    "2022-09-30": {
        "Tax Effect Of Unusual Items": NaN,
        "Tax Rate For Calcs": NaN,
        "Normalized EBITDA": NaN,
        "Total Unusual Items": NaN,
        "Total Unusual Items Excluding Goodwill": NaN,
        "Net Income From Continuing Operation Net Minority Interest": NaN,
        "Reconciled Depreciation": NaN,
        "Reconciled Cost Of Revenue": NaN,
        "EBITDA": NaN,
        "EBIT": NaN,
        "Net Interest Income": NaN,
        "Interest Expense": NaN,
        "Interest Income": NaN,
        "Normalized Income": NaN,
        "Net Income From Continuing And Discontinued Operation": NaN,
        "Total Expenses": NaN,
        "Total Operating Income As Reported": NaN,
        "Diluted Average Shares": NaN,
        "Basic Average Shares": NaN,
        "Diluted EPS": NaN,
        "Basic EPS": NaN,
        "Diluted NI Availto Com Stockholders": NaN,
        "Net Income Common Stockholders": NaN,
        "Net Income": NaN,
        "Net Income Including Noncontrolling Interests": NaN,
        "Net Income Continuous Operations": NaN,
        "Tax Provision": NaN,
        "Pretax Income": NaN,
        "Other Income Expense": NaN,
        "Other Non Operating Income Expenses": NaN,
        "Gain On Sale Of Security": NaN,
        "Net Non Operating Interest Income Expense": NaN,
        "Total Other Finance Cost": NaN,
        "Interest Expense Non Operating": NaN,
        "Interest Income Non Operating": NaN,
        "Operating Income": NaN,
        "Operating Expense": NaN,
        "Other Operating Expenses": NaN,
        "Depreciation Amortization Depletion Income Statement": NaN,
        "Depreciation And Amortization In Income Statement": NaN,
        "Selling General And Administration": NaN,
        "Selling And Marketing Expense": NaN,
        "General And Administrative Expense": NaN,
        "Other Gand A": 44722000.0,
        "Salaries And Wages": NaN,
        "Gross Profit": NaN,
        "Cost Of Revenue": NaN,
        "Total Revenue": NaN,
        "Operating Revenue": NaN
    },
    "2022-06-30": {
        "Tax Effect Of Unusual Items": 0.0,
        "Tax Rate For Calcs": 0.0,
        "Normalized EBITDA": -639102000.0,
        "Total Unusual Items": 266640000.0,
        "Total Unusual Items Excluding Goodwill": 266640000.0,
        "Net Income From Continuing Operation Net Minority Interest": -566283000.0,
        "Reconciled Depreciation": 134721000.0,
        "Reconciled Cost Of Revenue": 2477100000.0,
        "EBITDA": -372462000.0,
        "EBIT": -507183000.0,
        "Net Interest Income": -137500000.0,
        "Interest Expense": 59100000.0,
        "Interest Income": 67900000.0,
        "Normalized Income": -832923000.0,
        "Net Income From Continuing And Discontinued Operation": -566283000.0,
        "Total Expenses": 3680687000.0,
        "Total Operating Income As Reported": -695442000.0,
        "Diluted Average Shares": 326116667.0,
        "Basic Average Shares": 326116667.0,
        "Diluted EPS": -2.4,
        "Basic EPS": -2.4,
        "Diluted NI Availto Com Stockholders": -566283000.0,
        "Net Income Common Stockholders": -566283000.0,
        "Net Income": -566283000.0,
        "Net Income Including Noncontrolling Interests": -566283000.0,
        "Net Income Continuous Operations": -566283000.0,
        "Tax Provision": 0.0,
        "Pretax Income": -566283000.0,
        "Other Income Expense": 266640000.0,
        "Other Non Operating Income Expenses": 24240000.0,
        "Gain On Sale Of Security": 266640000.0,
        "Net Non Operating Interest Income Expense": -137500000.0,
        "Total Other Finance Cost": 146300000.0,
        "Interest Expense Non Operating": 59100000.0,
        "Interest Income Non Operating": 67900000.0,
        "Operating Income": -695487000.0,
        "Operating Expense": 1170505000.0,
        "Other Operating Expenses": 359355000.0,
        "Depreciation Amortization Depletion Income Statement": 101639000.0,
        "Depreciation And Amortization In Income Statement": 101639000.0,
        "Selling General And Administration": 709511000.0,
        "Selling And Marketing Expense": 346852000.0,
        "General And Administrative Expense": 362659000.0,
        "Other Gand A": 37439000.0,
        "Salaries And Wages": 325220000.0,
        "Gross Profit": 475018000.0,
        "Cost Of Revenue": 2510182000.0,
        "Total Revenue": 2985200000.0,
        "Operating Revenue": 2941900000.0
    },
    "2022-03-31": {
        "Diluted EPS": -0.05,
        "Total Revenue": 182,
        "Gross Profit": 50,
        "Operating Income": -26,
        "EBIT": -22,
        "Net Income": -17
    },
    "2021-12-31": {
        "Diluted EPS": 0.3,
        "Total Revenue": 283,
        "Gross Profit": 66,
        "Operating Income": -88,
        "EBIT": -83,
        "Net Income": 81
    },
    "2021-09-30": {
        "Diluted EPS": -0.32,
        "Total Revenue": 194,
        "Gross Profit": 33,
        "Operating Income": -82,
        "EBIT": -77,
        "Net Income": -91
    },
    "2021-06-30": {
        "Diluted EPS": -0.14,
        "Total Revenue": 209,
        "Gross Profit": 58,
        "Operating Income": -26,
        "EBIT": -23,
        "Net Income": -39
    },
    "2021-03-31": {
        "Diluted EPS": -0.11,
        "Total Revenue": 188,
        "Gross Profit": 57,
        "Operating Income": -18,
        "EBIT": -14,
        "Net Income": -32
    },
    "2020-12-31": {
        "Diluted EPS": 0.0,
        "Total Revenue": NaN,
        "Gross Profit": NaN,
        "Operating Income": NaN,
        "EBIT": NaN,
        "Net Income": NaN
    },
    "2023-06-30": {
        "Tax Effect Of Unusual Items": NaN,
        "Tax Rate For Calcs": NaN,
        "Normalized EBITDA": NaN,
        "Total Unusual Items": 1601200000.0,
        "Total Unusual Items Excluding Goodwill": 1601200000.0,
        "Net Income From Continuing Operation Net Minority Interest": NaN,
        "Reconciled Depreciation": NaN,
        "Reconciled Cost Of Revenue": NaN,
        "EBITDA": NaN,
        "EBIT": NaN,
        "Net Interest Income": NaN,
        "Interest Expense": NaN,
        "Interest Income": NaN,
        "Normalized Income": NaN,
        "Net Income From Continuing And Discontinued Operation": NaN,
        "Total Expenses": NaN,
        "Total Operating Income As Reported": NaN,
        "Diluted Average Shares": NaN,
        "Basic Average Shares": NaN,
        "Diluted EPS": NaN,
        "Basic EPS": NaN,
        "Diluted NI Availto Com Stockholders": NaN,
        "Net Income Common Stockholders": NaN,
        "Net Income": NaN,
        "Net Income Including Noncontrolling Interests": NaN,
        "Net Income Continuous Operations": NaN,
        "Tax Provision": NaN,
        "Pretax Income": NaN,
        "Other Income Expense": NaN,
        "Other Non Operating Income Expenses": NaN,
        "Gain On Sale Of Security": 1601200000.0,
        "Net Non Operating Interest Income Expense": NaN,
        "Total Other Finance Cost": 393300000.0,
        "Interest Expense Non Operating": NaN,
        "Interest Income Non Operating": NaN,
        "Operating Income": NaN,
        "Operating Expense": NaN,
        "Other Operating Expenses": NaN,
        "Depreciation Amortization Depletion Income Statement": NaN,
        "Depreciation And Amortization In Income Statement": NaN,
        "Selling General And Administration": NaN,
        "Selling And Marketing Expense": NaN,
        "General And Administrative Expense": NaN,
        "Salaries And Wages": NaN,
        "Gross Profit": NaN,
        "Cost Of Revenue": NaN,
        "Total Revenue": NaN,
        "Operating Revenue": NaN
    },
    "2023-09-30": {
        "Tax Effect Of Unusual Items": NaN,
        "Tax Rate For Calcs": NaN,
        "Normalized EBITDA": NaN,
        "Total Unusual Items": 1372300000.0,
        "Total Unusual Items Excluding Goodwill": 1372300000.0,
        "Net Income From Continuing Operation Net Minority Interest": NaN,
        "Reconciled Depreciation": NaN,
        "Reconciled Cost Of Revenue": NaN,
        "EBITDA": NaN,
        "EBIT": NaN,
        "Net Interest Income": NaN,
        "Interest Expense": NaN,
        "Interest Income": NaN,
        "Normalized Income": NaN,
        "Net Income From Continuing And Discontinued Operation": NaN,
        "Total Expenses": NaN,
        "Total Operating Income As Reported": NaN,
        "Diluted Average Shares": NaN,
        "Basic Average Shares": NaN,
        "Diluted EPS": NaN,
        "Basic EPS": NaN,
        "Diluted NI Availto Com Stockholders": NaN,
        "Net Income Common Stockholders": NaN,
        "Net Income": NaN,
        "Net Income Including Noncontrolling Interests": NaN,
        "Net Income Continuous Operations": NaN,
        "Tax Provision": NaN,
        "Pretax Income": NaN,
        "Other Income Expense": NaN,
        "Other Non Operating Income Expenses": NaN,
        "Gain On Sale Of Security": 1372300000.0,
        "Net Non Operating Interest Income Expense": NaN,
        "Total Other Finance Cost": 872700000.0,
        "Interest Expense Non Operating": NaN,
        "Interest Income Non Operating": NaN,
        "Operating Income": NaN,
        "Operating Expense": NaN,
        "Other Operating Expenses": NaN,
        "Depreciation Amortization Depletion Income Statement": NaN,
        "Depreciation And Amortization In Income Statement": NaN,
        "Selling General And Administration": NaN,
        "Selling And Marketing Expense": NaN,
        "General And Administrative Expense": NaN,
        "Salaries And Wages": NaN,
        "Gross Profit": NaN,
        "Cost Of Revenue": NaN,
        "Total Revenue": NaN,
        "Operating Revenue": NaN
    },
    "2023-12-31": {
        "Tax Effect Of Unusual Items": NaN,
        "Tax Rate For Calcs": NaN,
        "Normalized EBITDA": NaN,
        "Total Unusual Items": 1636177000.0,
        "Total Unusual Items Excluding Goodwill": 1636177000.0,
        "Net Income From Continuing Operation Net Minority Interest": NaN,
        "Reconciled Depreciation": NaN,
        "Reconciled Cost Of Revenue": NaN,
        "EBITDA": NaN,
        "EBIT": NaN,
        "Net Interest Income": NaN,
        "Interest Expense": NaN,
        "Interest Income": NaN,
        "Normalized Income": NaN,
        "Net Income From Continuing And Discontinued Operation": NaN,
        "Total Expenses": NaN,
        "Total Operating Income As Reported": NaN,
        "Diluted Average Shares": NaN,
        "Basic Average Shares": NaN,
        "Diluted EPS": NaN,
        "Basic EPS": NaN,
        "Diluted NI Availto Com Stockholders": NaN,
        "Net Income Common Stockholders": NaN,
        "Net Income": NaN,
        "Net Income Including Noncontrolling Interests": NaN,
        "Net Income Continuous Operations": NaN,
        "Tax Provision": NaN,
        "Pretax Income": NaN,
        "Other Income Expense": NaN,
        "Other Non Operating Income Expenses": NaN,
        "Gain On Sale Of Security": 1669643000.0,
        "Net Non Operating Interest Income Expense": NaN,
        "Total Other Finance Cost": 3589250000.0,
        "Interest Expense Non Operating": NaN,
        "Interest Income Non Operating": NaN,
        "Operating Income": NaN,
        "Operating Expense": NaN,
        "Other Operating Expenses": NaN,
        "Depreciation Amortization Depletion Income Statement": NaN,
        "Depreciation And Amortization In Income Statement": NaN,
        "Selling General And Administration": NaN,
        "Selling And Marketing Expense": NaN,
        "General And Administrative Expense": NaN,
        "Salaries And Wages": NaN,
        "Gross Profit": NaN,
        "Cost Of Revenue": NaN,
        "Total Revenue": NaN,
        "Operating Revenue": NaN
    },
    "2024-03-31": {
        "Tax Effect Of Unusual Items": NaN,
        "Tax Rate For Calcs": NaN,
        "Normalized EBITDA": NaN,
        "Total Unusual Items": 230700000.0,
        "Total Unusual Items Excluding Goodwill": 230700000.0,
        "Net Income From Continuing Operation Net Minority Interest": NaN,
        "Reconciled Depreciation": NaN,
        "Reconciled Cost Of Revenue": NaN,
        "EBITDA": NaN,
        "EBIT": NaN,
        "Net Interest Income": NaN,
        "Interest Expense": NaN,
        "Interest Income": NaN,
        "Normalized Income": NaN,
        "Net Income From Continuing And Discontinued Operation": NaN,
        "Total Expenses": NaN,
        "Total Operating Income As Reported": NaN,
        "Diluted Average Shares": NaN,
        "Basic Average Shares": NaN,
        "Diluted EPS": NaN,
        "Basic EPS": NaN,
        "Diluted NI Availto Com Stockholders": NaN,
        "Net Income Common Stockholders": NaN,
        "Net Income": NaN,
        "Net Income Including Noncontrolling Interests": NaN,
        "Net Income Continuous Operations": NaN,
        "Tax Provision": NaN,
        "Pretax Income": NaN,
        "Other Income Expense": NaN,
        "Other Non Operating Income Expenses": NaN,
        "Gain On Sale Of Security": 230700000.0,
        "Net Non Operating Interest Income Expense": NaN,
        "Total Other Finance Cost": 721900000.0,
        "Interest Expense Non Operating": NaN,
        "Interest Income Non Operating": NaN,
        "Operating Income": NaN,
        "Operating Expense": NaN,
        "Other Operating Expenses": NaN,
        "Depreciation Amortization Depletion Income Statement": NaN,
        "Depreciation And Amortization In Income Statement": NaN,
        "Selling General And Administration": NaN,
        "Selling And Marketing Expense": NaN,
        "General And Administrative Expense": NaN,
        "Salaries And Wages": NaN,
        "Gross Profit": NaN,
        "Cost Of Revenue": NaN,
        "Total Revenue": NaN,
        "Operating Revenue": NaN
    },
    "2024-06-30": {
        "Tax Effect Of Unusual Items": NaN,
        "Tax Rate For Calcs": NaN,
        "Normalized EBITDA": NaN,
        "Total Unusual Items": 90600000.0,
        "Total Unusual Items Excluding Goodwill": 90600000.0,
        "Net Income From Continuing Operation Net Minority Interest": NaN,
        "Reconciled Depreciation": NaN,
        "Reconciled Cost Of Revenue": NaN,
        "EBITDA": NaN,
        "EBIT": NaN,
        "Net Interest Income": NaN,
        "Interest Expense": NaN,
        "Interest Income": NaN,
        "Normalized Income": NaN,
        "Net Income From Continuing And Discontinued Operation": NaN,
        "Total Expenses": NaN,
        "Total Operating Income As Reported": NaN,
        "Diluted Average Shares": NaN,
        "Basic Average Shares": NaN,
        "Diluted EPS": NaN,
        "Basic EPS": NaN,
        "Diluted NI Availto Com Stockholders": NaN,
        "Net Income Common Stockholders": NaN,
        "Net Income": NaN,
        "Net Income Including Noncontrolling Interests": NaN,
        "Net Income Continuous Operations": NaN,
        "Tax Provision": 0.0,
        "Pretax Income": NaN,
        "Other Income Expense": NaN,
        "Other Non Operating Income Expenses": NaN,
        "Gain On Sale Of Security": 90600000.0,
        "Net Non Operating Interest Income Expense": NaN,
        "Total Other Finance Cost": 796500000.0,
        "Interest Expense Non Operating": NaN,
        "Interest Income Non Operating": NaN,
        "Operating Income": NaN,
        "Operating Expense": NaN,
        "Other Operating Expenses": NaN,
        "Depreciation Amortization Depletion Income Statement": NaN,
        "Depreciation And Amortization In Income Statement": NaN,
        "Selling General And Administration": NaN,
        "Selling And Marketing Expense": NaN,
        "General And Administrative Expense": NaN,
        "Salaries And Wages": NaN,
        "Gross Profit": NaN,
        "Cost Of Revenue": NaN,
        "Total Revenue": NaN,
        "Operating Revenue": NaN
    },
    "2024-09-30": {
        "Tax Effect Of Unusual Items": 0.0,
        "Tax Rate For Calcs": 0.0,
        "Normalized EBITDA": 1788957000.0,
        "Total Unusual Items": NaN,
        "Total Unusual Items Excluding Goodwill": NaN,
        "Net Income From Continuing Operation Net Minority Interest": -307361000.0,
        "Reconciled Depreciation": 256226000.0,
        "Reconciled Cost Of Revenue": 7588637000.0,
        "EBITDA": 1788957000.0,
        "EBIT": 1313596000.0,
        "Net Interest Income": -796609000.0,
        "Interest Expense": 1620957000.0,
        "Interest Income": 824348000.0,
        "Normalized Income": -307361000.0,
        "Net Income From Continuing And Discontinued Operation": -307361000.0,
        "Total Expenses": 12209216000.0,
        "Total Operating Income As Reported": 32390000.0,
        "Diluted Average Shares": 320167708.0,
        "Basic Average Shares": 320167708.0,
        "Diluted EPS": -0.96,
        "Basic EPS": -0.96,
        "Diluted NI Availto Com Stockholders": -307361000.0,
        "Net Income Common Stockholders": -307361000.0,
        "Net Income": -307361000.0,
        "Net Income Including Noncontrolling Interests": -307361000.0,
        "Net Income Continuous Operations": -307361000.0,
        "Tax Provision": 0.0,
        "Pretax Income": -307361000.0,
        "Other Income Expense": 456858000.0,
        "Other Non Operating Income Expenses": 456858000.0,
        "Gain On Sale Of Security": NaN,
        "Net Non Operating Interest Income Expense": -796609000.0,
        "Total Other Finance Cost": NaN,
        "Interest Expense Non Operating": 1620957000.0,
        "Interest Income Non Operating": 824348000.0,
        "Operating Income": 32390000.0,
        "Operating Expense": 4839714000.0,
        "Other Operating Expenses": 470793000.0,
        "Depreciation Amortization Depletion Income Statement": 475361000.0,
        "Depreciation And Amortization In Income Statement": 475361000.0,
        "Selling General And Administration": 3893560000.0,
        "Selling And Marketing Expense": 2388798000.0,
        "General And Administrative Expense": 1504762000.0,
        "Salaries And Wages": 1504762000.0,
        "Gross Profit": 4872104000.0,
        "Cost Of Revenue": 7369502000.0,
        "Total Revenue": 12241606000.0,
        "Operating Revenue": 12241606000.0
    },
    "2024-12-31": {
        "Tax Effect Of Unusual Items": 0.0,
        "Tax Rate For Calcs": 0.0,
        "Normalized EBITDA": -1882378000.0,
        "Total Unusual Items": NaN,
        "Total Unusual Items Excluding Goodwill": NaN,
        "Net Income From Continuing Operation Net Minority Interest": -724339000.0,
        "Reconciled Depreciation": 659314000.0,
        "Reconciled Cost Of Revenue": 12820951000.0,
        "EBITDA": -1882378000.0,
        "EBIT": -2541692000.0,
        "Net Interest Income": -1931690000.0,
        "Interest Expense": -1817353000.0,
        "Interest Income": 658439000.0,
        "Normalized Income": -724339000.0,
        "Net Income From Continuing And Discontinued Operation": -724339000.0,
        "Total Expenses": 20235844000.0,
        "Total Operating Income As Reported": 135270000.0,
        "Diluted Average Shares": 334561500.0,
        "Basic Average Shares": 334561500.0,
        "Diluted EPS": -2.0,
        "Basic EPS": -2.0,
        "Diluted NI Availto Com Stockholders": -724339000.0,
        "Net Income Common Stockholders": -724339000.0,
        "Net Income": -724339000.0,
        "Net Income Including Noncontrolling Interests": -724339000.0,
        "Net Income Continuous Operations": -724339000.0,
        "Tax Provision": 0.0,
        "Pretax Income": -724339000.0,
        "Other Income Expense": 1006899000.0,
        "Other Non Operating Income Expenses": 545131000.0,
        "Gain On Sale Of Security": NaN,
        "Net Non Operating Interest Income Expense": -1931690000.0,
        "Total Other Finance Cost": NaN,
        "Interest Expense Non Operating": -1817353000.0,
        "Interest Income Non Operating": 658439000.0,
        "Operating Income": 200452000.0,
        "Operating Expense": 7414893000.0,
        "Other Operating Expenses": -23151000.0,
        "Depreciation Amortization Depletion Income Statement": 659314000.0,
        "Depreciation And Amortization In Income Statement": 659314000.0,
        "Selling General And Administration": 6339588000.0,
        "Selling And Marketing Expense": 3458004000.0,
        "General And Administrative Expense": 2881584000.0,
        "Salaries And Wages": 2322038000.0,
        "Gross Profit": 7615345000.0,
        "Cost Of Revenue": 12820951000.0,
        "Total Revenue": 20436296000.0,
        "Operating Revenue": 17084016000.0
    },
    "2025-03-31": {
        "Tax Effect Of Unusual Items": 0.0,
        "Tax Rate For Calcs": 0.0,
        "Normalized EBITDA": 2079100000.0,
        "Total Unusual Items": NaN,
        "Total Unusual Items Excluding Goodwill": NaN,
        "Net Income From Continuing Operation Net Minority Interest": -355084000.0,
        "Reconciled Depreciation": 657329000.0,
        "Reconciled Cost Of Revenue": 9064567000.0,
        "EBITDA": 2079100000.0,
        "EBIT": 1421771000.0,
        "Net Interest Income": -799811000.0,
        "Interest Expense": 1776855000.0,
        "Interest Income": 977044000.0,
        "Normalized Income": -355084000.0,
        "Net Income From Continuing And Discontinued Operation": -355084000.0,
        "Total Expenses": 14935438000.0,
        "Total Operating Income As Reported": -548509000.0,
        "Diluted Average Shares": 322803636.0,
        "Basic Average Shares": 322803636.0,
        "Diluted EPS": -1.1,
        "Basic EPS": -1.1,
        "Diluted NI Availto Com Stockholders": -355084000.0,
        "Net Income Common Stockholders": -355084000.0,
        "Net Income": -355084000.0,
        "Net Income Including Noncontrolling Interests": -355084000.0,
        "Net Income Continuous Operations": -355084000.0,
        "Tax Provision": NaN,
        "Pretax Income": -355084000.0,
        "Other Income Expense": 993236000.0,
        "Other Non Operating Income Expenses": 993236000.0,
        "Gain On Sale Of Security": NaN,
        "Net Non Operating Interest Income Expense": -799811000.0,
        "Total Other Finance Cost": NaN,
        "Interest Expense Non Operating": 1776855000.0,
        "Interest Income Non Operating": 977044000.0,
        "Operating Income": -548509000.0,
        "Operating Expense": 5870871000.0,
        "Other Operating Expenses": 727891000.0,
        "Depreciation Amortization Depletion Income Statement": 657329000.0,
        "Depreciation And Amortization In Income Statement": 657329000.0,
        "Selling General And Administration": 4485651000.0,
        "Selling And Marketing Expense": 2593069000.0,
        "General And Administrative Expense": 1892582000.0,
        "Salaries And Wages": 1892582000.0,
        "Gross Profit": 5322362000.0,
        "Cost Of Revenue": 9064567000.0,
        "Total Revenue": 14386929000.0,
        "Operating Revenue": 14386929000.0
    },
    "2025-06-30": {
        "Tax Effect Of Unusual Items": 0.0,
        "Tax Rate For Calcs": 0.0,
        "Normalized EBITDA": 2377134000.0,
        "Total Unusual Items": NaN,
        "Total Unusual Items Excluding Goodwill": NaN,
        "Net Income From Continuing Operation Net Minority Interest": -723823000.0,
        "Reconciled Depreciation": 744892000.0,
        "Reconciled Cost Of Revenue": 10368875000.0,
        "EBITDA": 2377134000.0,
        "EBIT": 1632242000.0,
        "Net Interest Income": -1225198000.0,
        "Interest Expense": 2356065000.0,
        "Interest Income": 1130867000.0,
        "Normalized Income": -723823000.0,
        "Net Income From Continuing And Discontinued Operation": -723823000.0,
        "Total Expenses": 16709718000.0,
        "Total Operating Income As Reported": 34053000.0,
        "Diluted Average Shares": 314705652.0,
        "Basic Average Shares": 314705652.0,
        "Diluted EPS": -2.3,
        "Basic EPS": -2.3,
        "Diluted NI Availto Com Stockholders": -723823000.0,
        "Net Income Common Stockholders": -723823000.0,
        "Net Income": -723823000.0,
        "Net Income Including Noncontrolling Interests": -723823000.0,
        "Net Income Continuous Operations": -723823000.0,
        "Tax Provision": 0.0,
        "Pretax Income": -723823000.0,
        "Other Income Expense": 467322000.0,
        "Other Non Operating Income Expenses": 467322000.0,
        "Gain On Sale Of Security": NaN,
        "Net Non Operating Interest Income Expense": -1225198000.0,
        "Total Other Finance Cost": NaN,
        "Interest Expense Non Operating": 2356065000.0,
        "Interest Income Non Operating": 1130867000.0,
        "Operating Income": 34053000.0,
        "Operating Expense": 6301359000.0,
        "Other Operating Expenses": 888741000.0,
        "Depreciation Amortization Depletion Income Statement": 705408000.0,
        "Depreciation And Amortization In Income Statement": 705408000.0,
        "Selling General And Administration": 4707210000.0,
        "Selling And Marketing Expense": 2894189000.0,
        "General And Administrative Expense": 1813021000.0,
        "Salaries And Wages": 1813021000.0,
        "Gross Profit": 6335412000.0,
        "Cost Of Revenue": 10408359000.0,
        "Total Revenue": 16743771000.0,
        "Operating Revenue": 16743771000.0
    },
    "2025-09-30": {
        "Tax Effect Of Unusual Items": 0.0,
        "Tax Rate For Calcs": 0.0,
        "Normalized EBITDA": 2380369000.0,
        "Total Unusual Items": NaN,
        "Total Unusual Items Excluding Goodwill": NaN,
        "Net Income From Continuing Operation Net Minority Interest": -1324849000.0,
        "Reconciled Depreciation": 869541000.0,
        "Reconciled Cost Of Revenue": 12404922000.0,
        "EBITDA": 2380369000.0,
        "EBIT": 1510828000.0,
        "Net Interest Income": -1680748000.0,
        "Interest Expense": 2835677000.0,
        "Interest Income": 1154929000.0,
        "Normalized Income": -1324849000.0,
        "Net Income From Continuing And Discontinued Operation": -1324849000.0,
        "Total Expenses": 20510394000.0,
        "Total Operating Income As Reported": -590546000.0,
        "Diluted Average Shares": 323133902.0,
        "Basic Average Shares": 323133902.0,
        "Diluted EPS": -4.1,
        "Basic EPS": -4.1,
        "Diluted NI Availto Com Stockholders": -1324849000.0,
        "Net Income Common Stockholders": -1324849000.0,
        "Net Income": -1324849000.0,
        "Net Income Including Noncontrolling Interests": -1324849000.0,
        "Net Income Continuous Operations": -1324849000.0,
        "Tax Provision": 0.0,
        "Pretax Income": -1324849000.0,
        "Other Income Expense": 946445000.0,
        "Other Non Operating Income Expenses": 946445000.0,
        "Gain On Sale Of Security": NaN,
        "Net Non Operating Interest Income Expense": -1680748000.0,
        "Total Other Finance Cost": NaN,
        "Interest Expense Non Operating": 2835677000.0,
        "Interest Income Non Operating": 1154929000.0,
        "Operating Income": -590546000.0,
        "Operating Expense": 8000244000.0,
        "Other Operating Expenses": 726963000.0,
        "Depreciation Amortization Depletion Income Statement": 764313000.0,
        "Depreciation And Amortization In Income Statement": 764313000.0,
        "Selling General And Administration": 6508968000.0,
        "Selling And Marketing Expense": 4260592000.0,
        "General And Administrative Expense": 2248376000.0,
        "Salaries And Wages": 2248376000.0,
        "Gross Profit": 7409698000.0,
        "Cost Of Revenue": 12510150000.0,
        "Total Revenue": 19919848000.0,
        "Operating Revenue": 19919848000.0
    }
}