{
    "2023-06-30": {
        "Tax Effect Of Unusual Items": 0.0,
        "Tax Rate For Calcs": 0.051923,
        "Normalized EBITDA": 246800000.0,
        "Net Income From Continuing Operation Net Minority Interest": 25100000.0,
        "Reconciled Depreciation": 47000000.0,
        "Reconciled Cost Of Revenue": 47000000.0,
        "EBITDA": 246800000.0,
        "EBIT": 199800000.0,
        "Net Interest Income": -43800000.0,
        "Interest Expense": 43800000.0,
        "Normalized Income": 25100000.0,
        "Net Income From Continuing And Discontinued Operation": 25100000.0,
        "Total Expenses": 123800000.0,
        "Total Operating Income As Reported": 198100000.0,
        "Diluted Average Shares": 50200000.0,
        "Basic Average Shares": 50100000.0,
        "Diluted EPS": 0.5,
        "Basic EPS": 0.5,
        "Diluted NI Availto Com Stockholders": 25100000.0,
        "Net Income Common Stockholders": 25100000.0,
        "Net Income": 25100000.0,
        "Minority Interests": -122800000.0,
        "Net Income Including Noncontrolling Interests": 147900000.0,
        "Net Income Continuous Operations": 147900000.0,
        "Tax Provision": 8100000.0,
        "Pretax Income": 156000000.0,
        "Other Income Expense": 1700000.0,
        "Earnings From Equity Interest": 1700000.0,
        "Net Non Operating Interest Income Expense": -43800000.0,
        "Interest Expense Non Operating": 43800000.0,
        "Operating Income": 198100000.0,
        "Operating Expense": 76800000.0,
        "Other Operating Expenses": -2100000.0,
        "Selling General And Administration": 5800000.0,
        "General And Administrative Expense": 5800000.0,
        "Other Gand A": 5800000.0,
        "Gross Profit": 274900000.0,
        "Cost Of Revenue": 47000000.0,
        "Total Revenue": 321900000.0,
        "Operating Revenue": 321900000.0
    },
    "2023-03-31": {
        "Tax Effect Of Unusual Items": 0.0,
        "Tax Rate For Calcs": 0.043712,
        "Normalized EBITDA": 237700000.0,
        "Net Income From Continuing Operation Net Minority Interest": 20700000.0,
        "Reconciled Depreciation": 47400000.0,
        "Reconciled Cost Of Revenue": 47400000.0,
        "EBITDA": 237700000.0,
        "EBIT": 190300000.0,
        "Net Interest Income": -41600000.0,
        "Interest Expense": 41600000.0,
        "Normalized Income": 20700000.0,
        "Net Income From Continuing And Discontinued Operation": 20700000.0,
        "Total Expenses": 115600000.0,
        "Total Operating Income As Reported": 188700000.0,
        "Diluted Average Shares": 44100000.0,
        "Basic Average Shares": 44000000.0,
        "Diluted EPS": 0.47,
        "Basic EPS": 0.47,
        "Diluted NI Availto Com Stockholders": 20700000.0,
        "Net Income Common Stockholders": 20700000.0,
        "Net Income": 20700000.0,
        "Minority Interests": -121500000.0,
        "Net Income Including Noncontrolling Interests": 142200000.0,
        "Net Income Continuous Operations": 142200000.0,
        "Tax Provision": 6500000.0,
        "Pretax Income": 148700000.0,
        "Other Income Expense": 1600000.0,
        "Earnings From Equity Interest": 1600000.0,
        "Net Non Operating Interest Income Expense": -41600000.0,
        "Interest Expense Non Operating": 41600000.0,
        "Operating Income": 188700000.0,
        "Operating Expense": 68200000.0,
        "Other Operating Expenses": -700000.0,
        "Selling General And Administration": 6400000.0,
        "General And Administrative Expense": 6400000.0,
        "Other Gand A": 6400000.0,
        "Gross Profit": 256900000.0,
        "Cost Of Revenue": 47400000.0,
        "Total Revenue": 304300000.0,
        "Operating Revenue": 304300000.0
    },
    "2022-12-31": {
        "Tax Effect Of Unusual Items": 0.0,
        "Tax Rate For Calcs": 0.042373,
        "Normalized EBITDA": 252300000.0,
        "Net Income From Continuing Operation Net Minority Interest": 21800000.0,
        "Reconciled Depreciation": 46400000.0,
        "Reconciled Cost Of Revenue": 46400000.0,
        "EBITDA": 252300000.0,
        "EBIT": 205900000.0,
        "Net Interest Income": -40700000.0,
        "Interest Expense": 40700000.0,
        "Normalized Income": 21800000.0,
        "Net Income From Continuing And Discontinued Operation": 21800000.0,
        "Total Expenses": 117500000.0,
        "Total Operating Income As Reported": 196400000.0,
        "Diluted Average Shares": 44100000.0,
        "Basic Average Shares": 44000000.0,
        "Diluted EPS": 0.49,
        "Basic EPS": 0.49,
        "Diluted NI Availto Com Stockholders": 21800000.0,
        "Net Income Common Stockholders": 21800000.0,
        "Net Income": 21800000.0,
        "Minority Interests": -128000000.0,
        "Net Income Including Noncontrolling Interests": 149800000.0,
        "Net Income Continuous Operations": 149800000.0,
        "Tax Provision": 7000000.0,
        "Pretax Income": 165200000.0,
        "Other Income Expense": 9500000.0,
        "Earnings From Equity Interest": 9500000.0,
        "Net Non Operating Interest Income Expense": -40700000.0,
        "Interest Expense Non Operating": 40700000.0,
        "Operating Income": 196400000.0,
        "Operating Expense": 71100000.0,
        "Other Operating Expenses": -700000.0,
        "Selling General And Administration": 6100000.0,
        "General And Administrative Expense": 6100000.0,
        "Other Gand A": 6100000.0,
        "Gross Profit": 267500000.0,
        "Cost Of Revenue": 46400000.0,
        "Total Revenue": 313900000.0,
        "Operating Revenue": 313900000.0
    },
    "2022-09-30": {
        "Tax Effect Of Unusual Items": 0.0,
        "Tax Rate For Calcs": 0.044937,
        "Normalized EBITDA": 206800000.0,
        "Net Income From Continuing Operation Net Minority Interest": 23200000.0,
        "Reconciled Depreciation": 45500000.0,
        "Reconciled Cost Of Revenue": 45500000.0,
        "EBITDA": 206800000.0,
        "EBIT": 206800000.0,
        "Net Interest Income": -39900000.0,
        "Interest Expense": 39900000.0,
        "Normalized Income": 23200000.0,
        "Net Income From Continuing And Discontinued Operation": 23200000.0,
        "Total Expenses": 130200000.0,
        "Total Operating Income As Reported": 204000000.0,
        "Diluted Average Shares": 44100000.0,
        "Basic Average Shares": 44000000.0,
        "Diluted EPS": 0.53,
        "Basic EPS": 0.53,
        "Diluted NI Availto Com Stockholders": 23200000.0,
        "Net Income Common Stockholders": 23200000.0,
        "Net Income": 23200000.0,
        "Minority Interests": -136200000.0,
        "Net Income Including Noncontrolling Interests": 159400000.0,
        "Net Income Continuous Operations": 159400000.0,
        "Tax Provision": 7500000.0,
        "Pretax Income": 166900000.0,
        "Other Income Expense": 2800000.0,
        "Earnings From Equity Interest": 2800000.0,
        "Net Non Operating Interest Income Expense": -39900000.0,
        "Interest Expense Non Operating": 39900000.0,
        "Operating Income": 204000000.0,
        "Operating Expense": 84700000.0,
        "Other Operating Expenses": -600000.0,
        "Selling General And Administration": 5700000.0,
        "General And Administrative Expense": 5700000.0,
        "Other Gand A": 5700000.0,
        "Gross Profit": 288700000.0,
        "Cost Of Revenue": 45500000.0,
        "Total Revenue": 334200000.0,
        "Operating Revenue": 334200000.0
    },
    "2022-06-30": {
        "Tax Effect Of Unusual Items": 0.0,
        "Tax Rate For Calcs": 0.044682,
        "Normalized EBITDA": 196300000.0,
        "Net Income From Continuing Operation Net Minority Interest": 22000000.0,
        "Reconciled Depreciation": 45000000.0,
        "Reconciled Cost Of Revenue": 45000000.0,
        "EBITDA": 196300000.0,
        "EBIT": 196300000.0,
        "Net Interest Income": -37400000.0,
        "Interest Expense": 37400000.0,
        "Normalized Income": 22000000.0,
        "Net Income From Continuing And Discontinued Operation": 22000000.0,
        "Total Expenses": 118100000.0,
        "Total Operating Income As Reported": 195300000.0,
        "Diluted Average Shares": 43700000.0,
        "Basic Average Shares": 43700000.0,
        "Diluted EPS": 0.5,
        "Basic EPS": 0.51,
        "Diluted NI Availto Com Stockholders": 22000000.0,
        "Net Income Common Stockholders": 22000000.0,
        "Net Income": 22000000.0,
        "Minority Interests": -129800000.0,
        "Net Income Including Noncontrolling Interests": 151800000.0,
        "Net Income Continuous Operations": 151800000.0,
        "Tax Provision": 7100000.0,
        "Pretax Income": 158900000.0,
        "Other Income Expense": 1000000.0,
        "Earnings From Equity Interest": 1000000.0,
        "Net Non Operating Interest Income Expense": -37400000.0,
        "Interest Expense Non Operating": 37400000.0,
        "Operating Income": 195300000.0,
        "Operating Expense": 73100000.0,
        "Selling General And Administration": 5300000.0,
        "General And Administrative Expense": 5300000.0,
        "Other Gand A": 5300000.0,
        "Gross Profit": 268400000.0,
        "Cost Of Revenue": 45000000.0,
        "Total Revenue": 313400000.0,
        "Operating Revenue": 313000000.0
    },
    "2022-03-31": {
        "Diluted EPS": 0.49,
        "Total Revenue": 312,
        "Gross Profit": 312,
        "Operating Income": 196,
        "EBIT": 242,
        "Net Income": 17
    },
    "2021-12-31": {
        "Diluted EPS": 0.51,
        "Total Revenue": 316,
        "Gross Profit": 316,
        "Operating Income": 200,
        "EBIT": 245,
        "Net Income": 17
    },
    "2021-09-30": {
        "Diluted EPS": 0.38,
        "Total Revenue": 304,
        "Gross Profit": 304,
        "Operating Income": 159,
        "EBIT": 203,
        "Net Income": 10
    },
    "2021-06-30": {
        "Diluted EPS": 0.44,
        "Total Revenue": 295,
        "Gross Profit": 295,
        "Operating Income": 186,
        "EBIT": 228,
        "Net Income": 11
    },
    "2021-03-31": {
        "Diluted EPS": 0.43,
        "Total Revenue": 289,
        "Gross Profit": 289,
        "Operating Income": 183,
        "EBIT": 224,
        "Net Income": 9
    },
    "2020-12-31": {
        "Diluted EPS": 0.36,
        "Total Revenue": 267,
        "Gross Profit": 267,
        "Operating Income": 155,
        "EBIT": 196,
        "Net Income": 7
    },
    "2020-09-30": {
        "Diluted EPS": 0.31,
        "Total Revenue": 265,
        "Gross Profit": 265,
        "Operating Income": 137,
        "EBIT": 178,
        "Net Income": 6
    },
    "2020-06-30": {
        "Diluted EPS": 0.29,
        "Total Revenue": 270,
        "Gross Profit": 270,
        "Operating Income": 132,
        "EBIT": 172,
        "Net Income": 5
    },
    "2020-03-31": {
        "Diluted EPS": 0.35,
        "Total Revenue": 291,
        "Gross Profit": 291,
        "Operating Income": 153,
        "EBIT": 193,
        "Net Income": 7
    },
    "2019-12-31": {
        "Diluted EPS": 0.27,
        "Total Revenue": 254,
        "Gross Profit": 254,
        "Operating Income": 90,
        "EBIT": 129,
        "Net Income": 16
    },
    "2019-09-30": {
        "Diluted EPS": 0.32,
        "Total Revenue": 215,
        "Gross Profit": 215,
        "Operating Income": 99,
        "EBIT": 137,
        "Net Income": 18
    },
    "2019-06-30": {
        "Diluted EPS": 0.29,
        "Total Revenue": 190,
        "Gross Profit": 190,
        "Operating Income": 91,
        "EBIT": 128,
        "Net Income": 16
    },
    "2019-03-31": {
        "Diluted EPS": 0.32,
        "Total Revenue": 190,
        "Gross Profit": 190,
        "Operating Income": 96,
        "EBIT": 131,
        "Net Income": 17
    },
    "2018-12-31": {
        "Diluted EPS": 0.3,
        "Total Revenue": 222,
        "Gross Profit": 222,
        "Operating Income": 97,
        "EBIT": 137,
        "Net Income": 17
    },
    "2018-09-30": {
        "Diluted EPS": 0.33,
        "Total Revenue": 170,
        "Gross Profit": 170,
        "Operating Income": 97,
        "EBIT": 128,
        "Net Income": 18
    },
    "2018-06-30": {
        "Diluted EPS": 0.32,
        "Total Revenue": 165,
        "Gross Profit": 165,
        "Operating Income": 95,
        "EBIT": 125,
        "Net Income": 17
    },
    "2018-03-31": {
        "Diluted EPS": 0.31,
        "Total Revenue": 157,
        "Gross Profit": 157,
        "Operating Income": 89,
        "EBIT": 120,
        "Net Income": 17
    },
    "2017-12-31": {
        "Diluted EPS": 0.27,
        "Total Revenue": 164,
        "Gross Profit": 164,
        "Operating Income": 55,
        "EBIT": 91,
        "Net Income": -49
    },
    "2017-09-30": {
        "Diluted EPS": 0.27,
        "Total Revenue": 147,
        "Gross Profit": 147,
        "Operating Income": 77,
        "EBIT": 106,
        "Net Income": 15
    },
    "2017-06-30": {
        "Diluted EPS": 0.21,
        "Total Revenue": 138,
        "Gross Profit": 138,
        "Operating Income": 69,
        "EBIT": 97,
        "Net Income": 11
    },
    "2017-03-31": {
        "Diluted EPS": 0.0,
        "Total Revenue": 130,
        "Gross Profit": 130,
        "Operating Income": 63,
        "EBIT": 90,
        "Net Income": 63
    },
    "2016-12-31": {
        "Diluted EPS": 0.0,
        "Total Revenue": 152,
        "Gross Profit": 100,
        "Operating Income": 70,
        "EBIT": 96,
        "Net Income": 69
    },
    "2016-09-30": {
        "Diluted EPS": 0.0,
        "Total Revenue": 120,
        "Gross Profit": 120,
        "Operating Income": 48,
        "EBIT": 73,
        "Net Income": 48
    },
    "2016-06-30": {
        "Diluted EPS": 0.0,
        "Total Revenue": 119,
        "Gross Profit": 119,
        "Operating Income": 41,
        "EBIT": 67,
        "Net Income": 40
    },
    "2016-03-31": {
        "Diluted EPS": 0.0,
        "Total Revenue": 119,
        "Gross Profit": 119,
        "Operating Income": 47,
        "EBIT": 70,
        "Net Income": 47
    },
    "2015-12-31": {
        "Diluted EPS": 0.0,
        "Total Revenue": NaN,
        "Gross Profit": NaN,
        "Operating Income": NaN,
        "EBIT": NaN,
        "Net Income": NaN
    },
    "2023-09-30": {
        "Tax Effect Of Unusual Items": NaN,
        "Tax Rate For Calcs": NaN,
        "Normalized EBITDA": NaN,
        "Total Unusual Items": NaN,
        "Total Unusual Items Excluding Goodwill": NaN,
        "Net Income From Continuing Operation Net Minority Interest": NaN,
        "Reconciled Depreciation": NaN,
        "Reconciled Cost Of Revenue": NaN,
        "EBITDA": NaN,
        "EBIT": NaN,
        "Net Interest Income": NaN,
        "Interest Expense": NaN,
        "Normalized Income": NaN,
        "Net Income From Continuing And Discontinued Operation": NaN,
        "Total Expenses": NaN,
        "Total Operating Income As Reported": NaN,
        "Diluted Average Shares": NaN,
        "Basic Average Shares": NaN,
        "Diluted EPS": NaN,
        "Basic EPS": NaN,
        "Diluted NI Availto Com Stockholders": NaN,
        "Net Income Common Stockholders": NaN,
        "Net Income": NaN,
        "Minority Interests": NaN,
        "Net Income Including Noncontrolling Interests": NaN,
        "Net Income Continuous Operations": NaN,
        "Tax Provision": NaN,
        "Pretax Income": NaN,
        "Other Income Expense": NaN,
        "Earnings From Equity Interest": 2000000.0,
        "Gain On Sale Of Security": NaN,
        "Net Non Operating Interest Income Expense": NaN,
        "Interest Expense Non Operating": NaN,
        "Operating Income": NaN,
        "Operating Expense": NaN,
        "Other Operating Expenses": NaN,
        "Selling General And Administration": NaN,
        "General And Administrative Expense": NaN,
        "Other Gand A": NaN,
        "Gross Profit": NaN,
        "Cost Of Revenue": NaN,
        "Total Revenue": NaN,
        "Operating Revenue": NaN
    },
    "2023-12-31": {
        "Tax Effect Of Unusual Items": NaN,
        "Tax Rate For Calcs": NaN,
        "Normalized EBITDA": NaN,
        "Total Unusual Items": NaN,
        "Total Unusual Items Excluding Goodwill": NaN,
        "Net Income From Continuing Operation Net Minority Interest": NaN,
        "Reconciled Depreciation": NaN,
        "Reconciled Cost Of Revenue": NaN,
        "EBITDA": NaN,
        "EBIT": NaN,
        "Net Interest Income": NaN,
        "Interest Expense": NaN,
        "Normalized Income": NaN,
        "Net Income From Continuing And Discontinued Operation": NaN,
        "Total Expenses": NaN,
        "Total Operating Income As Reported": NaN,
        "Diluted Average Shares": NaN,
        "Basic Average Shares": NaN,
        "Diluted EPS": NaN,
        "Basic EPS": NaN,
        "Diluted NI Availto Com Stockholders": NaN,
        "Net Income Common Stockholders": NaN,
        "Net Income": NaN,
        "Minority Interests": NaN,
        "Net Income Including Noncontrolling Interests": NaN,
        "Net Income Continuous Operations": NaN,
        "Tax Provision": NaN,
        "Pretax Income": NaN,
        "Other Income Expense": NaN,
        "Earnings From Equity Interest": 2400000.0,
        "Gain On Sale Of Security": NaN,
        "Net Non Operating Interest Income Expense": NaN,
        "Interest Expense Non Operating": NaN,
        "Operating Income": NaN,
        "Operating Expense": NaN,
        "Other Operating Expenses": NaN,
        "Selling General And Administration": NaN,
        "General And Administrative Expense": NaN,
        "Other Gand A": NaN,
        "Gross Profit": NaN,
        "Cost Of Revenue": NaN,
        "Total Revenue": NaN,
        "Operating Revenue": NaN
    },
    "2024-03-31": {
        "Tax Effect Of Unusual Items": NaN,
        "Tax Rate For Calcs": NaN,
        "Normalized EBITDA": NaN,
        "Total Unusual Items": NaN,
        "Total Unusual Items Excluding Goodwill": NaN,
        "Net Income From Continuing Operation Net Minority Interest": NaN,
        "Reconciled Depreciation": NaN,
        "Reconciled Cost Of Revenue": NaN,
        "EBITDA": NaN,
        "EBIT": NaN,
        "Net Interest Income": NaN,
        "Interest Expense": NaN,
        "Normalized Income": NaN,
        "Net Income From Continuing And Discontinued Operation": NaN,
        "Total Expenses": NaN,
        "Total Operating Income As Reported": NaN,
        "Diluted Average Shares": NaN,
        "Basic Average Shares": NaN,
        "Diluted EPS": NaN,
        "Basic EPS": NaN,
        "Diluted NI Availto Com Stockholders": NaN,
        "Net Income Common Stockholders": NaN,
        "Net Income": NaN,
        "Minority Interests": NaN,
        "Net Income Including Noncontrolling Interests": NaN,
        "Net Income Continuous Operations": NaN,
        "Tax Provision": NaN,
        "Pretax Income": NaN,
        "Other Income Expense": NaN,
        "Earnings From Equity Interest": 2700000.0,
        "Gain On Sale Of Security": NaN,
        "Net Non Operating Interest Income Expense": NaN,
        "Interest Expense Non Operating": NaN,
        "Operating Income": NaN,
        "Operating Expense": NaN,
        "Other Operating Expenses": NaN,
        "Selling General And Administration": NaN,
        "General And Administrative Expense": NaN,
        "Other Gand A": NaN,
        "Gross Profit": NaN,
        "Cost Of Revenue": NaN,
        "Total Revenue": NaN,
        "Operating Revenue": NaN
    },
    "2024-06-30": {
        "Tax Effect Of Unusual Items": NaN,
        "Tax Rate For Calcs": NaN,
        "Normalized EBITDA": NaN,
        "Total Unusual Items": NaN,
        "Total Unusual Items Excluding Goodwill": NaN,
        "Net Income From Continuing Operation Net Minority Interest": NaN,
        "Reconciled Depreciation": NaN,
        "Reconciled Cost Of Revenue": NaN,
        "EBITDA": NaN,
        "EBIT": NaN,
        "Net Interest Income": NaN,
        "Interest Expense": NaN,
        "Normalized Income": NaN,
        "Net Income From Continuing And Discontinued Operation": NaN,
        "Total Expenses": NaN,
        "Total Operating Income As Reported": NaN,
        "Diluted Average Shares": NaN,
        "Basic Average Shares": NaN,
        "Diluted EPS": NaN,
        "Basic EPS": NaN,
        "Diluted NI Availto Com Stockholders": NaN,
        "Net Income Common Stockholders": NaN,
        "Net Income": NaN,
        "Minority Interests": NaN,
        "Net Income Including Noncontrolling Interests": NaN,
        "Net Income Continuous Operations": NaN,
        "Tax Provision": NaN,
        "Pretax Income": NaN,
        "Other Income Expense": NaN,
        "Earnings From Equity Interest": 3700000.0,
        "Gain On Sale Of Security": NaN,
        "Net Non Operating Interest Income Expense": NaN,
        "Interest Expense Non Operating": NaN,
        "Operating Income": NaN,
        "Operating Expense": NaN,
        "Other Operating Expenses": NaN,
        "Selling General And Administration": NaN,
        "General And Administrative Expense": NaN,
        "Other Gand A": NaN,
        "Gross Profit": NaN,
        "Cost Of Revenue": NaN,
        "Total Revenue": NaN,
        "Operating Revenue": NaN
    },
    "2024-09-30": {
        "Tax Effect Of Unusual Items": 380882.352941,
        "Tax Rate For Calcs": 0.102941,
        "Normalized EBITDA": 283200000.0,
        "Total Unusual Items": 3700000.0,
        "Total Unusual Items Excluding Goodwill": 3700000.0,
        "Net Income From Continuing Operation Net Minority Interest": 58600000.0,
        "Reconciled Depreciation": 51500000.0,
        "Reconciled Cost Of Revenue": 51500000.0,
        "EBITDA": 286900000.0,
        "EBIT": 235400000.0,
        "Net Interest Income": -51800000.0,
        "Interest Expense": 51800000.0,
        "Normalized Income": 55280882.352941,
        "Net Income From Continuing And Discontinued Operation": 58600000.0,
        "Total Expenses": 145900000.0,
        "Total Operating Income As Reported": 231700000.0,
        "Diluted Average Shares": NaN,
        "Basic Average Shares": NaN,
        "Diluted EPS": NaN,
        "Basic EPS": NaN,
        "Diluted NI Availto Com Stockholders": 58600000.0,
        "Net Income Common Stockholders": 58600000.0,
        "Net Income": 58600000.0,
        "Minority Interests": -106100000.0,
        "Net Income Including Noncontrolling Interests": 164700000.0,
        "Net Income Continuous Operations": 164700000.0,
        "Tax Provision": 18900000.0,
        "Pretax Income": 183600000.0,
        "Other Income Expense": 3700000.0,
        "Earnings From Equity Interest": 3700000.0,
        "Gain On Sale Of Security": 3700000.0,
        "Net Non Operating Interest Income Expense": -51800000.0,
        "Interest Expense Non Operating": 51800000.0,
        "Operating Income": 231700000.0,
        "Operating Expense": 94400000.0,
        "Other Operating Expenses": -900000.0,
        "Selling General And Administration": 6300000.0,
        "General And Administrative Expense": 6300000.0,
        "Other Gand A": 6300000.0,
        "Gross Profit": 326100000.0,
        "Cost Of Revenue": 51500000.0,
        "Total Revenue": 377600000.0,
        "Operating Revenue": 377600000.0
    },
    "2024-12-31": {
        "Tax Effect Of Unusual Items": 452696.456086,
        "Tax Rate For Calcs": 0.116076,
        "Normalized EBITDA": 294300000.0,
        "Total Unusual Items": 3900000.0,
        "Total Unusual Items Excluding Goodwill": 3900000.0,
        "Net Income From Continuing Operation Net Minority Interest": 70400000.0,
        "Reconciled Depreciation": 51300000.0,
        "Reconciled Cost Of Revenue": 51300000.0,
        "EBITDA": 298200000.0,
        "EBIT": 246900000.0,
        "Net Interest Income": -52200000.0,
        "Interest Expense": 52200000.0,
        "Normalized Income": 66952696.456086,
        "Net Income From Continuing And Discontinued Operation": 70400000.0,
        "Total Expenses": 152000000.0,
        "Total Operating Income As Reported": 243000000.0,
        "Diluted Average Shares": 104100000.0,
        "Basic Average Shares": 104100000.0,
        "Diluted EPS": 0.68,
        "Basic EPS": 0.68,
        "Diluted NI Availto Com Stockholders": 70400000.0,
        "Net Income Common Stockholders": 70400000.0,
        "Net Income": 70400000.0,
        "Minority Interests": -101700000.0,
        "Net Income Including Noncontrolling Interests": 172100000.0,
        "Net Income Continuous Operations": 172100000.0,
        "Tax Provision": 22600000.0,
        "Pretax Income": 194700000.0,
        "Other Income Expense": 3900000.0,
        "Earnings From Equity Interest": NaN,
        "Gain On Sale Of Security": 3900000.0,
        "Net Non Operating Interest Income Expense": -52200000.0,
        "Interest Expense Non Operating": 52200000.0,
        "Operating Income": 243000000.0,
        "Operating Expense": 100700000.0,
        "Other Operating Expenses": -900000.0,
        "Selling General And Administration": 8900000.0,
        "General And Administrative Expense": 8900000.0,
        "Other Gand A": 8900000.0,
        "Gross Profit": 343700000.0,
        "Cost Of Revenue": 51300000.0,
        "Total Revenue": 395000000.0,
        "Operating Revenue": 395000000.0
    },
    "2025-03-31": {
        "Tax Effect Of Unusual Items": 424078.091106,
        "Tax Rate For Calcs": 0.124729,
        "Normalized EBITDA": 288900000.0,
        "Total Unusual Items": 3400000.0,
        "Total Unusual Items Excluding Goodwill": 3400000.0,
        "Net Income From Continuing Operation Net Minority Interest": 71600000.0,
        "Reconciled Depreciation": 51500000.0,
        "Reconciled Cost Of Revenue": 51500000.0,
        "EBITDA": 292300000.0,
        "EBIT": 240800000.0,
        "Net Interest Income": -56400000.0,
        "Interest Expense": 56400000.0,
        "Normalized Income": 68624078.091106,
        "Net Income From Continuing And Discontinued Operation": 71600000.0,
        "Total Expenses": 143600000.0,
        "Total Operating Income As Reported": 237400000.0,
        "Diluted Average Shares": 110800000.0,
        "Basic Average Shares": 110700000.0,
        "Diluted EPS": 0.65,
        "Basic EPS": 0.65,
        "Diluted NI Availto Com Stockholders": 71600000.0,
        "Net Income Common Stockholders": 71600000.0,
        "Net Income": 71600000.0,
        "Minority Interests": -89800000.0,
        "Net Income Including Noncontrolling Interests": 161400000.0,
        "Net Income Continuous Operations": 161400000.0,
        "Tax Provision": 23000000.0,
        "Pretax Income": 184400000.0,
        "Other Income Expense": 3400000.0,
        "Earnings From Equity Interest": NaN,
        "Gain On Sale Of Security": 3400000.0,
        "Net Non Operating Interest Income Expense": -56400000.0,
        "Interest Expense Non Operating": 56400000.0,
        "Operating Income": 237400000.0,
        "Operating Expense": 92100000.0,
        "Other Operating Expenses": -1000000.0,
        "Selling General And Administration": 7500000.0,
        "General And Administrative Expense": 7500000.0,
        "Other Gand A": 7500000.0,
        "Gross Profit": 329500000.0,
        "Cost Of Revenue": 51500000.0,
        "Total Revenue": 381000000.0,
        "Operating Revenue": 381000000.0
    },
    "2025-06-30": {
        "Tax Effect Of Unusual Items": 557471.264368,
        "Tax Rate For Calcs": 0.139368,
        "Normalized EBITDA": 312000000.0,
        "Total Unusual Items": 4000000.0,
        "Total Unusual Items Excluding Goodwill": 4000000.0,
        "Net Income From Continuing Operation Net Minority Interest": 90300000.0,
        "Reconciled Depreciation": 51800000.0,
        "Reconciled Cost Of Revenue": 51800000.0,
        "EBITDA": 316000000.0,
        "EBIT": 264200000.0,
        "Net Interest Income": -55400000.0,
        "Interest Expense": 55400000.0,
        "Normalized Income": 86857471.264368,
        "Net Income From Continuing And Discontinued Operation": 90300000.0,
        "Total Expenses": 153300000.0,
        "Total Operating Income As Reported": 260200000.0,
        "Diluted Average Shares": 121800000.0,
        "Basic Average Shares": 121800000.0,
        "Diluted EPS": 0.74,
        "Basic EPS": 0.74,
        "Diluted NI Availto Com Stockholders": 90300000.0,
        "Net Income Common Stockholders": 90300000.0,
        "Net Income": 90300000.0,
        "Minority Interests": -89400000.0,
        "Net Income Including Noncontrolling Interests": 179700000.0,
        "Net Income Continuous Operations": 179700000.0,
        "Tax Provision": 29100000.0,
        "Pretax Income": 208800000.0,
        "Other Income Expense": 4000000.0,
        "Earnings From Equity Interest": NaN,
        "Gain On Sale Of Security": 4000000.0,
        "Net Non Operating Interest Income Expense": -55400000.0,
        "Interest Expense Non Operating": 55400000.0,
        "Operating Income": 260200000.0,
        "Operating Expense": 101500000.0,
        "Other Operating Expenses": -700000.0,
        "Selling General And Administration": 8100000.0,
        "General And Administrative Expense": 8100000.0,
        "Other Gand A": 8100000.0,
        "Gross Profit": 361700000.0,
        "Cost Of Revenue": 51800000.0,
        "Total Revenue": 413500000.0,
        "Operating Revenue": 413500000.0
    },
    "2025-09-30": {
        "Tax Effect Of Unusual Items": 791304.347826,
        "Tax Rate For Calcs": 0.152174,
        "Normalized EBITDA": 315500000.0,
        "Total Unusual Items": 5200000.0,
        "Total Unusual Items Excluding Goodwill": 5200000.0,
        "Net Income From Continuing Operation Net Minority Interest": 97700000.0,
        "Reconciled Depreciation": 56600000.0,
        "Reconciled Cost Of Revenue": 56600000.0,
        "EBITDA": 320700000.0,
        "EBIT": 264100000.0,
        "Net Interest Income": -57100000.0,
        "Interest Expense": 57100000.0,
        "Normalized Income": 93291304.347826,
        "Net Income From Continuing And Discontinued Operation": 97700000.0,
        "Total Expenses": 160700000.0,
        "Total Operating Income As Reported": 258900000.0,
        "Diluted Average Shares": 130300000.0,
        "Basic Average Shares": 130300000.0,
        "Diluted EPS": 0.75,
        "Basic EPS": 0.75,
        "Diluted NI Availto Com Stockholders": 97700000.0,
        "Net Income Common Stockholders": 97700000.0,
        "Net Income": 97700000.0,
        "Minority Interests": -77800000.0,
        "Net Income Including Noncontrolling Interests": 175500000.0,
        "Net Income Continuous Operations": 175500000.0,
        "Tax Provision": 31500000.0,
        "Pretax Income": 207000000.0,
        "Other Income Expense": 5200000.0,
        "Earnings From Equity Interest": NaN,
        "Gain On Sale Of Security": 5200000.0,
        "Net Non Operating Interest Income Expense": -57100000.0,
        "Interest Expense Non Operating": 57100000.0,
        "Operating Income": 258900000.0,
        "Operating Expense": 104100000.0,
        "Other Operating Expenses": -1300000.0,
        "Selling General And Administration": 7300000.0,
        "General And Administrative Expense": 7300000.0,
        "Other Gand A": 7300000.0,
        "Gross Profit": 363000000.0,
        "Cost Of Revenue": 56600000.0,
        "Total Revenue": 419600000.0,
        "Operating Revenue": 419600000.0
    },
    "2025-12-31": {
        "Tax Effect Of Unusual Items": NaN,
        "Tax Rate For Calcs": NaN,
        "Normalized EBITDA": NaN,
        "Total Unusual Items": NaN,
        "Total Unusual Items Excluding Goodwill": NaN,
        "Net Income From Continuing Operation Net Minority Interest": NaN,
        "Reconciled Depreciation": NaN,
        "Reconciled Cost Of Revenue": NaN,
        "EBITDA": NaN,
        "EBIT": NaN,
        "Net Interest Income": NaN,
        "Interest Expense": NaN,
        "Normalized Income": NaN,
        "Net Income From Continuing And Discontinued Operation": NaN,
        "Total Expenses": NaN,
        "Total Operating Income As Reported": NaN,
        "Diluted Average Shares": 129400000.0,
        "Basic Average Shares": 129400000.0,
        "Diluted EPS": 0.72,
        "Basic EPS": 0.72,
        "Diluted NI Availto Com Stockholders": NaN,
        "Net Income Common Stockholders": NaN,
        "Net Income": NaN,
        "Minority Interests": NaN,
        "Net Income Including Noncontrolling Interests": NaN,
        "Net Income Continuous Operations": NaN,
        "Tax Provision": NaN,
        "Pretax Income": NaN,
        "Other Income Expense": NaN,
        "Earnings From Equity Interest": NaN,
        "Gain On Sale Of Security": NaN,
        "Net Non Operating Interest Income Expense": NaN,
        "Interest Expense Non Operating": NaN,
        "Operating Income": NaN,
        "Operating Expense": NaN,
        "Other Operating Expenses": NaN,
        "Selling General And Administration": NaN,
        "General And Administrative Expense": NaN,
        "Other Gand A": NaN,
        "Gross Profit": NaN,
        "Cost Of Revenue": NaN,
        "Total Revenue": NaN,
        "Operating Revenue": NaN
    }
}