{
    "2023-03-31": {
        "Tax Effect Of Unusual Items": NaN,
        "Tax Rate For Calcs": NaN,
        "Normalized EBITDA": NaN,
        "Total Unusual Items": NaN,
        "Total Unusual Items Excluding Goodwill": NaN,
        "Net Income From Continuing Operation Net Minority Interest": NaN,
        "Reconciled Depreciation": NaN,
        "Reconciled Cost Of Revenue": NaN,
        "EBITDA": NaN,
        "EBIT": NaN,
        "Net Interest Income": NaN,
        "Interest Expense": NaN,
        "Normalized Income": NaN,
        "Net Income From Continuing And Discontinued Operation": NaN,
        "Total Expenses": NaN,
        "Total Operating Income As Reported": NaN,
        "Diluted Average Shares": NaN,
        "Basic Average Shares": NaN,
        "Diluted EPS": NaN,
        "Basic EPS": NaN,
        "Diluted NI Availto Com Stockholders": NaN,
        "Net Income Common Stockholders": NaN,
        "Net Income": NaN,
        "Minority Interests": NaN,
        "Net Income Including Noncontrolling Interests": NaN,
        "Net Income Continuous Operations": NaN,
        "Tax Provision": NaN,
        "Pretax Income": NaN,
        "Other Income Expense": NaN,
        "Other Non Operating Income Expenses": NaN,
        "Gain On Sale Of Security": NaN,
        "Net Non Operating Interest Income Expense": NaN,
        "Interest Expense Non Operating": NaN,
        "Operating Income": NaN,
        "Operating Expense": NaN,
        "Selling General And Administration": NaN,
        "Selling And Marketing Expense": 52929000.0,
        "Gross Profit": NaN,
        "Cost Of Revenue": NaN,
        "Total Revenue": NaN,
        "Operating Revenue": NaN
    },
    "2022-12-31": {
        "Tax Effect Of Unusual Items": NaN,
        "Tax Rate For Calcs": NaN,
        "Normalized EBITDA": NaN,
        "Total Unusual Items": NaN,
        "Total Unusual Items Excluding Goodwill": NaN,
        "Net Income From Continuing Operation Net Minority Interest": NaN,
        "Reconciled Depreciation": NaN,
        "Reconciled Cost Of Revenue": NaN,
        "EBITDA": NaN,
        "EBIT": NaN,
        "Net Interest Income": NaN,
        "Interest Expense": NaN,
        "Normalized Income": NaN,
        "Net Income From Continuing And Discontinued Operation": NaN,
        "Total Expenses": NaN,
        "Rent Expense Supplemental": -87000.0,
        "Total Operating Income As Reported": NaN,
        "Diluted Average Shares": NaN,
        "Basic Average Shares": NaN,
        "Diluted EPS": NaN,
        "Basic EPS": NaN,
        "Diluted NI Availto Com Stockholders": NaN,
        "Net Income Common Stockholders": NaN,
        "Net Income": NaN,
        "Minority Interests": NaN,
        "Net Income Including Noncontrolling Interests": NaN,
        "Net Income Continuous Operations": NaN,
        "Tax Provision": NaN,
        "Pretax Income": NaN,
        "Other Income Expense": NaN,
        "Other Non Operating Income Expenses": NaN,
        "Gain On Sale Of Security": NaN,
        "Net Non Operating Interest Income Expense": NaN,
        "Interest Expense Non Operating": NaN,
        "Operating Income": NaN,
        "Operating Expense": NaN,
        "Selling General And Administration": NaN,
        "Selling And Marketing Expense": 54113000.0,
        "General And Administrative Expense": -87000.0,
        "Rent And Landing Fees": -87000.0,
        "Gross Profit": NaN,
        "Cost Of Revenue": NaN,
        "Total Revenue": NaN,
        "Operating Revenue": NaN
    },
    "2022-09-30": {
        "Tax Effect Of Unusual Items": 41748.0,
        "Tax Rate For Calcs": 0.147,
        "Normalized EBITDA": 3810000.0,
        "Total Unusual Items": 284000.0,
        "Total Unusual Items Excluding Goodwill": 284000.0,
        "Net Income From Continuing Operation Net Minority Interest": -3864000.0,
        "Reconciled Depreciation": 6386000.0,
        "Reconciled Cost Of Revenue": 249218000.0,
        "EBITDA": 4094000.0,
        "EBIT": -2292000.0,
        "Net Interest Income": -2274000.0,
        "Interest Expense": 2274000.0,
        "Normalized Income": -4106252.0,
        "Net Income From Continuing And Discontinued Operation": -3864000.0,
        "Total Expenses": 303807000.0,
        "Rent Expense Supplemental": NaN,
        "Total Operating Income As Reported": -3096000.0,
        "Diluted Average Shares": 53798131.0,
        "Basic Average Shares": 53798131.0,
        "Diluted EPS": -0.07,
        "Basic EPS": -0.07,
        "Diluted NI Availto Com Stockholders": -3864000.0,
        "Net Income Common Stockholders": -3864000.0,
        "Net Income": -3864000.0,
        "Minority Interests": 30000.0,
        "Net Income Including Noncontrolling Interests": -3894000.0,
        "Net Income Continuous Operations": -3894000.0,
        "Tax Provision": -672000.0,
        "Pretax Income": -4566000.0,
        "Other Income Expense": 804000.0,
        "Other Non Operating Income Expenses": 520000.0,
        "Gain On Sale Of Security": 284000.0,
        "Net Non Operating Interest Income Expense": -2274000.0,
        "Interest Expense Non Operating": 2274000.0,
        "Operating Income": -3096000.0,
        "Operating Expense": 54589000.0,
        "Selling General And Administration": 54589000.0,
        "Selling And Marketing Expense": 54589000.0,
        "General And Administrative Expense": NaN,
        "Rent And Landing Fees": NaN,
        "Gross Profit": 51493000.0,
        "Cost Of Revenue": 249218000.0,
        "Total Revenue": 300711000.0,
        "Operating Revenue": 300711000.0
    },
    "2022-06-30": {
        "Tax Effect Of Unusual Items": 40768.0,
        "Tax Rate For Calcs": 0.196,
        "Normalized EBITDA": 13012000.0,
        "Total Unusual Items": 208000.0,
        "Total Unusual Items Excluding Goodwill": 208000.0,
        "Net Income From Continuing Operation Net Minority Interest": 4564000.0,
        "Reconciled Depreciation": 6080000.0,
        "Reconciled Cost Of Revenue": 247072000.0,
        "EBITDA": 13220000.0,
        "EBIT": 7140000.0,
        "Net Interest Income": -1549000.0,
        "Interest Expense": 1549000.0,
        "Normalized Income": 4396768.0,
        "Net Income From Continuing And Discontinued Operation": 4564000.0,
        "Total Expenses": 292915000.0,
        "Rent Expense Supplemental": NaN,
        "Total Operating Income As Reported": 6727000.0,
        "Diluted Average Shares": 53900883.0,
        "Basic Average Shares": 53706392.0,
        "Diluted EPS": 0.08,
        "Basic EPS": 0.08,
        "Diluted NI Availto Com Stockholders": 4564000.0,
        "Net Income Common Stockholders": 4564000.0,
        "Net Income": 4564000.0,
        "Minority Interests": 70000.0,
        "Net Income Including Noncontrolling Interests": 4494000.0,
        "Net Income Continuous Operations": 4494000.0,
        "Tax Provision": 1097000.0,
        "Pretax Income": 5591000.0,
        "Other Income Expense": 413000.0,
        "Other Non Operating Income Expenses": 205000.0,
        "Gain On Sale Of Security": 208000.0,
        "Net Non Operating Interest Income Expense": -1549000.0,
        "Interest Expense Non Operating": 1549000.0,
        "Operating Income": 6727000.0,
        "Operating Expense": 45843000.0,
        "Selling General And Administration": 45843000.0,
        "Selling And Marketing Expense": 45843000.0,
        "General And Administrative Expense": NaN,
        "Rent And Landing Fees": NaN,
        "Gross Profit": 52570000.0,
        "Cost Of Revenue": 247072000.0,
        "Total Revenue": 299642000.0,
        "Operating Revenue": 299642000.0
    },
    "2022-03-31": {
        "Diluted EPS": 0.06,
        "Total Revenue": 278,
        "Gross Profit": 51,
        "Operating Income": 10,
        "EBIT": 16,
        "Net Income": 3
    },
    "2021-12-31": {
        "Diluted EPS": 0.18,
        "Total Revenue": 228,
        "Gross Profit": 45,
        "Operating Income": 12,
        "EBIT": 17,
        "Net Income": 10
    },
    "2021-09-30": {
        "Diluted EPS": 0.15,
        "Total Revenue": 216,
        "Gross Profit": 42,
        "Operating Income": 11,
        "EBIT": 16,
        "Net Income": 8
    },
    "2021-06-30": {
        "Diluted EPS": 0.07,
        "Total Revenue": 194,
        "Gross Profit": 35,
        "Operating Income": 5,
        "EBIT": 10,
        "Net Income": 3
    },
    "2021-03-31": {
        "Diluted EPS": 0.03,
        "Total Revenue": 159,
        "Gross Profit": 29,
        "Operating Income": 1,
        "EBIT": 6,
        "Net Income": 1
    },
    "2020-12-31": {
        "Diluted EPS": 0.02,
        "Total Revenue": 147,
        "Gross Profit": 26,
        "Operating Income": -339,
        "EBIT": -334,
        "Net Income": 1
    },
    "2020-09-30": {
        "Diluted EPS": -0.01,
        "Total Revenue": 140,
        "Gross Profit": 25,
        "Operating Income": 0,
        "EBIT": 5,
        "Net Income": -1
    },
    "2020-06-30": {
        "Diluted EPS": -0.08,
        "Total Revenue": 105,
        "Gross Profit": 21,
        "Operating Income": -4,
        "EBIT": 0,
        "Net Income": -4
    },
    "2020-03-31": {
        "Diluted EPS": -6.52,
        "Total Revenue": 176,
        "Gross Profit": 29,
        "Operating Income": 0,
        "EBIT": 342,
        "Net Income": -340
    },
    "2019-12-31": {
        "Diluted EPS": -0.01,
        "Total Revenue": 163,
        "Gross Profit": 27,
        "Operating Income": 2,
        "EBIT": 5,
        "Net Income": 1
    },
    "2019-09-30": {
        "Diluted EPS": 0.06,
        "Total Revenue": 76,
        "Gross Profit": 12,
        "Operating Income": 2,
        "EBIT": 3,
        "Net Income": 1
    },
    "2019-06-30": {
        "Diluted EPS": 0.05,
        "Total Revenue": 75,
        "Gross Profit": 13,
        "Operating Income": 1,
        "EBIT": 2,
        "Net Income": 1
    },
    "2019-03-31": {
        "Diluted EPS": 0.08,
        "Total Revenue": 75,
        "Gross Profit": 13,
        "Operating Income": 2,
        "EBIT": 3,
        "Net Income": 2
    },
    "2018-12-31": {
        "Diluted EPS": 0.1,
        "Total Revenue": 74,
        "Gross Profit": 13,
        "Operating Income": 3,
        "EBIT": 4,
        "Net Income": 2
    },
    "2018-09-30": {
        "Diluted EPS": 0.08,
        "Total Revenue": 70,
        "Gross Profit": 13,
        "Operating Income": 2,
        "EBIT": 3,
        "Net Income": 2
    },
    "2018-06-30": {
        "Diluted EPS": 0.05,
        "Total Revenue": 72,
        "Gross Profit": 12,
        "Operating Income": 1,
        "EBIT": 1,
        "Net Income": 1
    },
    "2018-03-31": {
        "Diluted EPS": 0.07,
        "Total Revenue": 75,
        "Gross Profit": 12,
        "Operating Income": 2,
        "EBIT": 3,
        "Net Income": 1
    },
    "2017-12-31": {
        "Diluted EPS": 0.38,
        "Total Revenue": 220,
        "Gross Profit": 33,
        "Operating Income": 9,
        "EBIT": 9,
        "Net Income": 8
    },
    "2017-09-30": {
        "Diluted EPS": 0.1,
        "Total Revenue": 76,
        "Gross Profit": 11,
        "Operating Income": 2,
        "EBIT": 2,
        "Net Income": 2
    },
    "2017-06-30": {
        "Diluted EPS": 0.0,
        "Total Revenue": NaN,
        "Gross Profit": NaN,
        "Operating Income": 0,
        "EBIT": 0,
        "Net Income": 0
    },
    "2017-03-31": {
        "Diluted EPS": 0.0,
        "Total Revenue": NaN,
        "Gross Profit": NaN,
        "Operating Income": 0,
        "EBIT": 0,
        "Net Income": 0
    },
    "2016-12-31": {
        "Diluted EPS": 0.0,
        "Total Revenue": NaN,
        "Gross Profit": NaN,
        "Operating Income": NaN,
        "EBIT": NaN,
        "Net Income": NaN
    },
    "2016-09-30": {
        "Diluted EPS": 0.0,
        "Total Revenue": NaN,
        "Gross Profit": NaN,
        "Operating Income": 0,
        "EBIT": 0,
        "Net Income": 0
    },
    "2016-06-30": {
        "Diluted EPS": 0.0,
        "Total Revenue": NaN,
        "Gross Profit": NaN,
        "Operating Income": 0,
        "EBIT": 0,
        "Net Income": 0
    },
    "2023-06-30": {
        "Tax Effect Of Unusual Items": NaN,
        "Tax Rate For Calcs": NaN,
        "Normalized EBITDA": NaN,
        "Total Unusual Items": NaN,
        "Total Unusual Items Excluding Goodwill": NaN,
        "Net Income From Continuing Operation Net Minority Interest": NaN,
        "Reconciled Depreciation": NaN,
        "Reconciled Cost Of Revenue": NaN,
        "EBITDA": NaN,
        "EBIT": NaN,
        "Net Interest Income": NaN,
        "Interest Expense": NaN,
        "Normalized Income": NaN,
        "Net Income From Continuing And Discontinued Operation": NaN,
        "Total Expenses": NaN,
        "Total Operating Income As Reported": NaN,
        "Diluted Average Shares": NaN,
        "Basic Average Shares": NaN,
        "Diluted EPS": NaN,
        "Basic EPS": NaN,
        "Diluted NI Availto Com Stockholders": NaN,
        "Net Income Common Stockholders": NaN,
        "Net Income": NaN,
        "Minority Interests": NaN,
        "Net Income Including Noncontrolling Interests": NaN,
        "Net Income Continuous Operations": NaN,
        "Tax Provision": NaN,
        "Pretax Income": NaN,
        "Other Income Expense": NaN,
        "Other Non Operating Income Expenses": NaN,
        "Gain On Sale Of Security": NaN,
        "Net Non Operating Interest Income Expense": NaN,
        "Interest Expense Non Operating": NaN,
        "Operating Income": NaN,
        "Operating Expense": NaN,
        "Selling General And Administration": NaN,
        "Selling And Marketing Expense": 52243000.0,
        "Gross Profit": NaN,
        "Cost Of Revenue": NaN,
        "Total Revenue": NaN,
        "Operating Revenue": NaN
    },
    "2023-09-30": {
        "Tax Effect Of Unusual Items": NaN,
        "Tax Rate For Calcs": NaN,
        "Normalized EBITDA": NaN,
        "Total Unusual Items": NaN,
        "Total Unusual Items Excluding Goodwill": NaN,
        "Net Income From Continuing Operation Net Minority Interest": NaN,
        "Reconciled Depreciation": NaN,
        "Reconciled Cost Of Revenue": NaN,
        "EBITDA": NaN,
        "EBIT": NaN,
        "Net Interest Income": NaN,
        "Interest Expense": NaN,
        "Normalized Income": NaN,
        "Net Income From Continuing And Discontinued Operation": NaN,
        "Total Expenses": NaN,
        "Total Operating Income As Reported": NaN,
        "Diluted Average Shares": NaN,
        "Basic Average Shares": NaN,
        "Diluted EPS": NaN,
        "Basic EPS": NaN,
        "Diluted NI Availto Com Stockholders": NaN,
        "Net Income Common Stockholders": NaN,
        "Net Income": NaN,
        "Minority Interests": NaN,
        "Net Income Including Noncontrolling Interests": NaN,
        "Net Income Continuous Operations": NaN,
        "Tax Provision": NaN,
        "Pretax Income": NaN,
        "Other Income Expense": NaN,
        "Other Non Operating Income Expenses": NaN,
        "Gain On Sale Of Security": NaN,
        "Net Non Operating Interest Income Expense": NaN,
        "Interest Expense Non Operating": NaN,
        "Operating Income": NaN,
        "Operating Expense": NaN,
        "Selling General And Administration": NaN,
        "Selling And Marketing Expense": 48841000.0,
        "Gross Profit": NaN,
        "Cost Of Revenue": NaN,
        "Total Revenue": NaN,
        "Operating Revenue": NaN
    },
    "2023-12-31": {
        "Tax Effect Of Unusual Items": NaN,
        "Tax Rate For Calcs": NaN,
        "Normalized EBITDA": NaN,
        "Total Unusual Items": NaN,
        "Total Unusual Items Excluding Goodwill": NaN,
        "Net Income From Continuing Operation Net Minority Interest": NaN,
        "Reconciled Depreciation": NaN,
        "Reconciled Cost Of Revenue": NaN,
        "EBITDA": NaN,
        "EBIT": NaN,
        "Net Interest Income": NaN,
        "Interest Expense": NaN,
        "Normalized Income": NaN,
        "Net Income From Continuing And Discontinued Operation": NaN,
        "Total Expenses": NaN,
        "Total Operating Income As Reported": NaN,
        "Diluted Average Shares": NaN,
        "Basic Average Shares": NaN,
        "Diluted EPS": NaN,
        "Basic EPS": NaN,
        "Diluted NI Availto Com Stockholders": NaN,
        "Net Income Common Stockholders": NaN,
        "Net Income": NaN,
        "Minority Interests": NaN,
        "Net Income Including Noncontrolling Interests": NaN,
        "Net Income Continuous Operations": NaN,
        "Tax Provision": NaN,
        "Pretax Income": NaN,
        "Other Income Expense": NaN,
        "Other Non Operating Income Expenses": NaN,
        "Gain On Sale Of Security": NaN,
        "Net Non Operating Interest Income Expense": NaN,
        "Interest Expense Non Operating": NaN,
        "Operating Income": NaN,
        "Operating Expense": NaN,
        "Selling General And Administration": NaN,
        "Selling And Marketing Expense": 41049000.0,
        "Gross Profit": NaN,
        "Cost Of Revenue": NaN,
        "Total Revenue": NaN,
        "Operating Revenue": NaN
    },
    "2024-03-31": {
        "Tax Effect Of Unusual Items": 481851.351351,
        "Tax Rate For Calcs": 0.244595,
        "Normalized EBITDA": 6800000.0,
        "Total Unusual Items": 1970000.0,
        "Total Unusual Items Excluding Goodwill": 1970000.0,
        "Net Income From Continuing Operation Net Minority Interest": -694000.0,
        "Reconciled Depreciation": 6676000.0,
        "Reconciled Cost Of Revenue": 245243000.0,
        "EBITDA": 8770000.0,
        "EBIT": 2094000.0,
        "Net Interest Income": -2834000.0,
        "Interest Expense": 2834000.0,
        "Normalized Income": -2182148.648649,
        "Net Income From Continuing And Discontinued Operation": -694000.0,
        "Total Expenses": 295739000.0,
        "Total Operating Income As Reported": -85000.0,
        "Diluted Average Shares": 52155968.0,
        "Basic Average Shares": 52155968.0,
        "Diluted EPS": -0.01,
        "Basic EPS": -0.01,
        "Diluted NI Availto Com Stockholders": -694000.0,
        "Net Income Common Stockholders": -694000.0,
        "Net Income": -694000.0,
        "Minority Interests": -135000.0,
        "Net Income Including Noncontrolling Interests": -559000.0,
        "Net Income Continuous Operations": -559000.0,
        "Tax Provision": -181000.0,
        "Pretax Income": -740000.0,
        "Other Income Expense": 2179000.0,
        "Other Non Operating Income Expenses": 209000.0,
        "Gain On Sale Of Security": 1970000.0,
        "Net Non Operating Interest Income Expense": -2834000.0,
        "Interest Expense Non Operating": 2834000.0,
        "Operating Income": -85000.0,
        "Operating Expense": 50496000.0,
        "Selling General And Administration": 50496000.0,
        "Selling And Marketing Expense": NaN,
        "Gross Profit": 50411000.0,
        "Cost Of Revenue": 245243000.0,
        "Total Revenue": 295654000.0,
        "Operating Revenue": 295654000.0
    },
    "2024-06-30": {
        "Tax Effect Of Unusual Items": 75810.0,
        "Tax Rate For Calcs": 0.21,
        "Normalized EBITDA": 11182000.0,
        "Total Unusual Items": 361000.0,
        "Total Unusual Items Excluding Goodwill": 361000.0,
        "Net Income From Continuing Operation Net Minority Interest": 17000.0,
        "Reconciled Depreciation": 6590000.0,
        "Reconciled Cost Of Revenue": 249877000.0,
        "EBITDA": 11543000.0,
        "EBIT": 4953000.0,
        "Net Interest Income": -3119000.0,
        "Interest Expense": 3119000.0,
        "Normalized Income": -268190.0,
        "Net Income From Continuing And Discontinued Operation": 17000.0,
        "Total Expenses": 299717000.0,
        "Total Operating Income As Reported": 2625000.0,
        "Diluted Average Shares": 52661119.0,
        "Basic Average Shares": 52585715.0,
        "Diluted EPS": 0.000323,
        "Basic EPS": 0.000323,
        "Diluted NI Availto Com Stockholders": 17000.0,
        "Net Income Common Stockholders": 17000.0,
        "Net Income": 17000.0,
        "Minority Interests": -218000.0,
        "Net Income Including Noncontrolling Interests": 235000.0,
        "Net Income Continuous Operations": 235000.0,
        "Tax Provision": 1599000.0,
        "Pretax Income": 1834000.0,
        "Other Income Expense": 2328000.0,
        "Other Non Operating Income Expenses": 1967000.0,
        "Gain On Sale Of Security": 361000.0,
        "Net Non Operating Interest Income Expense": -3119000.0,
        "Interest Expense Non Operating": 3119000.0,
        "Operating Income": 2625000.0,
        "Operating Expense": 49840000.0,
        "Selling General And Administration": 49840000.0,
        "Selling And Marketing Expense": NaN,
        "Gross Profit": 52465000.0,
        "Cost Of Revenue": 249877000.0,
        "Total Revenue": 302342000.0,
        "Operating Revenue": 302342000.0
    },
    "2024-09-30": {
        "Tax Effect Of Unusual Items": -809340.0,
        "Tax Rate For Calcs": 0.246,
        "Normalized EBITDA": 7509000.0,
        "Total Unusual Items": -3290000.0,
        "Total Unusual Items Excluding Goodwill": -3290000.0,
        "Net Income From Continuing Operation Net Minority Interest": -3940000.0,
        "Reconciled Depreciation": 6666000.0,
        "Reconciled Cost Of Revenue": 248226000.0,
        "EBITDA": 4219000.0,
        "EBIT": -2447000.0,
        "Net Interest Income": -2644000.0,
        "Interest Expense": 2644000.0,
        "Normalized Income": -1459340.0,
        "Net Income From Continuing And Discontinued Operation": -3940000.0,
        "Total Expenses": 297878000.0,
        "Total Operating Income As Reported": 511000.0,
        "Diluted Average Shares": 52726683.0,
        "Basic Average Shares": 52726683.0,
        "Diluted EPS": -0.07,
        "Basic EPS": -0.07,
        "Diluted NI Availto Com Stockholders": -3940000.0,
        "Net Income Common Stockholders": -3940000.0,
        "Net Income": -3940000.0,
        "Minority Interests": -103000.0,
        "Net Income Including Noncontrolling Interests": -3837000.0,
        "Net Income Continuous Operations": -3837000.0,
        "Tax Provision": -1254000.0,
        "Pretax Income": -5091000.0,
        "Other Income Expense": -2958000.0,
        "Other Non Operating Income Expenses": 332000.0,
        "Gain On Sale Of Security": -3290000.0,
        "Net Non Operating Interest Income Expense": -2644000.0,
        "Interest Expense Non Operating": 2644000.0,
        "Operating Income": 511000.0,
        "Operating Expense": 49652000.0,
        "Selling General And Administration": 49652000.0,
        "Selling And Marketing Expense": NaN,
        "Gross Profit": 50163000.0,
        "Cost Of Revenue": 248226000.0,
        "Total Revenue": 298389000.0,
        "Operating Revenue": 298389000.0
    },
    "2024-12-31": {
        "Tax Effect Of Unusual Items": -9166710.0,
        "Tax Rate For Calcs": 0.21,
        "Normalized EBITDA": 11084000.0,
        "Total Unusual Items": -43651000.0,
        "Total Unusual Items Excluding Goodwill": -43651000.0,
        "Net Income From Continuing Operation Net Minority Interest": -43894000.0,
        "Reconciled Depreciation": 6745000.0,
        "Reconciled Cost Of Revenue": 253127000.0,
        "EBITDA": -32567000.0,
        "EBIT": -39312000.0,
        "Net Interest Income": -2828000.0,
        "Interest Expense": 2828000.0,
        "Normalized Income": -9409710.0,
        "Net Income From Continuing And Discontinued Operation": -43894000.0,
        "Total Expenses": 301165000.0,
        "Total Operating Income As Reported": -42186000.0,
        "Diluted Average Shares": 52737645.0,
        "Basic Average Shares": 52737645.0,
        "Diluted EPS": -0.83,
        "Basic EPS": -0.83,
        "Diluted NI Availto Com Stockholders": -43894000.0,
        "Net Income Common Stockholders": -43894000.0,
        "Net Income": -43894000.0,
        "Minority Interests": 47000.0,
        "Net Income Including Noncontrolling Interests": -43941000.0,
        "Net Income Continuous Operations": -43941000.0,
        "Tax Provision": 1801000.0,
        "Pretax Income": -42140000.0,
        "Other Income Expense": -43429000.0,
        "Other Non Operating Income Expenses": 222000.0,
        "Gain On Sale Of Security": 2652000.0,
        "Net Non Operating Interest Income Expense": -2828000.0,
        "Interest Expense Non Operating": 2828000.0,
        "Operating Income": 4117000.0,
        "Operating Expense": 48038000.0,
        "Selling General And Administration": 48038000.0,
        "Selling And Marketing Expense": NaN,
        "Gross Profit": 52155000.0,
        "Cost Of Revenue": 253127000.0,
        "Total Revenue": 305282000.0,
        "Operating Revenue": 305282000.0
    },
    "2025-03-31": {
        "Tax Effect Of Unusual Items": -448207.961007,
        "Tax Rate For Calcs": 0.378554,
        "Normalized EBITDA": 8089000.0,
        "Total Unusual Items": -1184000.0,
        "Total Unusual Items Excluding Goodwill": -1184000.0,
        "Net Income From Continuing Operation Net Minority Interest": -1645000.0,
        "Reconciled Depreciation": 6758000.0,
        "Reconciled Cost Of Revenue": 247469000.0,
        "EBITDA": 6905000.0,
        "EBIT": 147000.0,
        "Net Interest Income": -2609000.0,
        "Interest Expense": 2609000.0,
        "Normalized Income": -909207.961007,
        "Net Income From Continuing And Discontinued Operation": -1645000.0,
        "Total Expenses": 297274000.0,
        "Total Operating Income As Reported": 1154000.0,
        "Diluted Average Shares": 52737650.0,
        "Basic Average Shares": 52737650.0,
        "Diluted EPS": -0.03,
        "Basic EPS": -0.03,
        "Diluted NI Availto Com Stockholders": -1645000.0,
        "Net Income Common Stockholders": -1645000.0,
        "Net Income": -1645000.0,
        "Minority Interests": -115000.0,
        "Net Income Including Noncontrolling Interests": -1530000.0,
        "Net Income Continuous Operations": -1530000.0,
        "Tax Provision": -932000.0,
        "Pretax Income": -2462000.0,
        "Other Income Expense": -1007000.0,
        "Other Non Operating Income Expenses": 177000.0,
        "Gain On Sale Of Security": -1184000.0,
        "Net Non Operating Interest Income Expense": -2609000.0,
        "Interest Expense Non Operating": 2609000.0,
        "Operating Income": 1154000.0,
        "Operating Expense": 49805000.0,
        "Selling General And Administration": 49805000.0,
        "Selling And Marketing Expense": NaN,
        "Gross Profit": 50959000.0,
        "Cost Of Revenue": 247469000.0,
        "Total Revenue": 298428000.0,
        "Operating Revenue": 298428000.0
    }
}