{
    "2023-06-30": {
        "Tax Effect Of Unusual Items": 0.0,
        "Tax Rate For Calcs": 0.152232,
        "Total Unusual Items": 0.0,
        "Total Unusual Items Excluding Goodwill": 0.0,
        "Net Income From Continuing Operation Net Minority Interest": 16846000.0,
        "Reconciled Depreciation": 1553000.0,
        "Net Interest Income": 55824000.0,
        "Interest Expense": 14247000.0,
        "Interest Income": 70071000.0,
        "Normalized Income": 16846000.0,
        "Net Income From Continuing And Discontinued Operation": 16846000.0,
        "Diluted Average Shares": 35126590.0,
        "Basic Average Shares": 35058155.0,
        "Diluted EPS": 0.48,
        "Basic EPS": 0.48,
        "Diluted NI Availto Com Stockholders": 16846000.0,
        "Net Income Common Stockholders": 16846000.0,
        "Net Income": 16846000.0,
        "Net Income Including Noncontrolling Interests": 16846000.0,
        "Net Income Continuous Operations": 16846000.0,
        "Tax Provision": 3025000.0,
        "Pretax Income": 19871000.0,
        "Gain On Sale Of Security": 0.0,
        "Depreciation Amortization Depletion Income Statement": 623000.0,
        "Depreciation And Amortization In Income Statement": 623000.0,
        "Amortization": 623000.0,
        "Amortization Of Intangibles Income Statement": 623000.0,
        "Selling General And Administration": 26019000.0,
        "Selling And Marketing Expense": 441000.0,
        "General And Administrative Expense": 25578000.0,
        "Insurance And Claims": 797000.0,
        "Salaries And Wages": 24781000.0,
        "Total Revenue": 63105000.0,
        "Operating Revenue": 63105000.0,
        "Occupancy And Equipment": 4666000.0,
        "Professional Expense And Contract Services Expense": 751000.0,
        "Other Non Interest Expense": 9266000.0
    },
    "2023-03-31": {
        "Tax Effect Of Unusual Items": 342.0,
        "Tax Rate For Calcs": 0.171,
        "Total Unusual Items": 2000.0,
        "Total Unusual Items Excluding Goodwill": 2000.0,
        "Net Income From Continuing Operation Net Minority Interest": 20457000.0,
        "Reconciled Depreciation": 1430000.0,
        "Net Interest Income": 59842000.0,
        "Interest Expense": 6823000.0,
        "Interest Income": 66665000.0,
        "Normalized Income": 20455342.0,
        "Net Income From Continuing And Discontinued Operation": 20457000.0,
        "Diluted Average Shares": 35445340.0,
        "Basic Average Shares": 35108390.0,
        "Diluted EPS": 0.58,
        "Basic EPS": 0.58,
        "Diluted NI Availto Com Stockholders": 20457000.0,
        "Net Income Common Stockholders": 20457000.0,
        "Net Income": 20457000.0,
        "Net Income Including Noncontrolling Interests": 20457000.0,
        "Net Income Continuous Operations": 20457000.0,
        "Tax Provision": 4213000.0,
        "Pretax Income": 24670000.0,
        "Gain On Sale Of Security": -286000.0,
        "Depreciation Amortization Depletion Income Statement": 623000.0,
        "Depreciation And Amortization In Income Statement": 623000.0,
        "Amortization": 623000.0,
        "Amortization Of Intangibles Income Statement": 623000.0,
        "Selling General And Administration": 26788000.0,
        "Selling And Marketing Expense": 402000.0,
        "General And Administrative Expense": 26386000.0,
        "Insurance And Claims": 850000.0,
        "Salaries And Wages": 25536000.0,
        "Total Revenue": 68100000.0,
        "Operating Revenue": 68100000.0,
        "Occupancy And Equipment": 4892000.0,
        "Professional Expense And Contract Services Expense": 628000.0,
        "Other Non Interest Expense": 8674000.0
    },
    "2022-12-31": {
        "Tax Effect Of Unusual Items": 0.0,
        "Tax Rate For Calcs": 0.191653,
        "Total Unusual Items": 0.0,
        "Total Unusual Items Excluding Goodwill": 0.0,
        "Net Income From Continuing Operation Net Minority Interest": 22544000.0,
        "Reconciled Depreciation": 1632000.0,
        "Net Interest Income": 63107000.0,
        "Interest Expense": 2914000.0,
        "Interest Income": 66021000.0,
        "Normalized Income": 22544000.0,
        "Net Income From Continuing And Discontinued Operation": 22544000.0,
        "Diluted Average Shares": 35480848.0,
        "Basic Average Shares": 35104701.0,
        "Diluted EPS": 0.64,
        "Basic EPS": 0.64,
        "Diluted NI Availto Com Stockholders": 22544000.0,
        "Net Income Common Stockholders": 22544000.0,
        "Net Income": 22544000.0,
        "Net Income Including Noncontrolling Interests": 22544000.0,
        "Net Income Continuous Operations": 22544000.0,
        "Tax Provision": 5345000.0,
        "Pretax Income": 27889000.0,
        "Gain On Sale Of Security": -256000.0,
        "Depreciation Amortization Depletion Income Statement": 671000.0,
        "Depreciation And Amortization In Income Statement": 671000.0,
        "Amortization": 671000.0,
        "Amortization Of Intangibles Income Statement": 671000.0,
        "Selling General And Administration": 13590000.0,
        "Selling And Marketing Expense": 675000.0,
        "General And Administrative Expense": 12915000.0,
        "Insurance And Claims": 490000.0,
        "Salaries And Wages": 24856000.0,
        "Total Revenue": 69691000.0,
        "Operating Revenue": 69691000.0
    },
    "2022-09-30": {
        "Tax Effect Of Unusual Items": NaN,
        "Tax Rate For Calcs": NaN,
        "Total Unusual Items": NaN,
        "Total Unusual Items Excluding Goodwill": NaN,
        "Net Income From Continuing Operation Net Minority Interest": NaN,
        "Reconciled Depreciation": NaN,
        "Net Interest Income": NaN,
        "Interest Expense": NaN,
        "Interest Income": NaN,
        "Normalized Income": NaN,
        "Net Income From Continuing And Discontinued Operation": NaN,
        "Diluted Average Shares": NaN,
        "Basic Average Shares": NaN,
        "Diluted EPS": NaN,
        "Basic EPS": NaN,
        "Diluted NI Availto Com Stockholders": NaN,
        "Net Income Common Stockholders": NaN,
        "Net Income": NaN,
        "Net Income Including Noncontrolling Interests": NaN,
        "Net Income Continuous Operations": NaN,
        "Tax Provision": NaN,
        "Pretax Income": NaN,
        "Gain On Sale Of Security": NaN,
        "Depreciation Amortization Depletion Income Statement": NaN,
        "Depreciation And Amortization In Income Statement": NaN,
        "Amortization": NaN,
        "Amortization Of Intangibles Income Statement": NaN,
        "Selling General And Administration": NaN,
        "Selling And Marketing Expense": NaN,
        "General And Administrative Expense": NaN,
        "Other Gand A": 4185000.0,
        "Insurance And Claims": NaN,
        "Salaries And Wages": NaN,
        "Total Revenue": NaN,
        "Operating Revenue": NaN
    },
    "2022-06-30": {
        "Tax Effect Of Unusual Items": 0.0,
        "Tax Rate For Calcs": 0.176,
        "Total Unusual Items": 0.0,
        "Total Unusual Items Excluding Goodwill": 0.0,
        "Net Income From Continuing Operation Net Minority Interest": 18584000.0,
        "Reconciled Depreciation": 704000.0,
        "Net Interest Income": 50048000.0,
        "Interest Expense": 1684000.0,
        "Interest Income": 51732000.0,
        "Normalized Income": 18584000.0,
        "Net Income From Continuing And Discontinued Operation": 18584000.0,
        "Diluted Average Shares": 35409524.0,
        "Basic Average Shares": 35110334.0,
        "Diluted EPS": 0.52,
        "Basic EPS": 0.53,
        "Diluted NI Availto Com Stockholders": 18584000.0,
        "Net Income Common Stockholders": 18584000.0,
        "Net Income": 18584000.0,
        "Net Income Including Noncontrolling Interests": 18584000.0,
        "Net Income Continuous Operations": 18584000.0,
        "Tax Provision": 3977000.0,
        "Pretax Income": 22561000.0,
        "Gain On Sale Of Security": 0.0,
        "Depreciation Amortization Depletion Income Statement": 704000.0,
        "Depreciation And Amortization In Income Statement": 704000.0,
        "Amortization": 704000.0,
        "Amortization Of Intangibles Income Statement": 704000.0,
        "Selling General And Administration": 26732000.0,
        "Selling And Marketing Expense": 344000.0,
        "General And Administrative Expense": 26388000.0,
        "Other Gand A": 4185000.0,
        "Insurance And Claims": 425000.0,
        "Salaries And Wages": 21778000.0,
        "Total Revenue": 57064000.0,
        "Operating Revenue": 57064000.0
    },
    "2022-03-31": {
        "Diluted EPS": 0.56,
        "Total Revenue": 57,
        "Gross Profit": 55,
        "Operating Income": 23,
        "EBIT": NaN,
        "Net Income": 20
    },
    "2021-12-31": {
        "Diluted EPS": 0.55,
        "Total Revenue": 59,
        "Gross Profit": 58,
        "Operating Income": 24,
        "EBIT": NaN,
        "Net Income": 19
    },
    "2021-09-30": {
        "Diluted EPS": 0.58,
        "Total Revenue": 61,
        "Gross Profit": 60,
        "Operating Income": 26,
        "EBIT": NaN,
        "Net Income": 21
    },
    "2021-06-30": {
        "Diluted EPS": 0.9,
        "Total Revenue": 64,
        "Gross Profit": 63,
        "Operating Income": 40,
        "EBIT": NaN,
        "Net Income": 33
    },
    "2021-03-31": {
        "Diluted EPS": 0.7,
        "Total Revenue": 62,
        "Gross Profit": 60,
        "Operating Income": 30,
        "EBIT": NaN,
        "Net Income": 25
    },
    "2020-12-31": {
        "Diluted EPS": 0.66,
        "Total Revenue": 66,
        "Gross Profit": 64,
        "Operating Income": 28,
        "EBIT": NaN,
        "Net Income": 24
    },
    "2020-09-30": {
        "Diluted EPS": 0.46,
        "Total Revenue": 61,
        "Gross Profit": 58,
        "Operating Income": 19,
        "EBIT": NaN,
        "Net Income": 17
    },
    "2020-06-30": {
        "Diluted EPS": -0.17,
        "Total Revenue": 62,
        "Gross Profit": 59,
        "Operating Income": -7,
        "EBIT": NaN,
        "Net Income": -6
    },
    "2020-03-31": {
        "Diluted EPS": 0.34,
        "Total Revenue": 63,
        "Gross Profit": 58,
        "Operating Income": 13,
        "EBIT": NaN,
        "Net Income": 12
    },
    "2019-12-31": {
        "Diluted EPS": 0.47,
        "Total Revenue": 63,
        "Gross Profit": 58,
        "Operating Income": 21,
        "EBIT": NaN,
        "Net Income": 17
    },
    "2019-09-30": {
        "Diluted EPS": 0.48,
        "Total Revenue": 63,
        "Gross Profit": 59,
        "Operating Income": 22,
        "EBIT": NaN,
        "Net Income": 18
    },
    "2019-06-30": {
        "Diluted EPS": 0.43,
        "Total Revenue": 63,
        "Gross Profit": 58,
        "Operating Income": 19,
        "EBIT": NaN,
        "Net Income": 16
    },
    "2019-03-31": {
        "Diluted EPS": 0.45,
        "Total Revenue": 61,
        "Gross Profit": 57,
        "Operating Income": 20,
        "EBIT": NaN,
        "Net Income": 17
    },
    "2018-12-31": {
        "Diluted EPS": 0.45,
        "Total Revenue": 63,
        "Gross Profit": 60,
        "Operating Income": 21,
        "EBIT": NaN,
        "Net Income": 17
    },
    "2018-09-30": {
        "Diluted EPS": 0.42,
        "Total Revenue": 63,
        "Gross Profit": 59,
        "Operating Income": 19,
        "EBIT": NaN,
        "Net Income": 15
    },
    "2018-06-30": {
        "Diluted EPS": 0.35,
        "Total Revenue": 54,
        "Gross Profit": 51,
        "Operating Income": 14,
        "EBIT": NaN,
        "Net Income": 12
    },
    "2018-03-31": {
        "Diluted EPS": 0.27,
        "Total Revenue": 51,
        "Gross Profit": 48,
        "Operating Income": 10,
        "EBIT": NaN,
        "Net Income": 9
    },
    "2017-12-31": {
        "Diluted EPS": 0.33,
        "Total Revenue": 49,
        "Gross Profit": 46,
        "Operating Income": 17,
        "EBIT": NaN,
        "Net Income": 10
    },
    "2017-09-30": {
        "Diluted EPS": 0.35,
        "Total Revenue": 46,
        "Gross Profit": 43,
        "Operating Income": 15,
        "EBIT": NaN,
        "Net Income": 11
    },
    "2017-06-30": {
        "Diluted EPS": 0.4,
        "Total Revenue": 47,
        "Gross Profit": 45,
        "Operating Income": 16,
        "EBIT": NaN,
        "Net Income": 12
    },
    "2017-03-31": {
        "Diluted EPS": 0.31,
        "Total Revenue": 42,
        "Gross Profit": 40,
        "Operating Income": 12,
        "EBIT": NaN,
        "Net Income": 9
    },
    "2016-12-31": {
        "Diluted EPS": 0.33,
        "Total Revenue": 43,
        "Gross Profit": 41,
        "Operating Income": 13,
        "EBIT": NaN,
        "Net Income": 10
    },
    "2016-09-30": {
        "Diluted EPS": 0.37,
        "Total Revenue": 45,
        "Gross Profit": 43,
        "Operating Income": 15,
        "EBIT": NaN,
        "Net Income": 11
    },
    "2016-06-30": {
        "Diluted EPS": 0.3,
        "Total Revenue": 41,
        "Gross Profit": 40,
        "Operating Income": 12,
        "EBIT": NaN,
        "Net Income": 9
    },
    "2016-03-31": {
        "Diluted EPS": 0.3,
        "Total Revenue": 41,
        "Gross Profit": 40,
        "Operating Income": 12,
        "EBIT": NaN,
        "Net Income": 9
    },
    "2015-12-31": {
        "Diluted EPS": 0.32,
        "Total Revenue": 42,
        "Gross Profit": 40,
        "Operating Income": 12,
        "EBIT": NaN,
        "Net Income": 9
    },
    "2015-09-30": {
        "Diluted EPS": 0.32,
        "Total Revenue": 43,
        "Gross Profit": 41,
        "Operating Income": 13,
        "EBIT": NaN,
        "Net Income": 9
    },
    "2015-06-30": {
        "Diluted EPS": 0.29,
        "Total Revenue": 41,
        "Gross Profit": 39,
        "Operating Income": 12,
        "EBIT": NaN,
        "Net Income": 9
    },
    "2015-03-31": {
        "Diluted EPS": 0.32,
        "Total Revenue": 43,
        "Gross Profit": 41,
        "Operating Income": 14,
        "EBIT": NaN,
        "Net Income": 10
    },
    "2014-12-31": {
        "Diluted EPS": 0.27,
        "Total Revenue": 42,
        "Gross Profit": 41,
        "Operating Income": 9,
        "EBIT": NaN,
        "Net Income": 7
    },
    "2014-09-30": {
        "Diluted EPS": 0.23,
        "Total Revenue": 41,
        "Gross Profit": 39,
        "Operating Income": 10,
        "EBIT": NaN,
        "Net Income": 7
    },
    "2014-06-30": {
        "Diluted EPS": 0.16,
        "Total Revenue": 35,
        "Gross Profit": 33,
        "Operating Income": 6,
        "EBIT": NaN,
        "Net Income": 4
    },
    "2014-03-31": {
        "Diluted EPS": 0.16,
        "Total Revenue": 20,
        "Gross Profit": 19,
        "Operating Income": 4,
        "EBIT": NaN,
        "Net Income": 3
    },
    "2013-12-31": {
        "Diluted EPS": 0.04,
        "Total Revenue": 21,
        "Gross Profit": 20,
        "Operating Income": 1,
        "EBIT": NaN,
        "Net Income": 1
    },
    "2013-09-30": {
        "Diluted EPS": 0.2,
        "Total Revenue": 21,
        "Gross Profit": 20,
        "Operating Income": 5,
        "EBIT": NaN,
        "Net Income": 3
    },
    "2013-06-30": {
        "Diluted EPS": 0.18,
        "Total Revenue": 19,
        "Gross Profit": 18,
        "Operating Income": 4,
        "EBIT": NaN,
        "Net Income": 3
    },
    "2013-03-31": {
        "Diluted EPS": 0.19,
        "Total Revenue": 20,
        "Gross Profit": 19,
        "Operating Income": 4,
        "EBIT": NaN,
        "Net Income": 3
    },
    "2012-12-31": {
        "Diluted EPS": 0.2,
        "Total Revenue": 18,
        "Gross Profit": 17,
        "Operating Income": 5,
        "EBIT": NaN,
        "Net Income": 3
    },
    "2012-09-30": {
        "Diluted EPS": 0.19,
        "Total Revenue": 19,
        "Gross Profit": 17,
        "Operating Income": 4,
        "EBIT": NaN,
        "Net Income": 3
    },
    "2012-06-30": {
        "Diluted EPS": 0.21,
        "Total Revenue": 19,
        "Gross Profit": 18,
        "Operating Income": 5,
        "EBIT": NaN,
        "Net Income": 3
    },
    "2012-03-31": {
        "Diluted EPS": 0.27,
        "Total Revenue": 20,
        "Gross Profit": 19,
        "Operating Income": 6,
        "EBIT": NaN,
        "Net Income": 4
    },
    "2011-12-31": {
        "Diluted EPS": 0.14,
        "Total Revenue": 20,
        "Gross Profit": 19,
        "Operating Income": 3,
        "EBIT": NaN,
        "Net Income": 2
    },
    "2011-09-30": {
        "Diluted EPS": 0.12,
        "Total Revenue": 19,
        "Gross Profit": 18,
        "Operating Income": 3,
        "EBIT": NaN,
        "Net Income": 2
    },
    "2011-06-30": {
        "Diluted EPS": 0.11,
        "Total Revenue": 20,
        "Gross Profit": 18,
        "Operating Income": 2,
        "EBIT": NaN,
        "Net Income": 2
    },
    "2011-03-31": {
        "Diluted EPS": 0.05,
        "Total Revenue": 20,
        "Gross Profit": 19,
        "Operating Income": 1,
        "EBIT": NaN,
        "Net Income": 1
    },
    "2010-12-31": {
        "Diluted EPS": 0.81,
        "Total Revenue": 31,
        "Gross Profit": 29,
        "Operating Income": 14,
        "EBIT": NaN,
        "Net Income": 9
    },
    "2010-09-30": {
        "Diluted EPS": 0.15,
        "Total Revenue": 18,
        "Gross Profit": 16,
        "Operating Income": 3,
        "EBIT": NaN,
        "Net Income": 2
    },
    "2010-06-30": {
        "Diluted EPS": 0.05,
        "Total Revenue": 15,
        "Gross Profit": 13,
        "Operating Income": 1,
        "EBIT": NaN,
        "Net Income": 1
    },
    "2010-03-31": {
        "Diluted EPS": 0.03,
        "Total Revenue": 15,
        "Gross Profit": 13,
        "Operating Income": 1,
        "EBIT": NaN,
        "Net Income": 0
    },
    "2009-12-31": {
        "Diluted EPS": 0.08,
        "Total Revenue": 15,
        "Gross Profit": 13,
        "Operating Income": 1,
        "EBIT": NaN,
        "Net Income": 0
    },
    "2009-09-30": {
        "Diluted EPS": 0.0,
        "Total Revenue": 15,
        "Gross Profit": 13,
        "Operating Income": 0,
        "EBIT": NaN,
        "Net Income": 0
    },
    "2009-06-30": {
        "Diluted EPS": -0.04,
        "Total Revenue": 16,
        "Gross Profit": 13,
        "Operating Income": 0,
        "EBIT": NaN,
        "Net Income": 0
    },
    "2009-03-31": {
        "Diluted EPS": -0.14,
        "Total Revenue": 15,
        "Gross Profit": 12,
        "Operating Income": -1,
        "EBIT": NaN,
        "Net Income": -1
    },
    "2023-09-30": {
        "Tax Effect Of Unusual Items": NaN,
        "Tax Rate For Calcs": NaN,
        "Total Unusual Items": NaN,
        "Total Unusual Items Excluding Goodwill": NaN,
        "Net Income From Continuing Operation Net Minority Interest": NaN,
        "Reconciled Depreciation": NaN,
        "Net Interest Income": NaN,
        "Interest Expense": NaN,
        "Interest Income": NaN,
        "Normalized Income": NaN,
        "Net Income From Continuing And Discontinued Operation": NaN,
        "Diluted Average Shares": 35115165.0,
        "Basic Average Shares": 35022676.0,
        "Diluted EPS": 0.51,
        "Basic EPS": 0.52,
        "Diluted NI Availto Com Stockholders": NaN,
        "Net Income Common Stockholders": NaN,
        "Net Income": NaN,
        "Net Income Including Noncontrolling Interests": NaN,
        "Net Income Continuous Operations": NaN,
        "Tax Provision": NaN,
        "Pretax Income": NaN,
        "Gain On Sale Of Security": NaN,
        "Depreciation Amortization Depletion Income Statement": NaN,
        "Depreciation And Amortization In Income Statement": NaN,
        "Amortization": NaN,
        "Amortization Of Intangibles Income Statement": NaN,
        "Selling General And Administration": NaN,
        "Selling And Marketing Expense": NaN,
        "General And Administrative Expense": NaN,
        "Insurance And Claims": NaN,
        "Salaries And Wages": NaN,
        "Total Revenue": NaN,
        "Operating Revenue": NaN,
        "Occupancy And Equipment": NaN,
        "Professional Expense And Contract Services Expense": NaN,
        "Other Non Interest Expense": NaN
    },
    "2023-12-31": {
        "Tax Effect Of Unusual Items": 0.0,
        "Tax Rate For Calcs": 0.052303,
        "Total Unusual Items": 0.0,
        "Total Unusual Items Excluding Goodwill": 0.0,
        "Net Income From Continuing Operation Net Minority Interest": 6233000.0,
        "Reconciled Depreciation": 1393000.0,
        "Net Interest Income": 53871000.0,
        "Interest Expense": 20391000.0,
        "Interest Income": 74262000.0,
        "Normalized Income": 6233000.0,
        "Net Income From Continuing And Discontinued Operation": 6233000.0,
        "Diluted Average Shares": 35084635.0,
        "Basic Average Shares": 34902029.0,
        "Diluted EPS": 0.18,
        "Basic EPS": 0.18,
        "Diluted NI Availto Com Stockholders": 6233000.0,
        "Net Income Common Stockholders": 6233000.0,
        "Net Income": 6233000.0,
        "Net Income Including Noncontrolling Interests": 6233000.0,
        "Net Income Continuous Operations": 6233000.0,
        "Tax Provision": 344000.0,
        "Pretax Income": 6577000.0,
        "Gain On Sale Of Security": -10005000.0,
        "Depreciation Amortization Depletion Income Statement": 593000.0,
        "Depreciation And Amortization In Income Statement": 593000.0,
        "Amortization": 593000.0,
        "Amortization Of Intangibles Income Statement": 593000.0,
        "Selling General And Administration": 26303000.0,
        "Selling And Marketing Expense": 698000.0,
        "General And Administrative Expense": 25605000.0,
        "Insurance And Claims": 847000.0,
        "Salaries And Wages": 24758000.0,
        "Total Revenue": 50724000.0,
        "Operating Revenue": 50724000.0,
        "Occupancy And Equipment": 4784000.0,
        "Professional Expense And Contract Services Expense": 2266000.0,
        "Other Non Interest Expense": 8777000.0
    },
    "2024-03-31": {
        "Tax Effect Of Unusual Items": 0.0,
        "Tax Rate For Calcs": 0.163075,
        "Total Unusual Items": 0.0,
        "Total Unusual Items Excluding Goodwill": 0.0,
        "Net Income From Continuing Operation Net Minority Interest": 5748000.0,
        "Reconciled Depreciation": 975000.0,
        "Net Interest Income": 51530000.0,
        "Interest Expense": 22823000.0,
        "Interest Income": 74353000.0,
        "Normalized Income": 5748000.0,
        "Net Income From Continuing And Discontinued Operation": 5748000.0,
        "Diluted Average Shares": 35227138.0,
        "Basic Average Shares": 34825471.0,
        "Diluted EPS": 0.16,
        "Basic EPS": 0.17,
        "Diluted NI Availto Com Stockholders": 5748000.0,
        "Net Income Common Stockholders": 5748000.0,
        "Net Income": 5748000.0,
        "Net Income Including Noncontrolling Interests": 5748000.0,
        "Net Income Continuous Operations": 5748000.0,
        "Tax Provision": 1120000.0,
        "Pretax Income": 6868000.0,
        "Gain On Sale Of Security": -9973000.0,
        "Depreciation Amortization Depletion Income Statement": 421000.0,
        "Depreciation And Amortization In Income Statement": 421000.0,
        "Amortization": 421000.0,
        "Amortization Of Intangibles Income Statement": 421000.0,
        "Selling General And Administration": 26482000.0,
        "Selling And Marketing Expense": 211000.0,
        "General And Administrative Expense": 26271000.0,
        "Insurance And Claims": 795000.0,
        "Salaries And Wages": 25476000.0,
        "Total Revenue": 48630000.0,
        "Operating Revenue": 48630000.0,
        "Occupancy And Equipment": 4932000.0,
        "Professional Expense And Contract Services Expense": 567000.0,
        "Other Non Interest Expense": 7968000.0
    },
    "2024-06-30": {
        "Tax Effect Of Unusual Items": 5624.507659,
        "Tax Rate For Calcs": 0.114786,
        "Total Unusual Items": 49000.0,
        "Total Unusual Items Excluding Goodwill": 49000.0,
        "Net Income From Continuing Operation Net Minority Interest": 14159000.0,
        "Reconciled Depreciation": 927000.0,
        "Net Interest Income": 51113000.0,
        "Interest Expense": 25469000.0,
        "Interest Income": 76582000.0,
        "Normalized Income": 14115624.507659,
        "Net Income From Continuing And Discontinued Operation": 14159000.0,
        "Diluted Average Shares": 34919395.0,
        "Basic Average Shares": 34609900.0,
        "Diluted EPS": 0.41,
        "Basic EPS": 0.41,
        "Diluted NI Availto Com Stockholders": 14159000.0,
        "Net Income Common Stockholders": 14159000.0,
        "Net Income": 14159000.0,
        "Net Income Including Noncontrolling Interests": 14159000.0,
        "Net Income Continuous Operations": 14159000.0,
        "Tax Provision": 1836000.0,
        "Pretax Income": 15995000.0,
        "Gain On Sale Of Security": -1921000.0,
        "Depreciation Amortization Depletion Income Statement": 421000.0,
        "Depreciation And Amortization In Income Statement": 421000.0,
        "Amortization": 421000.0,
        "Amortization Of Intangibles Income Statement": 421000.0,
        "Selling General And Administration": 25504000.0,
        "Selling And Marketing Expense": 244000.0,
        "General And Administrative Expense": 25260000.0,
        "Insurance And Claims": 812000.0,
        "Salaries And Wages": 24448000.0,
        "Total Revenue": 56359000.0,
        "Operating Revenue": 56359000.0,
        "Occupancy And Equipment": 4765000.0,
        "Professional Expense And Contract Services Expense": 795000.0,
        "Other Non Interest Expense": 7611000.0
    },
    "2024-09-30": {
        "Tax Effect Of Unusual Items": 186480.0,
        "Tax Rate For Calcs": 0.126,
        "Total Unusual Items": 1480000.0,
        "Total Unusual Items Excluding Goodwill": 1480000.0,
        "Net Income From Continuing Operation Net Minority Interest": 11423000.0,
        "Reconciled Depreciation": 475000.0,
        "Net Interest Income": 52958000.0,
        "Interest Expense": 26859000.0,
        "Interest Income": 79817000.0,
        "Normalized Income": 10129480.0,
        "Net Income From Continuing And Discontinued Operation": 11423000.0,
        "Diluted Average Shares": 34658674.0,
        "Basic Average Shares": 34322069.0,
        "Diluted EPS": 0.33,
        "Basic EPS": 0.33,
        "Diluted NI Availto Com Stockholders": 11423000.0,
        "Net Income Common Stockholders": 11423000.0,
        "Net Income": 11423000.0,
        "Net Income Including Noncontrolling Interests": 11423000.0,
        "Net Income Continuous Operations": 11423000.0,
        "Tax Provision": 1643000.0,
        "Pretax Income": 13066000.0,
        "Gain On Sale Of Security": -6945000.0,
        "Depreciation Amortization Depletion Income Statement": 399000.0,
        "Depreciation And Amortization In Income Statement": 399000.0,
        "Amortization": 399000.0,
        "Amortization Of Intangibles Income Statement": 399000.0,
        "Selling General And Administration": 25319000.0,
        "Selling And Marketing Expense": 128000.0,
        "General And Administrative Expense": 25191000.0,
        "Insurance And Claims": 824000.0,
        "Salaries And Wages": 24367000.0,
        "Total Revenue": 54795000.0,
        "Operating Revenue": 54795000.0,
        "Occupancy And Equipment": 4850000.0,
        "Professional Expense And Contract Services Expense": 490000.0,
        "Other Non Interest Expense": 8232000.0
    },
    "2024-12-31": {
        "Tax Effect Of Unusual Items": 6200.0,
        "Tax Rate For Calcs": 0.269565,
        "Total Unusual Items": 23000.0,
        "Total Unusual Items Excluding Goodwill": 23000.0,
        "Net Income From Continuing Operation Net Minority Interest": 11928000.0,
        "Reconciled Depreciation": 854000.0,
        "Net Interest Income": 53763000.0,
        "Interest Expense": 25197000.0,
        "Interest Income": 78960000.0,
        "Normalized Income": 11911200.0,
        "Net Income From Continuing And Discontinued Operation": 11928000.0,
        "Diluted Average Shares": 34553139.0,
        "Basic Average Shares": 34109339.0,
        "Diluted EPS": 0.34,
        "Basic EPS": 0.35,
        "Diluted NI Availto Com Stockholders": 11928000.0,
        "Net Income Common Stockholders": 11928000.0,
        "Net Income": 11928000.0,
        "Net Income Including Noncontrolling Interests": 11928000.0,
        "Net Income Continuous Operations": 11928000.0,
        "Tax Provision": 4402000.0,
        "Pretax Income": 16330000.0,
        "Gain On Sale Of Security": -3903000.0,
        "Depreciation Amortization Depletion Income Statement": 399000.0,
        "Depreciation And Amortization In Income Statement": 399000.0,
        "Amortization": 399000.0,
        "Amortization Of Intangibles Income Statement": 399000.0,
        "Selling General And Administration": 25470000.0,
        "Selling And Marketing Expense": 405000.0,
        "General And Administrative Expense": 25065000.0,
        "Insurance And Claims": 829000.0,
        "Salaries And Wages": 24236000.0,
        "Total Revenue": 57053000.0,
        "Operating Revenue": 57053000.0,
        "Occupancy And Equipment": 4742000.0,
        "Professional Expense And Contract Services Expense": 663000.0,
        "Other Non Interest Expense": 8266000.0
    },
    "2025-03-31": {
        "Tax Effect Of Unusual Items": 417.0,
        "Tax Rate For Calcs": 0.139,
        "Total Unusual Items": 3000.0,
        "Total Unusual Items Excluding Goodwill": 3000.0,
        "Net Income From Continuing Operation Net Minority Interest": 13911000.0,
        "Reconciled Depreciation": 750000.0,
        "Net Interest Income": 53690000.0,
        "Interest Expense": 23676000.0,
        "Interest Income": 77366000.0,
        "Normalized Income": 13908417.0,
        "Net Income From Continuing And Discontinued Operation": 13911000.0,
        "Diluted Average Shares": 34506238.0,
        "Basic Average Shares": 34012490.0,
        "Diluted EPS": 0.4,
        "Basic EPS": 0.41,
        "Diluted NI Availto Com Stockholders": 13911000.0,
        "Net Income Common Stockholders": 13911000.0,
        "Net Income": 13911000.0,
        "Net Income Including Noncontrolling Interests": 13911000.0,
        "Net Income Continuous Operations": 13911000.0,
        "Tax Provision": 2248000.0,
        "Pretax Income": 16159000.0,
        "Gain On Sale Of Security": -3887000.0,
        "Depreciation Amortization Depletion Income Statement": 303000.0,
        "Depreciation And Amortization In Income Statement": 303000.0,
        "Amortization": 303000.0,
        "Amortization Of Intangibles Income Statement": 303000.0,
        "Selling General And Administration": 26946000.0,
        "Selling And Marketing Expense": 335000.0,
        "General And Administrative Expense": 26611000.0,
        "Insurance And Claims": 812000.0,
        "Salaries And Wages": 25799000.0,
        "Total Revenue": 57593000.0,
        "Operating Revenue": 57593000.0,
        "Occupancy And Equipment": 4926000.0,
        "Professional Expense And Contract Services Expense": 734000.0,
        "Other Non Interest Expense": 8474000.0
    },
    "2025-06-30": {
        "Tax Effect Of Unusual Items": 775.987274,
        "Tax Rate For Calcs": 0.155197,
        "Total Unusual Items": 5000.0,
        "Total Unusual Items Excluding Goodwill": 5000.0,
        "Net Income From Continuing Operation Net Minority Interest": 12215000.0,
        "Reconciled Depreciation": 492000.0,
        "Net Interest Income": 54983000.0,
        "Interest Expense": 23517000.0,
        "Interest Income": 78500000.0,
        "Normalized Income": 12210775.987274,
        "Net Income From Continuing And Discontinued Operation": 12215000.0,
        "Diluted Average Shares": 34446710.0,
        "Basic Average Shares": 34028592.0,
        "Diluted EPS": 0.36,
        "Basic EPS": 0.36,
        "Diluted NI Availto Com Stockholders": 12215000.0,
        "Net Income Common Stockholders": 12215000.0,
        "Net Income": 12215000.0,
        "Net Income Including Noncontrolling Interests": 12215000.0,
        "Net Income Continuous Operations": 12215000.0,
        "Tax Provision": 2244000.0,
        "Pretax Income": 14459000.0,
        "Gain On Sale Of Security": -6854000.0,
        "Depreciation Amortization Depletion Income Statement": 302000.0,
        "Depreciation And Amortization In Income Statement": 302000.0,
        "Amortization": 302000.0,
        "Amortization Of Intangibles Income Statement": 302000.0,
        "Selling General And Administration": 26613000.0,
        "Selling And Marketing Expense": 336000.0,
        "General And Administrative Expense": 26277000.0,
        "Insurance And Claims": 810000.0,
        "Salaries And Wages": 25467000.0,
        "Total Revenue": 56500000.0,
        "Operating Revenue": 56500000.0,
        "Occupancy And Equipment": 4840000.0,
        "Professional Expense And Contract Services Expense": 1122000.0,
        "Other Non Interest Expense": 8208000.0
    }
}