{
    "2023-03-31": {
        "Tax Effect Of Unusual Items": NaN,
        "Tax Rate For Calcs": NaN,
        "Total Unusual Items": NaN,
        "Total Unusual Items Excluding Goodwill": NaN,
        "Net Income From Continuing Operation Net Minority Interest": NaN,
        "Reconciled Depreciation": NaN,
        "Net Interest Income": NaN,
        "Normalized Income": NaN,
        "Net Income From Continuing And Discontinued Operation": NaN,
        "Total Expenses": NaN,
        "Diluted Average Shares": NaN,
        "Basic Average Shares": NaN,
        "Diluted EPS": NaN,
        "Basic EPS": NaN,
        "Diluted NI Availto Com Stockholders": NaN,
        "Average Dilution Earnings": NaN,
        "Net Income Common Stockholders": NaN,
        "Otherunder Preferred Stock Dividend": NaN,
        "Preferred Stock Dividends": NaN,
        "Net Income": NaN,
        "Minority Interests": NaN,
        "Net Income Including Noncontrolling Interests": NaN,
        "Net Income Continuous Operations": NaN,
        "Earnings From Equity Interest Net Of Tax": 0.0,
        "Tax Provision": NaN,
        "Pretax Income": NaN,
        "Other Income Expense": NaN,
        "Special Income Charges": NaN,
        "Other Special Charges": NaN,
        "Restructuring And Mergern Acquisition": NaN,
        "Net Non Operating Interest Income Expense": NaN,
        "Depreciation And Amortization In Income Statement": NaN,
        "Selling General And Administration": NaN,
        "Selling And Marketing Expense": NaN,
        "General And Administrative Expense": NaN,
        "Other Gand A": NaN,
        "Salaries And Wages": NaN,
        "Total Revenue": NaN,
        "Operating Revenue": NaN,
        "Loss Adjustment Expense": NaN,
        "Net Policyholder Benefits And Claims": NaN,
        "Policyholder Benefits Gross": NaN,
        "Policyholder Benefits Ceded": NaN
    },
    "2022-12-31": {
        "Tax Effect Of Unusual Items": NaN,
        "Tax Rate For Calcs": NaN,
        "Total Unusual Items": NaN,
        "Total Unusual Items Excluding Goodwill": NaN,
        "Net Income From Continuing Operation Net Minority Interest": NaN,
        "Reconciled Depreciation": NaN,
        "Net Interest Income": NaN,
        "Normalized Income": NaN,
        "Net Income From Continuing And Discontinued Operation": NaN,
        "Total Expenses": NaN,
        "Diluted Average Shares": NaN,
        "Basic Average Shares": NaN,
        "Diluted EPS": NaN,
        "Basic EPS": NaN,
        "Diluted NI Availto Com Stockholders": NaN,
        "Average Dilution Earnings": NaN,
        "Net Income Common Stockholders": NaN,
        "Otherunder Preferred Stock Dividend": NaN,
        "Preferred Stock Dividends": NaN,
        "Net Income": NaN,
        "Minority Interests": NaN,
        "Net Income Including Noncontrolling Interests": NaN,
        "Net Income Continuous Operations": NaN,
        "Earnings From Equity Interest Net Of Tax": 0.0,
        "Tax Provision": NaN,
        "Pretax Income": NaN,
        "Other Income Expense": NaN,
        "Special Income Charges": NaN,
        "Other Special Charges": NaN,
        "Restructuring And Mergern Acquisition": NaN,
        "Net Non Operating Interest Income Expense": NaN,
        "Depreciation And Amortization In Income Statement": NaN,
        "Selling General And Administration": NaN,
        "Selling And Marketing Expense": NaN,
        "General And Administrative Expense": NaN,
        "Other Gand A": NaN,
        "Salaries And Wages": NaN,
        "Total Revenue": NaN,
        "Operating Revenue": NaN,
        "Loss Adjustment Expense": NaN,
        "Net Policyholder Benefits And Claims": NaN,
        "Policyholder Benefits Gross": NaN,
        "Policyholder Benefits Ceded": NaN
    },
    "2022-09-30": {
        "Tax Effect Of Unusual Items": NaN,
        "Tax Rate For Calcs": NaN,
        "Total Unusual Items": NaN,
        "Total Unusual Items Excluding Goodwill": NaN,
        "Net Income From Continuing Operation Net Minority Interest": NaN,
        "Reconciled Depreciation": NaN,
        "Net Interest Income": NaN,
        "Normalized Income": NaN,
        "Net Income From Continuing And Discontinued Operation": NaN,
        "Total Expenses": NaN,
        "Diluted Average Shares": 336768000.0,
        "Basic Average Shares": 82816000.0,
        "Diluted EPS": 0.07,
        "Basic EPS": 0.18,
        "Diluted NI Availto Com Stockholders": NaN,
        "Average Dilution Earnings": NaN,
        "Net Income Common Stockholders": NaN,
        "Otherunder Preferred Stock Dividend": NaN,
        "Preferred Stock Dividends": NaN,
        "Net Income": NaN,
        "Minority Interests": NaN,
        "Net Income Including Noncontrolling Interests": NaN,
        "Net Income Continuous Operations": NaN,
        "Earnings From Equity Interest Net Of Tax": NaN,
        "Tax Provision": NaN,
        "Pretax Income": NaN,
        "Other Income Expense": NaN,
        "Special Income Charges": NaN,
        "Other Special Charges": NaN,
        "Restructuring And Mergern Acquisition": NaN,
        "Net Non Operating Interest Income Expense": NaN,
        "Depreciation And Amortization In Income Statement": NaN,
        "Selling General And Administration": NaN,
        "Selling And Marketing Expense": NaN,
        "General And Administrative Expense": NaN,
        "Other Gand A": NaN,
        "Salaries And Wages": NaN,
        "Total Revenue": NaN,
        "Operating Revenue": NaN
    },
    "2022-06-30": {
        "Tax Effect Of Unusual Items": 0.0,
        "Tax Rate For Calcs": 0.4,
        "Total Unusual Items": NaN,
        "Total Unusual Items Excluding Goodwill": NaN,
        "Net Income From Continuing Operation Net Minority Interest": -5536000.0,
        "Reconciled Depreciation": 8300000.0,
        "Net Interest Income": -353000.0,
        "Normalized Income": -5536000.0,
        "Net Income From Continuing And Discontinued Operation": -5536000.0,
        "Total Expenses": 203983000.0,
        "Diluted Average Shares": 82452000.0,
        "Basic Average Shares": 82452000.0,
        "Diluted EPS": -0.07,
        "Basic EPS": -0.07,
        "Diluted NI Availto Com Stockholders": -5536000.0,
        "Average Dilution Earnings": NaN,
        "Net Income Common Stockholders": -5536000.0,
        "Net Income": -5536000.0,
        "Minority Interests": 7000.0,
        "Net Income Including Noncontrolling Interests": -5543000.0,
        "Net Income Continuous Operations": -5543000.0,
        "Earnings From Equity Interest Net Of Tax": -39000.0,
        "Tax Provision": 2138000.0,
        "Pretax Income": -3366000.0,
        "Other Income Expense": 16411000.0,
        "Special Income Charges": NaN,
        "Restructuring And Mergern Acquisition": NaN,
        "Net Non Operating Interest Income Expense": -353000.0,
        "Depreciation And Amortization In Income Statement": 8300000.0,
        "Selling General And Administration": 111455000.0,
        "Selling And Marketing Expense": 37455000.0,
        "General And Administrative Expense": 74000000.0,
        "Other Gand A": 20729000.0,
        "Salaries And Wages": 53271000.0,
        "Total Revenue": 200617000.0,
        "Operating Revenue": 200617000.0
    },
    "2022-03-31": {
        "Diluted EPS": -0.01,
        "Total Revenue": 168,
        "Gross Profit": 168,
        "Operating Income": -13,
        "EBIT": -6,
        "Net Income": 28
    },
    "2021-12-31": {
        "Diluted EPS": -53.65,
        "Total Revenue": 154,
        "Gross Profit": 154,
        "Operating Income": -21,
        "EBIT": -14,
        "Net Income": -52
    },
    "2021-09-30": {
        "Diluted EPS": -4.79,
        "Total Revenue": 168,
        "Gross Profit": 168,
        "Operating Income": 2,
        "EBIT": 8,
        "Net Income": 0
    },
    "2021-06-30": {
        "Diluted EPS": 125.94,
        "Total Revenue": 167,
        "Gross Profit": 167,
        "Operating Income": 14,
        "EBIT": 19,
        "Net Income": 13
    },
    "2021-03-31": {
        "Diluted EPS": -68.06,
        "Total Revenue": 129,
        "Gross Profit": 129,
        "Operating Income": -5,
        "EBIT": -1,
        "Net Income": -7
    },
    "2020-12-31": {
        "Diluted EPS": 0.0,
        "Total Revenue": NaN,
        "Gross Profit": NaN,
        "Operating Income": NaN,
        "EBIT": NaN,
        "Net Income": NaN
    },
    "2023-06-30": {
        "Tax Effect Of Unusual Items": NaN,
        "Tax Rate For Calcs": NaN,
        "Total Unusual Items": NaN,
        "Total Unusual Items Excluding Goodwill": NaN,
        "Net Income From Continuing Operation Net Minority Interest": NaN,
        "Reconciled Depreciation": NaN,
        "Net Interest Income": NaN,
        "Normalized Income": NaN,
        "Net Income From Continuing And Discontinued Operation": NaN,
        "Total Expenses": NaN,
        "Diluted Average Shares": 85563000.0,
        "Basic Average Shares": 84371000.0,
        "Diluted EPS": 0.03,
        "Basic EPS": 0.03,
        "Diluted NI Availto Com Stockholders": NaN,
        "Average Dilution Earnings": NaN,
        "Net Income Common Stockholders": NaN,
        "Otherunder Preferred Stock Dividend": NaN,
        "Preferred Stock Dividends": NaN,
        "Net Income": NaN,
        "Minority Interests": NaN,
        "Net Income Including Noncontrolling Interests": NaN,
        "Net Income Continuous Operations": NaN,
        "Earnings From Equity Interest Net Of Tax": 0.0,
        "Tax Provision": NaN,
        "Pretax Income": NaN,
        "Other Income Expense": NaN,
        "Special Income Charges": NaN,
        "Other Special Charges": NaN,
        "Restructuring And Mergern Acquisition": NaN,
        "Net Non Operating Interest Income Expense": NaN,
        "Depreciation And Amortization In Income Statement": NaN,
        "Selling General And Administration": NaN,
        "Selling And Marketing Expense": NaN,
        "General And Administrative Expense": NaN,
        "Other Gand A": NaN,
        "Salaries And Wages": NaN,
        "Total Revenue": NaN,
        "Operating Revenue": NaN,
        "Loss Adjustment Expense": NaN,
        "Net Policyholder Benefits And Claims": NaN,
        "Policyholder Benefits Gross": NaN,
        "Policyholder Benefits Ceded": NaN
    },
    "2023-09-30": {
        "Tax Effect Of Unusual Items": NaN,
        "Tax Rate For Calcs": NaN,
        "Total Unusual Items": NaN,
        "Total Unusual Items Excluding Goodwill": NaN,
        "Net Income From Continuing Operation Net Minority Interest": NaN,
        "Reconciled Depreciation": NaN,
        "Net Interest Income": NaN,
        "Normalized Income": NaN,
        "Net Income From Continuing And Discontinued Operation": NaN,
        "Total Expenses": NaN,
        "Diluted Average Shares": NaN,
        "Basic Average Shares": NaN,
        "Diluted EPS": NaN,
        "Basic EPS": NaN,
        "Diluted NI Availto Com Stockholders": NaN,
        "Average Dilution Earnings": NaN,
        "Net Income Common Stockholders": NaN,
        "Otherunder Preferred Stock Dividend": NaN,
        "Preferred Stock Dividends": 261000.0,
        "Net Income": NaN,
        "Minority Interests": NaN,
        "Net Income Including Noncontrolling Interests": NaN,
        "Net Income Continuous Operations": NaN,
        "Earnings From Equity Interest Net Of Tax": 0.0,
        "Tax Provision": NaN,
        "Pretax Income": NaN,
        "Other Income Expense": NaN,
        "Special Income Charges": NaN,
        "Other Special Charges": 4112000.0,
        "Restructuring And Mergern Acquisition": NaN,
        "Net Non Operating Interest Income Expense": NaN,
        "Depreciation And Amortization In Income Statement": NaN,
        "Selling General And Administration": NaN,
        "Selling And Marketing Expense": NaN,
        "General And Administrative Expense": NaN,
        "Other Gand A": NaN,
        "Salaries And Wages": NaN,
        "Total Revenue": NaN,
        "Operating Revenue": NaN,
        "Loss Adjustment Expense": NaN,
        "Net Policyholder Benefits And Claims": NaN,
        "Policyholder Benefits Gross": NaN,
        "Policyholder Benefits Ceded": NaN
    },
    "2023-12-31": {
        "Tax Effect Of Unusual Items": NaN,
        "Tax Rate For Calcs": NaN,
        "Total Unusual Items": 144000.0,
        "Total Unusual Items Excluding Goodwill": 144000.0,
        "Net Income From Continuing Operation Net Minority Interest": NaN,
        "Reconciled Depreciation": NaN,
        "Net Interest Income": NaN,
        "Normalized Income": NaN,
        "Net Income From Continuing And Discontinued Operation": NaN,
        "Total Expenses": NaN,
        "Diluted Average Shares": NaN,
        "Basic Average Shares": NaN,
        "Diluted EPS": NaN,
        "Basic EPS": NaN,
        "Diluted NI Availto Com Stockholders": NaN,
        "Average Dilution Earnings": NaN,
        "Net Income Common Stockholders": NaN,
        "Otherunder Preferred Stock Dividend": NaN,
        "Preferred Stock Dividends": 563000.0,
        "Net Income": NaN,
        "Minority Interests": NaN,
        "Net Income Including Noncontrolling Interests": NaN,
        "Net Income Continuous Operations": NaN,
        "Earnings From Equity Interest Net Of Tax": 0.0,
        "Tax Provision": NaN,
        "Pretax Income": NaN,
        "Other Income Expense": NaN,
        "Special Income Charges": 144000.0,
        "Other Special Charges": -99000.0,
        "Restructuring And Mergern Acquisition": -45000.0,
        "Net Non Operating Interest Income Expense": NaN,
        "Depreciation And Amortization In Income Statement": NaN,
        "Selling General And Administration": NaN,
        "Selling And Marketing Expense": NaN,
        "General And Administrative Expense": NaN,
        "Other Gand A": NaN,
        "Salaries And Wages": NaN,
        "Total Revenue": NaN,
        "Operating Revenue": NaN,
        "Loss Adjustment Expense": NaN,
        "Net Policyholder Benefits And Claims": NaN,
        "Policyholder Benefits Gross": NaN,
        "Policyholder Benefits Ceded": NaN
    },
    "2024-03-31": {
        "Tax Effect Of Unusual Items": 0.0,
        "Tax Rate For Calcs": 0.384829,
        "Total Unusual Items": 0.0,
        "Total Unusual Items Excluding Goodwill": 0.0,
        "Net Income From Continuing Operation Net Minority Interest": -1351000.0,
        "Reconciled Depreciation": 10560000.0,
        "Net Interest Income": 7244000.0,
        "Normalized Income": -1351000.0,
        "Net Income From Continuing And Discontinued Operation": -1351000.0,
        "Total Expenses": 252240000.0,
        "Diluted Average Shares": 84656000.0,
        "Basic Average Shares": 84656000.0,
        "Diluted EPS": -0.04,
        "Basic EPS": -0.04,
        "Diluted NI Availto Com Stockholders": -3189000.0,
        "Average Dilution Earnings": 0.0,
        "Net Income Common Stockholders": -3189000.0,
        "Otherunder Preferred Stock Dividend": 1838000.0,
        "Preferred Stock Dividends": NaN,
        "Net Income": -1351000.0,
        "Minority Interests": -9550000.0,
        "Net Income Including Noncontrolling Interests": 8199000.0,
        "Net Income Continuous Operations": 8199000.0,
        "Earnings From Equity Interest Net Of Tax": NaN,
        "Tax Provision": 5129000.0,
        "Pretax Income": 13328000.0,
        "Other Income Expense": 31249000.0,
        "Special Income Charges": 0.0,
        "Other Special Charges": NaN,
        "Restructuring And Mergern Acquisition": 0.0,
        "Net Non Operating Interest Income Expense": 7244000.0,
        "Depreciation And Amortization In Income Statement": 10560000.0,
        "Selling General And Administration": 115638000.0,
        "Selling And Marketing Expense": 39660000.0,
        "General And Administrative Expense": 75978000.0,
        "Other Gand A": 19862000.0,
        "Salaries And Wages": 56116000.0,
        "Total Revenue": 265568000.0,
        "Operating Revenue": 265568000.0,
        "Loss Adjustment Expense": 62356000.0,
        "Net Policyholder Benefits And Claims": 62356000.0,
        "Policyholder Benefits Gross": 67742000.0,
        "Policyholder Benefits Ceded": 5386000.0
    },
    "2024-06-30": {
        "Tax Effect Of Unusual Items": 10430.737806,
        "Tax Rate For Calcs": 0.119894,
        "Total Unusual Items": 87000.0,
        "Total Unusual Items Excluding Goodwill": 87000.0,
        "Net Income From Continuing Operation Net Minority Interest": 10378000.0,
        "Reconciled Depreciation": 10014000.0,
        "Net Interest Income": 12342000.0,
        "Normalized Income": 10301430.737806,
        "Net Income From Continuing And Discontinued Operation": 10378000.0,
        "Total Expenses": 262816000.0,
        "Diluted Average Shares": 85687000.0,
        "Basic Average Shares": 85687000.0,
        "Diluted EPS": 0.09,
        "Basic EPS": 0.09,
        "Diluted NI Availto Com Stockholders": 7912000.0,
        "Average Dilution Earnings": 0.0,
        "Net Income Common Stockholders": 7912000.0,
        "Otherunder Preferred Stock Dividend": 2466000.0,
        "Preferred Stock Dividends": NaN,
        "Net Income": 10378000.0,
        "Minority Interests": -32279000.0,
        "Net Income Including Noncontrolling Interests": 42657000.0,
        "Net Income Continuous Operations": 42657000.0,
        "Earnings From Equity Interest Net Of Tax": NaN,
        "Tax Provision": 5811000.0,
        "Pretax Income": 48468000.0,
        "Other Income Expense": 26797000.0,
        "Special Income Charges": 87000.0,
        "Other Special Charges": -87000.0,
        "Restructuring And Mergern Acquisition": 0.0,
        "Net Non Operating Interest Income Expense": 12342000.0,
        "Depreciation And Amortization In Income Statement": 10014000.0,
        "Selling General And Administration": 127056000.0,
        "Selling And Marketing Expense": 47990000.0,
        "General And Administrative Expense": 79066000.0,
        "Other Gand A": 21373000.0,
        "Salaries And Wages": 57693000.0,
        "Total Revenue": 311284000.0,
        "Operating Revenue": 311284000.0,
        "Loss Adjustment Expense": 64729000.0,
        "Net Policyholder Benefits And Claims": 64729000.0,
        "Policyholder Benefits Gross": 66394000.0,
        "Policyholder Benefits Ceded": 1665000.0
    },
    "2024-09-30": {
        "Tax Effect Of Unusual Items": 0.0,
        "Tax Rate For Calcs": 0.21,
        "Total Unusual Items": 0.0,
        "Total Unusual Items Excluding Goodwill": 0.0,
        "Net Income From Continuing Operation Net Minority Interest": 4885000.0,
        "Reconciled Depreciation": 9184000.0,
        "Net Interest Income": 8359000.0,
        "Normalized Income": 4885000.0,
        "Net Income From Continuing And Discontinued Operation": 4885000.0,
        "Total Expenses": 304926000.0,
        "Diluted Average Shares": 89691000.0,
        "Basic Average Shares": 89691000.0,
        "Diluted EPS": 0.03,
        "Basic EPS": 0.03,
        "Diluted NI Availto Com Stockholders": 2798000.0,
        "Average Dilution Earnings": 0.0,
        "Net Income Common Stockholders": 2798000.0,
        "Otherunder Preferred Stock Dividend": 2087000.0,
        "Preferred Stock Dividends": NaN,
        "Net Income": 4885000.0,
        "Minority Interests": -14122000.0,
        "Net Income Including Noncontrolling Interests": 19007000.0,
        "Net Income Continuous Operations": 19007000.0,
        "Earnings From Equity Interest Net Of Tax": NaN,
        "Tax Provision": -1022000.0,
        "Pretax Income": 17985000.0,
        "Other Income Expense": 41527000.0,
        "Special Income Charges": 0.0,
        "Other Special Charges": NaN,
        "Restructuring And Mergern Acquisition": 0.0,
        "Net Non Operating Interest Income Expense": 8359000.0,
        "Depreciation And Amortization In Income Statement": 9184000.0,
        "Selling General And Administration": 127170000.0,
        "Selling And Marketing Expense": 59141000.0,
        "General And Administrative Expense": 68029000.0,
        "Other Gand A": 20837000.0,
        "Salaries And Wages": 47192000.0,
        "Total Revenue": 322911000.0,
        "Operating Revenue": 322911000.0,
        "Loss Adjustment Expense": 99430000.0,
        "Net Policyholder Benefits And Claims": 99430000.0,
        "Policyholder Benefits Gross": 101254000.0,
        "Policyholder Benefits Ceded": 1824000.0
    },
    "2024-12-31": {
        "Tax Effect Of Unusual Items": 0.0,
        "Tax Rate For Calcs": 0.392849,
        "Total Unusual Items": 0.0,
        "Total Unusual Items Excluding Goodwill": 0.0,
        "Net Income From Continuing Operation Net Minority Interest": 3105000.0,
        "Reconciled Depreciation": 9147000.0,
        "Net Interest Income": 7863000.0,
        "Normalized Income": 3105000.0,
        "Net Income From Continuing And Discontinued Operation": 3105000.0,
        "Total Expenses": 277830000.0,
        "Diluted Average Shares": 90032000.0,
        "Basic Average Shares": 90032000.0,
        "Diluted EPS": 0.01,
        "Basic EPS": 0.01,
        "Diluted NI Availto Com Stockholders": 1142000.0,
        "Average Dilution Earnings": -5000.0,
        "Net Income Common Stockholders": 1147000.0,
        "Otherunder Preferred Stock Dividend": 1958000.0,
        "Preferred Stock Dividends": NaN,
        "Net Income": 3105000.0,
        "Minority Interests": -5335000.0,
        "Net Income Including Noncontrolling Interests": 8440000.0,
        "Net Income Continuous Operations": 8440000.0,
        "Earnings From Equity Interest Net Of Tax": NaN,
        "Tax Provision": 5461000.0,
        "Pretax Income": 13901000.0,
        "Other Income Expense": 33901000.0,
        "Special Income Charges": 0.0,
        "Other Special Charges": 0.0,
        "Restructuring And Mergern Acquisition": 0.0,
        "Net Non Operating Interest Income Expense": 7863000.0,
        "Depreciation And Amortization In Income Statement": 9147000.0,
        "Selling General And Administration": 124626000.0,
        "Selling And Marketing Expense": 43732000.0,
        "General And Administrative Expense": 80894000.0,
        "Other Gand A": 20432000.0,
        "Salaries And Wages": 60462000.0,
        "Total Revenue": 291731000.0,
        "Operating Revenue": 291731000.0,
        "Loss Adjustment Expense": 72078000.0,
        "Net Policyholder Benefits And Claims": 72078000.0,
        "Policyholder Benefits Gross": 77987000.0,
        "Policyholder Benefits Ceded": 5909000.0
    },
    "2025-03-31": {
        "Tax Effect Of Unusual Items": 0.0,
        "Tax Rate For Calcs": 0.167439,
        "Total Unusual Items": NaN,
        "Total Unusual Items Excluding Goodwill": NaN,
        "Net Income From Continuing Operation Net Minority Interest": 8371000.0,
        "Reconciled Depreciation": 9488000.0,
        "Net Interest Income": 7054000.0,
        "Normalized Income": 8371000.0,
        "Net Income From Continuing And Discontinued Operation": 8371000.0,
        "Total Expenses": 286811000.0,
        "Diluted Average Shares": 346311000.0,
        "Basic Average Shares": 90047000.0,
        "Diluted EPS": 0.07,
        "Basic EPS": 0.07,
        "Diluted NI Availto Com Stockholders": 6041000.0,
        "Average Dilution Earnings": -455000.0,
        "Net Income Common Stockholders": 6496000.0,
        "Otherunder Preferred Stock Dividend": 1875000.0,
        "Preferred Stock Dividends": NaN,
        "Net Income": 8371000.0,
        "Minority Interests": -18922000.0,
        "Net Income Including Noncontrolling Interests": 27293000.0,
        "Net Income Continuous Operations": 27293000.0,
        "Earnings From Equity Interest Net Of Tax": NaN,
        "Tax Provision": 5489000.0,
        "Pretax Income": 32782000.0,
        "Other Income Expense": 49951000.0,
        "Special Income Charges": NaN,
        "Other Special Charges": NaN,
        "Restructuring And Mergern Acquisition": NaN,
        "Net Non Operating Interest Income Expense": 7054000.0,
        "Depreciation And Amortization In Income Statement": 9488000.0,
        "Selling General And Administration": 135914000.0,
        "Selling And Marketing Expense": 54626000.0,
        "General And Administrative Expense": 81288000.0,
        "Other Gand A": 22185000.0,
        "Salaries And Wages": 59103000.0,
        "Total Revenue": 319593000.0,
        "Operating Revenue": 319593000.0,
        "Loss Adjustment Expense": 71130000.0,
        "Net Policyholder Benefits And Claims": 71130000.0,
        "Policyholder Benefits Gross": 83326000.0,
        "Policyholder Benefits Ceded": 12196000.0
    }
}