{
    "2023-03-31": {
        "Tax Effect Of Unusual Items": NaN,
        "Tax Rate For Calcs": NaN,
        "Normalized EBITDA": NaN,
        "Total Unusual Items": NaN,
        "Total Unusual Items Excluding Goodwill": NaN,
        "Net Income From Continuing Operation Net Minority Interest": NaN,
        "Reconciled Depreciation": NaN,
        "Reconciled Cost Of Revenue": NaN,
        "EBITDA": NaN,
        "EBIT": NaN,
        "Net Interest Income": NaN,
        "Interest Expense": NaN,
        "Normalized Income": NaN,
        "Net Income From Continuing And Discontinued Operation": NaN,
        "Total Expenses": NaN,
        "Rent Expense Supplemental": NaN,
        "Diluted Average Shares": NaN,
        "Basic Average Shares": NaN,
        "Diluted EPS": NaN,
        "Basic EPS": NaN,
        "Diluted NI Availto Com Stockholders": NaN,
        "Net Income Common Stockholders": NaN,
        "Net Income": NaN,
        "Minority Interests": 0.0,
        "Net Income Including Noncontrolling Interests": NaN,
        "Net Income Continuous Operations": NaN,
        "Tax Provision": NaN,
        "Pretax Income": NaN,
        "Other Income Expense": NaN,
        "Other Non Operating Income Expenses": NaN,
        "Special Income Charges": NaN,
        "Write Off": NaN,
        "Restructuring And Mergern Acquisition": NaN,
        "Earnings From Equity Interest": NaN,
        "Net Non Operating Interest Income Expense": NaN,
        "Total Other Finance Cost": NaN,
        "Interest Expense Non Operating": NaN,
        "Operating Income": NaN,
        "Operating Expense": NaN,
        "Other Operating Expenses": NaN,
        "Depreciation Amortization Depletion Income Statement": NaN,
        "Depreciation And Amortization In Income Statement": NaN,
        "Selling General And Administration": NaN,
        "Selling And Marketing Expense": NaN,
        "General And Administrative Expense": NaN,
        "Other Gand A": NaN,
        "Gross Profit": NaN,
        "Cost Of Revenue": NaN,
        "Total Revenue": NaN,
        "Operating Revenue": NaN
    },
    "2022-12-31": {
        "Tax Effect Of Unusual Items": -5326086.956522,
        "Tax Rate For Calcs": 0.152174,
        "Normalized EBITDA": 227000000.0,
        "Total Unusual Items": -35000000.0,
        "Total Unusual Items Excluding Goodwill": -35000000.0,
        "Net Income From Continuing Operation Net Minority Interest": 78000000.0,
        "Reconciled Depreciation": 63000000.0,
        "Reconciled Cost Of Revenue": 1528000000.0,
        "EBITDA": 192000000.0,
        "EBIT": 129000000.0,
        "Net Interest Income": -37000000.0,
        "Interest Expense": 37000000.0,
        "Normalized Income": 107673913.043478,
        "Net Income From Continuing And Discontinued Operation": 78000000.0,
        "Total Expenses": 830000000.0,
        "Rent Expense Supplemental": NaN,
        "Diluted Average Shares": 116417910.0,
        "Basic Average Shares": 114705882.0,
        "Diluted EPS": 0.67,
        "Basic EPS": 0.68,
        "Diluted NI Availto Com Stockholders": 78000000.0,
        "Net Income Common Stockholders": 78000000.0,
        "Net Income": 78000000.0,
        "Net Income Including Noncontrolling Interests": 78000000.0,
        "Net Income Continuous Operations": 78000000.0,
        "Tax Provision": 14000000.0,
        "Pretax Income": 92000000.0,
        "Other Income Expense": -33000000.0,
        "Other Non Operating Income Expenses": -2000000.0,
        "Special Income Charges": -35000000.0,
        "Write Off": 17000000.0,
        "Restructuring And Mergern Acquisition": 18000000.0,
        "Earnings From Equity Interest": 4000000.0,
        "Net Non Operating Interest Income Expense": -37000000.0,
        "Interest Expense Non Operating": 37000000.0,
        "Operating Income": 162000000.0,
        "Operating Expense": -698000000.0,
        "Other Operating Expenses": 34000000.0,
        "Depreciation Amortization Depletion Income Statement": 63000000.0,
        "Depreciation And Amortization In Income Statement": 63000000.0,
        "Selling General And Administration": -795000000.0,
        "Selling And Marketing Expense": NaN,
        "General And Administrative Expense": 54000000.0,
        "Other Gand A": 54000000.0,
        "Gross Profit": -536000000.0,
        "Cost Of Revenue": 1528000000.0,
        "Total Revenue": 992000000.0,
        "Operating Revenue": 992000000.0
    },
    "2022-09-30": {
        "Tax Effect Of Unusual Items": NaN,
        "Tax Rate For Calcs": NaN,
        "Normalized EBITDA": NaN,
        "Total Unusual Items": NaN,
        "Total Unusual Items Excluding Goodwill": NaN,
        "Net Income From Continuing Operation Net Minority Interest": NaN,
        "Reconciled Depreciation": NaN,
        "Reconciled Cost Of Revenue": NaN,
        "EBITDA": NaN,
        "EBIT": NaN,
        "Net Interest Income": NaN,
        "Interest Expense": NaN,
        "Interest Income": 61000000.0,
        "Normalized Income": NaN,
        "Net Income From Continuing And Discontinued Operation": NaN,
        "Total Expenses": NaN,
        "Rent Expense Supplemental": 144000000.0,
        "Diluted Average Shares": NaN,
        "Basic Average Shares": NaN,
        "Diluted EPS": NaN,
        "Basic EPS": NaN,
        "Diluted NI Availto Com Stockholders": NaN,
        "Net Income Common Stockholders": NaN,
        "Net Income": NaN,
        "Minority Interests": NaN,
        "Net Income Including Noncontrolling Interests": NaN,
        "Net Income Continuous Operations": NaN,
        "Tax Provision": NaN,
        "Pretax Income": NaN,
        "Other Income Expense": NaN,
        "Other Non Operating Income Expenses": NaN,
        "Special Income Charges": NaN,
        "Write Off": NaN,
        "Restructuring And Mergern Acquisition": NaN,
        "Earnings From Equity Interest": NaN,
        "Net Non Operating Interest Income Expense": NaN,
        "Total Other Finance Cost": -7000000.0,
        "Interest Expense Non Operating": NaN,
        "Interest Income Non Operating": 61000000.0,
        "Operating Income": NaN,
        "Operating Expense": NaN,
        "Other Operating Expenses": NaN,
        "Depreciation Amortization Depletion Income Statement": NaN,
        "Depreciation And Amortization In Income Statement": NaN,
        "Selling General And Administration": NaN,
        "Selling And Marketing Expense": 322000000.0,
        "General And Administrative Expense": NaN,
        "Other Gand A": NaN,
        "Gross Profit": NaN,
        "Cost Of Revenue": NaN,
        "Total Revenue": NaN,
        "Operating Revenue": NaN
    },
    "2022-06-30": {
        "Tax Effect Of Unusual Items": -5035087.719298,
        "Tax Rate For Calcs": 0.359649,
        "Normalized EBITDA": 227000000.0,
        "Total Unusual Items": -14000000.0,
        "Total Unusual Items Excluding Goodwill": -14000000.0,
        "Net Income From Continuing Operation Net Minority Interest": 73000000.0,
        "Reconciled Depreciation": 64000000.0,
        "Reconciled Cost Of Revenue": 625000000.0,
        "EBITDA": 213000000.0,
        "EBIT": 149000000.0,
        "Net Interest Income": -35000000.0,
        "Interest Expense": 35000000.0,
        "Interest Income": NaN,
        "Normalized Income": 81964912.280702,
        "Net Income From Continuing And Discontinued Operation": 73000000.0,
        "Total Expenses": 787000000.0,
        "Rent Expense Supplemental": NaN,
        "Diluted Average Shares": 122000000.0,
        "Basic Average Shares": 121000000.0,
        "Diluted EPS": 0.6,
        "Basic EPS": 0.6,
        "Diluted NI Availto Com Stockholders": 73000000.0,
        "Net Income Common Stockholders": 73000000.0,
        "Net Income": 73000000.0,
        "Net Income Including Noncontrolling Interests": 73000000.0,
        "Net Income Continuous Operations": 73000000.0,
        "Tax Provision": 41000000.0,
        "Pretax Income": 114000000.0,
        "Other Income Expense": -12000000.0,
        "Other Non Operating Income Expenses": -2000000.0,
        "Special Income Charges": -14000000.0,
        "Write Off": -3000000.0,
        "Restructuring And Mergern Acquisition": 17000000.0,
        "Earnings From Equity Interest": 4000000.0,
        "Net Non Operating Interest Income Expense": -35000000.0,
        "Total Other Finance Cost": NaN,
        "Interest Expense Non Operating": 35000000.0,
        "Interest Income Non Operating": NaN,
        "Operating Income": 161000000.0,
        "Operating Expense": 162000000.0,
        "Other Operating Expenses": NaN,
        "Depreciation Amortization Depletion Income Statement": 64000000.0,
        "Depreciation And Amortization In Income Statement": 64000000.0,
        "Selling General And Administration": 98000000.0,
        "Selling And Marketing Expense": NaN,
        "General And Administrative Expense": 98000000.0,
        "Other Gand A": 98000000.0,
        "Gross Profit": 323000000.0,
        "Cost Of Revenue": 625000000.0,
        "Total Revenue": 948000000.0,
        "Operating Revenue": 881000000.0
    },
    "2023-06-30": {
        "Tax Effect Of Unusual Items": NaN,
        "Tax Rate For Calcs": NaN,
        "Normalized EBITDA": NaN,
        "Total Unusual Items": NaN,
        "Total Unusual Items Excluding Goodwill": NaN,
        "Net Income From Continuing Operation Net Minority Interest": NaN,
        "Reconciled Depreciation": NaN,
        "Reconciled Cost Of Revenue": NaN,
        "EBITDA": NaN,
        "EBIT": NaN,
        "Net Interest Income": NaN,
        "Interest Expense": NaN,
        "Normalized Income": NaN,
        "Net Income From Continuing And Discontinued Operation": NaN,
        "Total Expenses": NaN,
        "Rent Expense Supplemental": NaN,
        "Diluted Average Shares": NaN,
        "Basic Average Shares": NaN,
        "Diluted EPS": NaN,
        "Basic EPS": NaN,
        "Diluted NI Availto Com Stockholders": NaN,
        "Net Income Common Stockholders": NaN,
        "Net Income": NaN,
        "Minority Interests": NaN,
        "Net Income Including Noncontrolling Interests": NaN,
        "Net Income Continuous Operations": NaN,
        "Tax Provision": NaN,
        "Pretax Income": NaN,
        "Other Income Expense": NaN,
        "Other Non Operating Income Expenses": NaN,
        "Special Income Charges": NaN,
        "Write Off": NaN,
        "Restructuring And Mergern Acquisition": NaN,
        "Earnings From Equity Interest": NaN,
        "Net Non Operating Interest Income Expense": NaN,
        "Total Other Finance Cost": 13000000.0,
        "Interest Expense Non Operating": NaN,
        "Operating Income": NaN,
        "Operating Expense": NaN,
        "Other Operating Expenses": NaN,
        "Depreciation Amortization Depletion Income Statement": NaN,
        "Depreciation And Amortization In Income Statement": NaN,
        "Selling General And Administration": NaN,
        "Selling And Marketing Expense": 336000000.0,
        "General And Administrative Expense": NaN,
        "Other Gand A": NaN,
        "Gross Profit": NaN,
        "Cost Of Revenue": NaN,
        "Total Revenue": NaN,
        "Operating Revenue": NaN
    },
    "2022-03-31": {
        "Diluted EPS": 0.42,
        "Total Revenue": 779,
        "Gross Profit": 243,
        "Operating Income": 100,
        "EBIT": 172,
        "Net Income": 51
    },
    "2021-12-31": {
        "Diluted EPS": 0.83,
        "Total Revenue": 838,
        "Gross Profit": 218,
        "Operating Income": 154,
        "EBIT": 229,
        "Net Income": 75
    },
    "2021-09-30": {
        "Diluted EPS": 0.9,
        "Total Revenue": 928,
        "Gross Profit": 435,
        "Operating Income": 209,
        "EBIT": 266,
        "Net Income": 99
    },
    "2021-06-30": {
        "Diluted EPS": 0.1,
        "Total Revenue": 334,
        "Gross Profit": 139,
        "Operating Income": 26,
        "EBIT": 42,
        "Net Income": 9
    },
    "2021-03-31": {
        "Diluted EPS": -0.08,
        "Total Revenue": 235,
        "Gross Profit": 63,
        "Operating Income": 1,
        "EBIT": 18,
        "Net Income": -7
    },
    "2020-12-31": {
        "Diluted EPS": -1.81,
        "Total Revenue": 212,
        "Gross Profit": 44,
        "Operating Income": -215,
        "EBIT": -199,
        "Net Income": -154
    },
    "2020-09-30": {
        "Diluted EPS": -0.08,
        "Total Revenue": 208,
        "Gross Profit": 42,
        "Operating Income": -2,
        "EBIT": 13,
        "Net Income": -7
    },
    "2020-06-30": {
        "Diluted EPS": -0.56,
        "Total Revenue": 123,
        "Gross Profit": -3,
        "Operating Income": -42,
        "EBIT": -26,
        "Net Income": -48
    },
    "2020-03-31": {
        "Diluted EPS": 0.09,
        "Total Revenue": 351,
        "Gross Profit": 69,
        "Operating Income": 14,
        "EBIT": 30,
        "Net Income": 8
    },
    "2019-12-31": {
        "Diluted EPS": 0.82,
        "Total Revenue": 468,
        "Gross Profit": 153,
        "Operating Income": 84,
        "EBIT": 101,
        "Net Income": 72
    },
    "2019-09-30": {
        "Diluted EPS": 0.59,
        "Total Revenue": 466,
        "Gross Profit": 150,
        "Operating Income": 82,
        "EBIT": 98,
        "Net Income": 50
    },
    "2019-06-30": {
        "Diluted EPS": 0.43,
        "Total Revenue": 454,
        "Gross Profit": 132,
        "Operating Income": 64,
        "EBIT": 80,
        "Net Income": 39
    },
    "2019-03-31": {
        "Diluted EPS": 0.58,
        "Total Revenue": 450,
        "Gross Profit": 143,
        "Operating Income": 85,
        "EBIT": 97,
        "Net Income": 55
    },
    "2018-12-31": {
        "Diluted EPS": 1.23,
        "Total Revenue": 642,
        "Gross Profit": 238,
        "Operating Income": 169,
        "EBIT": 183,
        "Net Income": 120
    },
    "2018-09-30": {
        "Diluted EPS": 0.42,
        "Total Revenue": 427,
        "Gross Profit": 128,
        "Operating Income": 63,
        "EBIT": 73,
        "Net Income": 41
    },
    "2018-06-30": {
        "Diluted EPS": 1.1,
        "Total Revenue": 563,
        "Gross Profit": 218,
        "Operating Income": 155,
        "EBIT": 165,
        "Net Income": 107
    },
    "2018-03-31": {
        "Diluted EPS": 0.3,
        "Total Revenue": 367,
        "Gross Profit": 101,
        "Operating Income": 47,
        "EBIT": 56,
        "Net Income": 30
    },
    "2017-12-31": {
        "Diluted EPS": 1.83,
        "Total Revenue": 447,
        "Gross Profit": 146,
        "Operating Income": 87,
        "EBIT": 96,
        "Net Income": 183
    },
    "2017-09-30": {
        "Diluted EPS": 0.43,
        "Total Revenue": 426,
        "Gross Profit": 128,
        "Operating Income": 76,
        "EBIT": 84,
        "Net Income": 43
    },
    "2017-06-30": {
        "Diluted EPS": 0.51,
        "Total Revenue": 439,
        "Gross Profit": 150,
        "Operating Income": 91,
        "EBIT": 100,
        "Net Income": 51
    },
    "2017-03-31": {
        "Diluted EPS": 0.51,
        "Total Revenue": 399,
        "Gross Profit": 133,
        "Operating Income": 83,
        "EBIT": 91,
        "Net Income": 50
    },
    "2016-12-31": {
        "Diluted EPS": 0.39,
        "Total Revenue": 415,
        "Gross Profit": 133,
        "Operating Income": 76,
        "EBIT": 85,
        "Net Income": 38
    },
    "2016-09-30": {
        "Diluted EPS": 0.35,
        "Total Revenue": 407,
        "Gross Profit": 126,
        "Operating Income": 74,
        "EBIT": 81,
        "Net Income": 35
    },
    "2016-06-30": {
        "Diluted EPS": 0.48,
        "Total Revenue": 391,
        "Gross Profit": 134,
        "Operating Income": 87,
        "EBIT": 94,
        "Net Income": 47
    },
    "2016-03-31": {
        "Diluted EPS": 0.48,
        "Total Revenue": 370,
        "Gross Profit": 126,
        "Operating Income": 86,
        "EBIT": 92,
        "Net Income": 48
    },
    "2015-12-31": {
        "Diluted EPS": 0.0,
        "Total Revenue": NaN,
        "Gross Profit": NaN,
        "Operating Income": NaN,
        "EBIT": NaN,
        "Net Income": NaN
    },
    "2015-09-30": {
        "Diluted EPS": 0.0,
        "Total Revenue": NaN,
        "Gross Profit": NaN,
        "Operating Income": NaN,
        "EBIT": NaN,
        "Net Income": NaN
    },
    "2014-12-31": {
        "Diluted EPS": 0.0,
        "Total Revenue": NaN,
        "Gross Profit": NaN,
        "Operating Income": NaN,
        "EBIT": NaN,
        "Net Income": NaN
    },
    "2013-12-31": {
        "Diluted EPS": 0.0,
        "Total Revenue": NaN,
        "Gross Profit": NaN,
        "Operating Income": NaN,
        "EBIT": NaN,
        "Net Income": NaN
    },
    "2023-09-30": {
        "Tax Effect Of Unusual Items": NaN,
        "Tax Rate For Calcs": NaN,
        "Normalized EBITDA": NaN,
        "Total Unusual Items": NaN,
        "Total Unusual Items Excluding Goodwill": NaN,
        "Net Income From Continuing Operation Net Minority Interest": NaN,
        "Reconciled Depreciation": NaN,
        "Reconciled Cost Of Revenue": NaN,
        "EBITDA": NaN,
        "EBIT": NaN,
        "Net Interest Income": NaN,
        "Interest Expense": NaN,
        "Normalized Income": NaN,
        "Net Income From Continuing And Discontinued Operation": NaN,
        "Total Expenses": NaN,
        "Rent Expense Supplemental": NaN,
        "Diluted Average Shares": 110900000.0,
        "Basic Average Shares": 109523810.0,
        "Diluted EPS": 0.83,
        "Basic EPS": 0.84,
        "Diluted NI Availto Com Stockholders": NaN,
        "Net Income Common Stockholders": NaN,
        "Net Income": NaN,
        "Minority Interests": 0.0,
        "Net Income Including Noncontrolling Interests": NaN,
        "Net Income Continuous Operations": NaN,
        "Tax Provision": NaN,
        "Pretax Income": NaN,
        "Other Income Expense": NaN,
        "Other Non Operating Income Expenses": NaN,
        "Special Income Charges": NaN,
        "Write Off": NaN,
        "Restructuring And Mergern Acquisition": NaN,
        "Earnings From Equity Interest": NaN,
        "Net Non Operating Interest Income Expense": NaN,
        "Total Other Finance Cost": NaN,
        "Interest Expense Non Operating": NaN,
        "Operating Income": NaN,
        "Operating Expense": NaN,
        "Other Operating Expenses": NaN,
        "Depreciation Amortization Depletion Income Statement": NaN,
        "Depreciation And Amortization In Income Statement": NaN,
        "Selling General And Administration": NaN,
        "General And Administrative Expense": NaN,
        "Other Gand A": NaN,
        "Gross Profit": NaN,
        "Cost Of Revenue": NaN,
        "Total Revenue": NaN,
        "Operating Revenue": NaN
    },
    "2023-12-31": {
        "Tax Effect Of Unusual Items": -9629629.62963,
        "Tax Rate For Calcs": 0.37037,
        "Normalized EBITDA": 236000000.0,
        "Total Unusual Items": -26000000.0,
        "Total Unusual Items Excluding Goodwill": -26000000.0,
        "Net Income From Continuing Operation Net Minority Interest": 68000000.0,
        "Reconciled Depreciation": 57000000.0,
        "Reconciled Cost Of Revenue": 686000000.0,
        "EBITDA": 210000000.0,
        "EBIT": 153000000.0,
        "Net Interest Income": -45000000.0,
        "Interest Expense": 45000000.0,
        "Normalized Income": 84370370.37037,
        "Net Income From Continuing And Discontinued Operation": 68000000.0,
        "Total Expenses": 844000000.0,
        "Rent Expense Supplemental": 152000000.0,
        "Diluted Average Shares": 110000000.0,
        "Basic Average Shares": 107936508.0,
        "Diluted EPS": 0.62,
        "Basic EPS": 0.63,
        "Diluted NI Availto Com Stockholders": 68000000.0,
        "Net Income Common Stockholders": 68000000.0,
        "Net Income": 68000000.0,
        "Minority Interests": NaN,
        "Net Income Including Noncontrolling Interests": 68000000.0,
        "Net Income Continuous Operations": 68000000.0,
        "Tax Provision": 40000000.0,
        "Pretax Income": 108000000.0,
        "Other Income Expense": -22000000.0,
        "Other Non Operating Income Expenses": -1000000.0,
        "Special Income Charges": -26000000.0,
        "Write Off": 0.0,
        "Restructuring And Mergern Acquisition": 26000000.0,
        "Earnings From Equity Interest": 5000000.0,
        "Net Non Operating Interest Income Expense": -45000000.0,
        "Total Other Finance Cost": NaN,
        "Interest Expense Non Operating": 45000000.0,
        "Operating Income": 175000000.0,
        "Operating Expense": 158000000.0,
        "Other Operating Expenses": 37000000.0,
        "Depreciation Amortization Depletion Income Statement": 57000000.0,
        "Depreciation And Amortization In Income Statement": 57000000.0,
        "Selling General And Administration": 64000000.0,
        "General And Administrative Expense": 64000000.0,
        "Other Gand A": 64000000.0,
        "Gross Profit": 333000000.0,
        "Cost Of Revenue": 686000000.0,
        "Total Revenue": 1019000000.0,
        "Operating Revenue": 1019000000.0
    },
    "2024-03-31": {
        "Tax Effect Of Unusual Items": NaN,
        "Tax Rate For Calcs": NaN,
        "Normalized EBITDA": NaN,
        "Total Unusual Items": NaN,
        "Total Unusual Items Excluding Goodwill": NaN,
        "Net Income From Continuing Operation Net Minority Interest": NaN,
        "Reconciled Depreciation": NaN,
        "Reconciled Cost Of Revenue": NaN,
        "EBITDA": NaN,
        "EBIT": NaN,
        "Net Interest Income": NaN,
        "Interest Expense": NaN,
        "Normalized Income": NaN,
        "Net Income From Continuing And Discontinued Operation": NaN,
        "Total Expenses": NaN,
        "Rent Expense Supplemental": NaN,
        "Diluted Average Shares": 105100000.0,
        "Basic Average Shares": 105100000.0,
        "Diluted EPS": -0.04,
        "Basic EPS": -0.04,
        "Diluted NI Availto Com Stockholders": NaN,
        "Net Income Common Stockholders": NaN,
        "Net Income": NaN,
        "Minority Interests": NaN,
        "Net Income Including Noncontrolling Interests": NaN,
        "Net Income Continuous Operations": NaN,
        "Tax Provision": NaN,
        "Pretax Income": NaN,
        "Other Income Expense": NaN,
        "Other Non Operating Income Expenses": NaN,
        "Special Income Charges": NaN,
        "Write Off": NaN,
        "Restructuring And Mergern Acquisition": NaN,
        "Earnings From Equity Interest": NaN,
        "Net Non Operating Interest Income Expense": NaN,
        "Total Other Finance Cost": NaN,
        "Interest Expense Non Operating": NaN,
        "Operating Income": NaN,
        "Operating Expense": NaN,
        "Other Operating Expenses": NaN,
        "Depreciation Amortization Depletion Income Statement": NaN,
        "Depreciation And Amortization In Income Statement": NaN,
        "Selling General And Administration": NaN,
        "General And Administrative Expense": NaN,
        "Other Gand A": NaN,
        "Gross Profit": NaN,
        "Cost Of Revenue": NaN,
        "Total Revenue": NaN,
        "Operating Revenue": NaN
    },
    "2024-06-30": {
        "Tax Effect Of Unusual Items": -10080000.0,
        "Tax Rate For Calcs": 0.21,
        "Normalized EBITDA": 210000000.0,
        "Total Unusual Items": -48000000.0,
        "Total Unusual Items Excluding Goodwill": -48000000.0,
        "Net Income From Continuing Operation Net Minority Interest": 2000000.0,
        "Reconciled Depreciation": 68000000.0,
        "Reconciled Cost Of Revenue": 927000000.0,
        "EBITDA": 162000000.0,
        "EBIT": 94000000.0,
        "Net Interest Income": -87000000.0,
        "Interest Expense": 87000000.0,
        "Normalized Income": 39920000.0,
        "Net Income From Continuing And Discontinued Operation": 2000000.0,
        "Total Expenses": 1093000000.0,
        "Rent Expense Supplemental": 188000000.0,
        "Diluted Average Shares": 104300000.0,
        "Basic Average Shares": 100000000.0,
        "Diluted EPS": 0.02,
        "Basic EPS": 0.02,
        "Diluted NI Availto Com Stockholders": 2000000.0,
        "Net Income Common Stockholders": 2000000.0,
        "Net Income": 2000000.0,
        "Minority Interests": -2000000.0,
        "Net Income Including Noncontrolling Interests": 4000000.0,
        "Net Income Continuous Operations": 4000000.0,
        "Tax Provision": 3000000.0,
        "Pretax Income": 7000000.0,
        "Other Income Expense": -48000000.0,
        "Other Non Operating Income Expenses": -3000000.0,
        "Special Income Charges": -48000000.0,
        "Write Off": 0.0,
        "Restructuring And Mergern Acquisition": 48000000.0,
        "Earnings From Equity Interest": 3000000.0,
        "Net Non Operating Interest Income Expense": -87000000.0,
        "Total Other Finance Cost": 20000000.0,
        "Interest Expense Non Operating": 87000000.0,
        "Operating Income": 142000000.0,
        "Operating Expense": 166000000.0,
        "Other Operating Expenses": 40000000.0,
        "Depreciation Amortization Depletion Income Statement": 68000000.0,
        "Depreciation And Amortization In Income Statement": 68000000.0,
        "Selling General And Administration": 58000000.0,
        "General And Administrative Expense": 58000000.0,
        "Other Gand A": 58000000.0,
        "Gross Profit": 308000000.0,
        "Cost Of Revenue": 927000000.0,
        "Total Revenue": 1235000000.0,
        "Operating Revenue": 1235000000.0
    },
    "2024-09-30": {
        "Tax Effect Of Unusual Items": -7560000.0,
        "Tax Rate For Calcs": 0.21,
        "Normalized EBITDA": 281000000.0,
        "Total Unusual Items": -36000000.0,
        "Total Unusual Items Excluding Goodwill": -36000000.0,
        "Net Income From Continuing Operation Net Minority Interest": 29000000.0,
        "Reconciled Depreciation": 68000000.0,
        "Reconciled Cost Of Revenue": 945000000.0,
        "EBITDA": 245000000.0,
        "EBIT": 177000000.0,
        "Net Interest Income": -84000000.0,
        "Interest Expense": 84000000.0,
        "Normalized Income": 57440000.0,
        "Net Income From Continuing And Discontinued Operation": 29000000.0,
        "Total Expenses": 1106000000.0,
        "Rent Expense Supplemental": 178000000.0,
        "Diluted Average Shares": 102000000.0,
        "Basic Average Shares": 101000000.0,
        "Diluted EPS": 0.28,
        "Basic EPS": 0.28,
        "Diluted NI Availto Com Stockholders": 29000000.0,
        "Net Income Common Stockholders": 29000000.0,
        "Net Income": 29000000.0,
        "Minority Interests": -3000000.0,
        "Net Income Including Noncontrolling Interests": 32000000.0,
        "Net Income Continuous Operations": 32000000.0,
        "Tax Provision": 61000000.0,
        "Pretax Income": 93000000.0,
        "Other Income Expense": -23000000.0,
        "Other Non Operating Income Expenses": 9000000.0,
        "Special Income Charges": -36000000.0,
        "Write Off": 0.0,
        "Restructuring And Mergern Acquisition": 36000000.0,
        "Earnings From Equity Interest": 4000000.0,
        "Net Non Operating Interest Income Expense": -84000000.0,
        "Total Other Finance Cost": NaN,
        "Interest Expense Non Operating": 84000000.0,
        "Operating Income": 200000000.0,
        "Operating Expense": 161000000.0,
        "Other Operating Expenses": 49000000.0,
        "Depreciation Amortization Depletion Income Statement": 68000000.0,
        "Depreciation And Amortization In Income Statement": 68000000.0,
        "Selling General And Administration": 44000000.0,
        "General And Administrative Expense": 44000000.0,
        "Other Gand A": 44000000.0,
        "Gross Profit": 361000000.0,
        "Cost Of Revenue": 945000000.0,
        "Total Revenue": 1306000000.0,
        "Operating Revenue": 1306000000.0
    },
    "2024-12-31": {
        "Tax Effect Of Unusual Items": -9240000.0,
        "Tax Rate For Calcs": 0.21,
        "Normalized EBITDA": 242000000.0,
        "Total Unusual Items": -44000000.0,
        "Total Unusual Items Excluding Goodwill": -44000000.0,
        "Net Income From Continuing Operation Net Minority Interest": 20000000.0,
        "Reconciled Depreciation": 70000000.0,
        "Reconciled Cost Of Revenue": 937000000.0,
        "EBITDA": 198000000.0,
        "EBIT": 128000000.0,
        "Net Interest Income": -79000000.0,
        "Interest Expense": 79000000.0,
        "Normalized Income": 54760000.0,
        "Net Income From Continuing And Discontinued Operation": 20000000.0,
        "Total Expenses": 1106000000.0,
        "Rent Expense Supplemental": 185000000.0,
        "Diluted Average Shares": 100000000.0,
        "Basic Average Shares": 100000000.0,
        "Diluted EPS": 0.19,
        "Basic EPS": 0.2,
        "Diluted NI Availto Com Stockholders": 20000000.0,
        "Net Income Common Stockholders": 20000000.0,
        "Net Income": 20000000.0,
        "Minority Interests": -6000000.0,
        "Net Income Including Noncontrolling Interests": 26000000.0,
        "Net Income Continuous Operations": 26000000.0,
        "Tax Provision": 23000000.0,
        "Pretax Income": 49000000.0,
        "Other Income Expense": -50000000.0,
        "Other Non Operating Income Expenses": -12000000.0,
        "Special Income Charges": -44000000.0,
        "Write Off": 0.0,
        "Restructuring And Mergern Acquisition": 44000000.0,
        "Earnings From Equity Interest": 6000000.0,
        "Net Non Operating Interest Income Expense": -79000000.0,
        "Total Other Finance Cost": NaN,
        "Interest Expense Non Operating": 79000000.0,
        "Operating Income": 178000000.0,
        "Operating Expense": 169000000.0,
        "Other Operating Expenses": 47000000.0,
        "Depreciation Amortization Depletion Income Statement": 70000000.0,
        "Depreciation And Amortization In Income Statement": 70000000.0,
        "Selling General And Administration": 52000000.0,
        "General And Administrative Expense": 52000000.0,
        "Other Gand A": 52000000.0,
        "Gross Profit": 347000000.0,
        "Cost Of Revenue": 937000000.0,
        "Total Revenue": 1284000000.0,
        "Operating Revenue": 1284000000.0
    },
    "2025-03-31": {
        "Tax Effect Of Unusual Items": -5880000.0,
        "Tax Rate For Calcs": 0.21,
        "Normalized EBITDA": 166000000.0,
        "Total Unusual Items": -28000000.0,
        "Total Unusual Items Excluding Goodwill": -28000000.0,
        "Net Income From Continuing Operation Net Minority Interest": -17000000.0,
        "Reconciled Depreciation": 67000000.0,
        "Reconciled Cost Of Revenue": 898000000.0,
        "EBITDA": 138000000.0,
        "EBIT": 71000000.0,
        "Net Interest Income": -77000000.0,
        "Interest Expense": 77000000.0,
        "Normalized Income": 5120000.0,
        "Net Income From Continuing And Discontinued Operation": -17000000.0,
        "Total Expenses": 1060000000.0,
        "Rent Expense Supplemental": 206000000.0,
        "Diluted Average Shares": 100000000.0,
        "Basic Average Shares": 100000000.0,
        "Diluted EPS": -0.17,
        "Basic EPS": -0.17,
        "Diluted NI Availto Com Stockholders": -17000000.0,
        "Net Income Common Stockholders": -17000000.0,
        "Net Income": -17000000.0,
        "Minority Interests": -5000000.0,
        "Net Income Including Noncontrolling Interests": -12000000.0,
        "Net Income Continuous Operations": -12000000.0,
        "Tax Provision": 6000000.0,
        "Pretax Income": -6000000.0,
        "Other Income Expense": -17000000.0,
        "Other Non Operating Income Expenses": 6000000.0,
        "Special Income Charges": -28000000.0,
        "Write Off": 0.0,
        "Restructuring And Mergern Acquisition": 28000000.0,
        "Earnings From Equity Interest": 5000000.0,
        "Net Non Operating Interest Income Expense": -77000000.0,
        "Total Other Finance Cost": NaN,
        "Interest Expense Non Operating": 77000000.0,
        "Operating Income": 88000000.0,
        "Operating Expense": 162000000.0,
        "Other Operating Expenses": 49000000.0,
        "Depreciation Amortization Depletion Income Statement": 67000000.0,
        "Depreciation And Amortization In Income Statement": 67000000.0,
        "Selling General And Administration": 46000000.0,
        "General And Administrative Expense": 46000000.0,
        "Other Gand A": 46000000.0,
        "Gross Profit": 250000000.0,
        "Cost Of Revenue": 898000000.0,
        "Total Revenue": 1148000000.0,
        "Operating Revenue": 1148000000.0
    },
    "2025-06-30": {
        "Tax Effect Of Unusual Items": -9418604.651163,
        "Tax Rate For Calcs": 0.348837,
        "Normalized EBITDA": 208000000.0,
        "Total Unusual Items": -27000000.0,
        "Total Unusual Items Excluding Goodwill": -27000000.0,
        "Net Income From Continuing Operation Net Minority Interest": 25000000.0,
        "Reconciled Depreciation": 59000000.0,
        "Reconciled Cost Of Revenue": 958000000.0,
        "EBITDA": 181000000.0,
        "EBIT": 122000000.0,
        "Net Interest Income": -79000000.0,
        "Interest Expense": 79000000.0,
        "Normalized Income": 42581395.348837,
        "Net Income From Continuing And Discontinued Operation": 25000000.0,
        "Total Expenses": 1127000000.0,
        "Rent Expense Supplemental": 203000000.0,
        "Diluted Average Shares": 96153846.0,
        "Basic Average Shares": 96153846.0,
        "Diluted EPS": 0.25,
        "Basic EPS": 0.26,
        "Diluted NI Availto Com Stockholders": 25000000.0,
        "Net Income Common Stockholders": 25000000.0,
        "Net Income": 25000000.0,
        "Minority Interests": -3000000.0,
        "Net Income Including Noncontrolling Interests": 28000000.0,
        "Net Income Continuous Operations": 28000000.0,
        "Tax Provision": 15000000.0,
        "Pretax Income": 43000000.0,
        "Other Income Expense": -17000000.0,
        "Other Non Operating Income Expenses": 4000000.0,
        "Special Income Charges": -27000000.0,
        "Write Off": 1000000.0,
        "Restructuring And Mergern Acquisition": 26000000.0,
        "Earnings From Equity Interest": 6000000.0,
        "Net Non Operating Interest Income Expense": -79000000.0,
        "Total Other Finance Cost": NaN,
        "Interest Expense Non Operating": 79000000.0,
        "Operating Income": 139000000.0,
        "Operating Expense": 169000000.0,
        "Other Operating Expenses": 52000000.0,
        "Depreciation Amortization Depletion Income Statement": 59000000.0,
        "Depreciation And Amortization In Income Statement": 59000000.0,
        "Selling General And Administration": 58000000.0,
        "General And Administrative Expense": 58000000.0,
        "Other Gand A": 58000000.0,
        "Gross Profit": 308000000.0,
        "Cost Of Revenue": 958000000.0,
        "Total Revenue": 1266000000.0,
        "Operating Revenue": 1266000000.0
    }
}