{
    "2023-03-31": {
        "Tax Effect Of Unusual Items": NaN,
        "Tax Rate For Calcs": NaN,
        "Normalized EBITDA": NaN,
        "Total Unusual Items": NaN,
        "Total Unusual Items Excluding Goodwill": NaN,
        "Net Income From Continuing Operation Net Minority Interest": NaN,
        "Reconciled Depreciation": NaN,
        "Reconciled Cost Of Revenue": NaN,
        "EBITDA": NaN,
        "EBIT": NaN,
        "Net Interest Income": NaN,
        "Interest Expense": NaN,
        "Interest Income": 210000.0,
        "Normalized Income": NaN,
        "Net Income From Continuing And Discontinued Operation": NaN,
        "Total Expenses": NaN,
        "Total Operating Income As Reported": NaN,
        "Diluted Average Shares": NaN,
        "Basic Average Shares": NaN,
        "Diluted EPS": NaN,
        "Basic EPS": NaN,
        "Diluted NI Availto Com Stockholders": NaN,
        "Average Dilution Earnings": NaN,
        "Net Income Common Stockholders": NaN,
        "Otherunder Preferred Stock Dividend": 0.0,
        "Net Income": NaN,
        "Net Income Including Noncontrolling Interests": NaN,
        "Net Income Continuous Operations": NaN,
        "Tax Provision": NaN,
        "Pretax Income": NaN,
        "Other Income Expense": NaN,
        "Other Non Operating Income Expenses": NaN,
        "Special Income Charges": NaN,
        "Restructuring And Mergern Acquisition": NaN,
        "Net Non Operating Interest Income Expense": NaN,
        "Total Other Finance Cost": -210000.0,
        "Interest Expense Non Operating": NaN,
        "Interest Income Non Operating": 210000.0,
        "Operating Income": NaN,
        "Operating Expense": NaN,
        "Depreciation Amortization Depletion Income Statement": NaN,
        "Depreciation And Amortization In Income Statement": NaN,
        "Depreciation Income Statement": NaN,
        "Selling General And Administration": NaN,
        "General And Administrative Expense": NaN,
        "Other Gand A": NaN,
        "Salaries And Wages": NaN,
        "Gross Profit": NaN,
        "Cost Of Revenue": NaN,
        "Total Revenue": NaN,
        "Operating Revenue": NaN
    },
    "2022-12-31": {
        "Tax Effect Of Unusual Items": NaN,
        "Tax Rate For Calcs": NaN,
        "Normalized EBITDA": NaN,
        "Total Unusual Items": 0.0,
        "Total Unusual Items Excluding Goodwill": 0.0,
        "Net Income From Continuing Operation Net Minority Interest": NaN,
        "Reconciled Depreciation": NaN,
        "Reconciled Cost Of Revenue": NaN,
        "EBITDA": NaN,
        "EBIT": NaN,
        "Net Interest Income": NaN,
        "Interest Expense": 125000.0,
        "Interest Income": NaN,
        "Normalized Income": NaN,
        "Net Income From Continuing And Discontinued Operation": NaN,
        "Total Expenses": NaN,
        "Total Operating Income As Reported": NaN,
        "Diluted Average Shares": NaN,
        "Basic Average Shares": NaN,
        "Diluted EPS": NaN,
        "Basic EPS": NaN,
        "Diluted NI Availto Com Stockholders": NaN,
        "Average Dilution Earnings": -80000.0,
        "Net Income Common Stockholders": NaN,
        "Otherunder Preferred Stock Dividend": -437000.0,
        "Net Income": NaN,
        "Net Income Including Noncontrolling Interests": NaN,
        "Net Income Continuous Operations": NaN,
        "Tax Provision": NaN,
        "Pretax Income": NaN,
        "Other Income Expense": NaN,
        "Other Non Operating Income Expenses": NaN,
        "Special Income Charges": 0.0,
        "Restructuring And Mergern Acquisition": 0.0,
        "Net Non Operating Interest Income Expense": NaN,
        "Total Other Finance Cost": NaN,
        "Interest Expense Non Operating": 125000.0,
        "Interest Income Non Operating": NaN,
        "Operating Income": NaN,
        "Operating Expense": NaN,
        "Depreciation Amortization Depletion Income Statement": NaN,
        "Depreciation And Amortization In Income Statement": NaN,
        "Depreciation Income Statement": NaN,
        "Selling General And Administration": NaN,
        "General And Administrative Expense": NaN,
        "Other Gand A": NaN,
        "Salaries And Wages": NaN,
        "Gross Profit": NaN,
        "Cost Of Revenue": NaN,
        "Total Revenue": NaN,
        "Operating Revenue": NaN
    },
    "2022-09-30": {
        "Tax Effect Of Unusual Items": NaN,
        "Tax Rate For Calcs": NaN,
        "Normalized EBITDA": NaN,
        "Total Unusual Items": 0.0,
        "Total Unusual Items Excluding Goodwill": 0.0,
        "Net Income From Continuing Operation Net Minority Interest": NaN,
        "Reconciled Depreciation": NaN,
        "Reconciled Cost Of Revenue": NaN,
        "EBITDA": NaN,
        "EBIT": NaN,
        "Net Interest Income": NaN,
        "Interest Expense": 84000.0,
        "Interest Income": NaN,
        "Normalized Income": NaN,
        "Net Income From Continuing And Discontinued Operation": NaN,
        "Total Expenses": NaN,
        "Total Operating Income As Reported": NaN,
        "Diluted Average Shares": NaN,
        "Basic Average Shares": NaN,
        "Diluted EPS": NaN,
        "Basic EPS": NaN,
        "Diluted NI Availto Com Stockholders": NaN,
        "Average Dilution Earnings": 41000.0,
        "Net Income Common Stockholders": NaN,
        "Otherunder Preferred Stock Dividend": 868000.0,
        "Preferred Stock Dividends": 125000.0,
        "Net Income": NaN,
        "Net Income Including Noncontrolling Interests": NaN,
        "Net Income Continuous Operations": NaN,
        "Tax Provision": NaN,
        "Pretax Income": NaN,
        "Other Income Expense": NaN,
        "Other Non Operating Income Expenses": NaN,
        "Special Income Charges": 0.0,
        "Restructuring And Mergern Acquisition": 0.0,
        "Net Non Operating Interest Income Expense": NaN,
        "Total Other Finance Cost": NaN,
        "Interest Expense Non Operating": 84000.0,
        "Interest Income Non Operating": NaN,
        "Operating Income": NaN,
        "Operating Expense": NaN,
        "Depreciation Amortization Depletion Income Statement": NaN,
        "Depreciation And Amortization In Income Statement": NaN,
        "Depreciation Income Statement": 579000.0,
        "Selling General And Administration": NaN,
        "General And Administrative Expense": NaN,
        "Other Gand A": NaN,
        "Salaries And Wages": NaN,
        "Gross Profit": NaN,
        "Cost Of Revenue": NaN,
        "Total Revenue": NaN,
        "Operating Revenue": NaN
    },
    "2022-06-30": {
        "Tax Effect Of Unusual Items": 0.0,
        "Tax Rate For Calcs": 0.130748,
        "Normalized EBITDA": 5813000.0,
        "Total Unusual Items": 0.0,
        "Total Unusual Items Excluding Goodwill": 0.0,
        "Net Income From Continuing Operation Net Minority Interest": 4461000.0,
        "Reconciled Depreciation": 586000.0,
        "Reconciled Cost Of Revenue": 14737000.0,
        "EBITDA": 5813000.0,
        "EBIT": 5227000.0,
        "Net Interest Income": -95000.0,
        "Interest Expense": 95000.0,
        "Normalized Income": 4461000.0,
        "Net Income From Continuing And Discontinued Operation": 4461000.0,
        "Total Expenses": 44542000.0,
        "Total Operating Income As Reported": 4011000.0,
        "Diluted Average Shares": 7388000.0,
        "Basic Average Shares": 7017000.0,
        "Diluted EPS": 0.52,
        "Basic EPS": 0.54,
        "Diluted NI Availto Com Stockholders": 3795000.0,
        "Average Dilution Earnings": 24000.0,
        "Net Income Common Stockholders": 3795000.0,
        "Otherunder Preferred Stock Dividend": 542000.0,
        "Preferred Stock Dividends": 124000.0,
        "Net Income": 4461000.0,
        "Net Income Including Noncontrolling Interests": 4461000.0,
        "Net Income Continuous Operations": 4461000.0,
        "Tax Provision": 671000.0,
        "Pretax Income": 5132000.0,
        "Other Income Expense": 1216000.0,
        "Other Non Operating Income Expenses": 1216000.0,
        "Special Income Charges": 0.0,
        "Restructuring And Mergern Acquisition": 0.0,
        "Gain On Sale Of Security": NaN,
        "Net Non Operating Interest Income Expense": -95000.0,
        "Total Other Finance Cost": NaN,
        "Interest Expense Non Operating": 95000.0,
        "Operating Income": 4011000.0,
        "Operating Expense": 29805000.0,
        "Depreciation Amortization Depletion Income Statement": 586000.0,
        "Depreciation And Amortization In Income Statement": 586000.0,
        "Depreciation Income Statement": 586000.0,
        "Selling General And Administration": 29219000.0,
        "General And Administrative Expense": 29219000.0,
        "Other Gand A": 3960000.0,
        "Salaries And Wages": 25259000.0,
        "Gross Profit": 33816000.0,
        "Cost Of Revenue": 14737000.0,
        "Total Revenue": 48553000.0,
        "Operating Revenue": 48553000.0
    },
    "2022-03-31": {
        "Diluted EPS": 0.39,
        "Total Revenue": 49,
        "Gross Profit": 10,
        "Operating Income": 4,
        "EBIT": 4,
        "Net Income": 3
    },
    "2021-12-31": {
        "Diluted EPS": 0.25,
        "Total Revenue": 52,
        "Gross Profit": 10,
        "Operating Income": 3,
        "EBIT": 3,
        "Net Income": 2
    },
    "2021-09-30": {
        "Diluted EPS": 0.52,
        "Total Revenue": 50,
        "Gross Profit": 10,
        "Operating Income": 4,
        "EBIT": 5,
        "Net Income": 4
    },
    "2021-06-30": {
        "Diluted EPS": 1.27,
        "Total Revenue": 49,
        "Gross Profit": 8,
        "Operating Income": 1,
        "EBIT": 2,
        "Net Income": 9
    },
    "2021-03-31": {
        "Diluted EPS": -0.28,
        "Total Revenue": 44,
        "Gross Profit": 6,
        "Operating Income": -1,
        "EBIT": 0,
        "Net Income": -2
    },
    "2020-12-31": {
        "Diluted EPS": 0.25,
        "Total Revenue": 47,
        "Gross Profit": 8,
        "Operating Income": 0,
        "EBIT": 0,
        "Net Income": 2
    },
    "2020-09-30": {
        "Diluted EPS": -0.27,
        "Total Revenue": 48,
        "Gross Profit": 7,
        "Operating Income": 1,
        "EBIT": 2,
        "Net Income": -2
    },
    "2020-06-30": {
        "Diluted EPS": -0.99,
        "Total Revenue": 42,
        "Gross Profit": 5,
        "Operating Income": -6,
        "EBIT": -5,
        "Net Income": -6
    },
    "2020-03-31": {
        "Diluted EPS": 0.67,
        "Total Revenue": 41,
        "Gross Profit": 3,
        "Operating Income": -5,
        "EBIT": -4,
        "Net Income": 4
    },
    "2019-12-31": {
        "Diluted EPS": -0.48,
        "Total Revenue": 52,
        "Gross Profit": 7,
        "Operating Income": 0,
        "EBIT": 2,
        "Net Income": -3
    },
    "2019-09-30": {
        "Diluted EPS": -0.97,
        "Total Revenue": 51,
        "Gross Profit": 6,
        "Operating Income": -4,
        "EBIT": -3,
        "Net Income": -6
    },
    "2019-06-30": {
        "Diluted EPS": -0.63,
        "Total Revenue": 55,
        "Gross Profit": 5,
        "Operating Income": -7,
        "EBIT": -5,
        "Net Income": -4
    },
    "2019-03-31": {
        "Diluted EPS": -2.18,
        "Total Revenue": 59,
        "Gross Profit": 2,
        "Operating Income": -11,
        "EBIT": -9,
        "Net Income": -14
    },
    "2018-12-31": {
        "Diluted EPS": 0.43,
        "Total Revenue": 70,
        "Gross Profit": 6,
        "Operating Income": -4,
        "EBIT": -7,
        "Net Income": -1
    },
    "2018-09-30": {
        "Diluted EPS": -1.62,
        "Total Revenue": 64,
        "Gross Profit": 5,
        "Operating Income": -10,
        "EBIT": -5,
        "Net Income": -10
    },
    "2018-06-30": {
        "Diluted EPS": -1.1,
        "Total Revenue": 70,
        "Gross Profit": 4,
        "Operating Income": -6,
        "EBIT": -5,
        "Net Income": -7
    },
    "2018-03-31": {
        "Diluted EPS": 4.67,
        "Total Revenue": 81,
        "Gross Profit": 6,
        "Operating Income": -5,
        "EBIT": -3,
        "Net Income": 33
    },
    "2017-12-31": {
        "Diluted EPS": -4.73,
        "Total Revenue": 100,
        "Gross Profit": 13,
        "Operating Income": -34,
        "EBIT": -31,
        "Net Income": -29
    },
    "2017-09-30": {
        "Diluted EPS": -0.4,
        "Total Revenue": 94,
        "Gross Profit": 13,
        "Operating Income": 1,
        "EBIT": 4,
        "Net Income": -2
    },
    "2017-06-30": {
        "Diluted EPS": -0.43,
        "Total Revenue": 95,
        "Gross Profit": 11,
        "Operating Income": -2,
        "EBIT": 1,
        "Net Income": -3
    },
    "2017-03-31": {
        "Diluted EPS": -1.2,
        "Total Revenue": 95,
        "Gross Profit": 8,
        "Operating Income": -6,
        "EBIT": -3,
        "Net Income": -7
    },
    "2016-12-31": {
        "Diluted EPS": -19.19,
        "Total Revenue": 110,
        "Gross Profit": 17,
        "Operating Income": -35,
        "EBIT": 7,
        "Net Income": -118
    },
    "2016-09-30": {
        "Diluted EPS": -0.5,
        "Total Revenue": 97,
        "Gross Profit": 11,
        "Operating Income": -4,
        "EBIT": -1,
        "Net Income": -3
    },
    "2016-06-30": {
        "Diluted EPS": -0.7,
        "Total Revenue": 97,
        "Gross Profit": 7,
        "Operating Income": -7,
        "EBIT": -3,
        "Net Income": -4
    },
    "2016-03-31": {
        "Diluted EPS": -0.9,
        "Total Revenue": 100,
        "Gross Profit": 7,
        "Operating Income": -9,
        "EBIT": -5,
        "Net Income": -6
    },
    "2015-12-31": {
        "Diluted EPS": 0.37,
        "Total Revenue": 105,
        "Gross Profit": 18,
        "Operating Income": 6,
        "EBIT": 9,
        "Net Income": 3
    },
    "2015-09-30": {
        "Diluted EPS": -27.7,
        "Total Revenue": 109,
        "Gross Profit": 14,
        "Operating Income": -210,
        "EBIT": 3,
        "Net Income": -171
    },
    "2015-06-30": {
        "Diluted EPS": -0.7,
        "Total Revenue": 109,
        "Gross Profit": 17,
        "Operating Income": 3,
        "EBIT": 6,
        "Net Income": -4
    },
    "2015-03-31": {
        "Diluted EPS": 0.3,
        "Total Revenue": 121,
        "Gross Profit": 21,
        "Operating Income": 3,
        "EBIT": 6,
        "Net Income": 2
    },
    "2014-12-31": {
        "Diluted EPS": 1.6,
        "Total Revenue": 92,
        "Gross Profit": 5,
        "Operating Income": -1,
        "EBIT": 1,
        "Net Income": 10
    },
    "2014-09-30": {
        "Diluted EPS": 1.0,
        "Total Revenue": 134,
        "Gross Profit": 27,
        "Operating Income": 11,
        "EBIT": 14,
        "Net Income": 6
    },
    "2014-06-30": {
        "Diluted EPS": 0.9,
        "Total Revenue": 140,
        "Gross Profit": 29,
        "Operating Income": 11,
        "EBIT": 15,
        "Net Income": 6
    },
    "2014-03-31": {
        "Diluted EPS": 0.3,
        "Total Revenue": 133,
        "Gross Profit": 21,
        "Operating Income": 5,
        "EBIT": 8,
        "Net Income": 2
    },
    "2013-12-31": {
        "Diluted EPS": 1.0,
        "Total Revenue": 152,
        "Gross Profit": 33,
        "Operating Income": 12,
        "EBIT": 16,
        "Net Income": 7
    },
    "2013-09-30": {
        "Diluted EPS": -1.3,
        "Total Revenue": 135,
        "Gross Profit": 27,
        "Operating Income": 8,
        "EBIT": 15,
        "Net Income": -8
    },
    "2013-06-30": {
        "Diluted EPS": 1.3,
        "Total Revenue": 140,
        "Gross Profit": 30,
        "Operating Income": 12,
        "EBIT": 16,
        "Net Income": 8
    },
    "2013-03-31": {
        "Diluted EPS": 1.1,
        "Total Revenue": 132,
        "Gross Profit": 26,
        "Operating Income": 9,
        "EBIT": 13,
        "Net Income": 7
    },
    "2012-12-31": {
        "Diluted EPS": 1.7,
        "Total Revenue": 205,
        "Gross Profit": 45,
        "Operating Income": 22,
        "EBIT": 26,
        "Net Income": 11
    },
    "2012-09-30": {
        "Diluted EPS": 1.4,
        "Total Revenue": 141,
        "Gross Profit": 32,
        "Operating Income": 16,
        "EBIT": -140,
        "Net Income": 9
    },
    "2012-06-30": {
        "Diluted EPS": -17.4,
        "Total Revenue": 190,
        "Gross Profit": 36,
        "Operating Income": -143,
        "EBIT": 19,
        "Net Income": -110
    },
    "2012-03-31": {
        "Diluted EPS": 1.1,
        "Total Revenue": 186,
        "Gross Profit": 34,
        "Operating Income": 14,
        "EBIT": 19,
        "Net Income": 7
    },
    "2011-12-31": {
        "Diluted EPS": 2.3,
        "Total Revenue": 215,
        "Gross Profit": 46,
        "Operating Income": 25,
        "EBIT": 24,
        "Net Income": 15
    },
    "2011-09-30": {
        "Diluted EPS": 1.9,
        "Total Revenue": 213,
        "Gross Profit": 43,
        "Operating Income": 21,
        "EBIT": 26,
        "Net Income": 12
    },
    "2011-06-30": {
        "Diluted EPS": 1.5,
        "Total Revenue": 213,
        "Gross Profit": 39,
        "Operating Income": 17,
        "EBIT": 22,
        "Net Income": 9
    },
    "2011-03-31": {
        "Diluted EPS": 1.2,
        "Total Revenue": 200,
        "Gross Profit": 35,
        "Operating Income": 14,
        "EBIT": 20,
        "Net Income": 8
    },
    "2010-12-31": {
        "Diluted EPS": 2.4,
        "Total Revenue": 196,
        "Gross Profit": 46,
        "Operating Income": 27,
        "EBIT": 31,
        "Net Income": 16
    },
    "2010-09-30": {
        "Diluted EPS": 2.2,
        "Total Revenue": 217,
        "Gross Profit": 48,
        "Operating Income": 25,
        "EBIT": 31,
        "Net Income": 14
    },
    "2010-06-30": {
        "Diluted EPS": 2.1,
        "Total Revenue": 208,
        "Gross Profit": 44,
        "Operating Income": 23,
        "EBIT": 28,
        "Net Income": 13
    },
    "2010-03-31": {
        "Diluted EPS": 1.7,
        "Total Revenue": 200,
        "Gross Profit": 42,
        "Operating Income": 18,
        "EBIT": 24,
        "Net Income": 11
    },
    "2009-12-31": {
        "Diluted EPS": 2.2,
        "Total Revenue": 217,
        "Gross Profit": 49,
        "Operating Income": 20,
        "EBIT": 27,
        "Net Income": 13
    },
    "2009-09-30": {
        "Diluted EPS": 2.2,
        "Total Revenue": 209,
        "Gross Profit": 45,
        "Operating Income": 24,
        "EBIT": 31,
        "Net Income": 14
    },
    "2009-06-30": {
        "Diluted EPS": 2.0,
        "Total Revenue": 216,
        "Gross Profit": 49,
        "Operating Income": 25,
        "EBIT": 32,
        "Net Income": 13
    },
    "2009-03-31": {
        "Diluted EPS": 1.1,
        "Total Revenue": 218,
        "Gross Profit": 38,
        "Operating Income": 14,
        "EBIT": 23,
        "Net Income": 7
    },
    "2023-06-30": {
        "Tax Effect Of Unusual Items": NaN,
        "Tax Rate For Calcs": NaN,
        "Normalized EBITDA": NaN,
        "Total Unusual Items": NaN,
        "Total Unusual Items Excluding Goodwill": NaN,
        "Net Income From Continuing Operation Net Minority Interest": NaN,
        "Reconciled Depreciation": NaN,
        "Reconciled Cost Of Revenue": NaN,
        "EBITDA": NaN,
        "EBIT": NaN,
        "Net Interest Income": NaN,
        "Interest Expense": 59000.0,
        "Normalized Income": NaN,
        "Net Income From Continuing And Discontinued Operation": NaN,
        "Total Expenses": NaN,
        "Total Operating Income As Reported": NaN,
        "Diluted Average Shares": NaN,
        "Basic Average Shares": NaN,
        "Diluted EPS": NaN,
        "Basic EPS": NaN,
        "Diluted NI Availto Com Stockholders": NaN,
        "Average Dilution Earnings": 0.0,
        "Net Income Common Stockholders": NaN,
        "Otherunder Preferred Stock Dividend": 0.0,
        "Net Income": NaN,
        "Net Income Including Noncontrolling Interests": NaN,
        "Net Income Continuous Operations": NaN,
        "Tax Provision": NaN,
        "Pretax Income": NaN,
        "Other Income Expense": NaN,
        "Other Non Operating Income Expenses": NaN,
        "Special Income Charges": NaN,
        "Restructuring And Mergern Acquisition": NaN,
        "Net Non Operating Interest Income Expense": NaN,
        "Total Other Finance Cost": 59000.0,
        "Interest Expense Non Operating": 59000.0,
        "Operating Income": NaN,
        "Operating Expense": NaN,
        "Depreciation Amortization Depletion Income Statement": NaN,
        "Depreciation And Amortization In Income Statement": NaN,
        "Depreciation Income Statement": 1033000.0,
        "Selling General And Administration": NaN,
        "General And Administrative Expense": NaN,
        "Other Gand A": NaN,
        "Salaries And Wages": NaN,
        "Gross Profit": NaN,
        "Cost Of Revenue": NaN,
        "Total Revenue": NaN,
        "Operating Revenue": NaN
    },
    "2023-09-30": {
        "Tax Effect Of Unusual Items": NaN,
        "Tax Rate For Calcs": NaN,
        "Normalized EBITDA": NaN,
        "Total Unusual Items": NaN,
        "Total Unusual Items Excluding Goodwill": NaN,
        "Net Income From Continuing Operation Net Minority Interest": NaN,
        "Reconciled Depreciation": NaN,
        "Reconciled Cost Of Revenue": NaN,
        "EBITDA": NaN,
        "EBIT": NaN,
        "Net Interest Income": NaN,
        "Interest Expense": 1000.0,
        "Normalized Income": NaN,
        "Net Income From Continuing And Discontinued Operation": NaN,
        "Total Expenses": NaN,
        "Total Operating Income As Reported": NaN,
        "Diluted Average Shares": NaN,
        "Basic Average Shares": NaN,
        "Diluted EPS": NaN,
        "Basic EPS": NaN,
        "Diluted NI Availto Com Stockholders": NaN,
        "Average Dilution Earnings": 0.0,
        "Net Income Common Stockholders": NaN,
        "Otherunder Preferred Stock Dividend": 0.0,
        "Net Income": NaN,
        "Net Income Including Noncontrolling Interests": NaN,
        "Net Income Continuous Operations": NaN,
        "Tax Provision": NaN,
        "Pretax Income": NaN,
        "Other Income Expense": NaN,
        "Other Non Operating Income Expenses": NaN,
        "Special Income Charges": NaN,
        "Restructuring And Mergern Acquisition": NaN,
        "Net Non Operating Interest Income Expense": NaN,
        "Total Other Finance Cost": 1000.0,
        "Interest Expense Non Operating": 1000.0,
        "Operating Income": NaN,
        "Operating Expense": NaN,
        "Depreciation Amortization Depletion Income Statement": NaN,
        "Depreciation And Amortization In Income Statement": NaN,
        "Selling General And Administration": NaN,
        "General And Administrative Expense": NaN,
        "Other Gand A": NaN,
        "Salaries And Wages": NaN,
        "Gross Profit": NaN,
        "Cost Of Revenue": NaN,
        "Total Revenue": NaN,
        "Operating Revenue": NaN
    },
    "2023-12-31": {
        "Tax Effect Of Unusual Items": NaN,
        "Tax Rate For Calcs": NaN,
        "Normalized EBITDA": NaN,
        "Total Unusual Items": NaN,
        "Total Unusual Items Excluding Goodwill": NaN,
        "Net Income From Continuing Operation Net Minority Interest": NaN,
        "Reconciled Depreciation": NaN,
        "Reconciled Cost Of Revenue": NaN,
        "EBITDA": NaN,
        "EBIT": NaN,
        "Net Interest Income": NaN,
        "Interest Expense": NaN,
        "Normalized Income": NaN,
        "Net Income From Continuing And Discontinued Operation": NaN,
        "Total Expenses": NaN,
        "Total Operating Income As Reported": NaN,
        "Diluted Average Shares": NaN,
        "Basic Average Shares": NaN,
        "Diluted EPS": NaN,
        "Basic EPS": NaN,
        "Diluted NI Availto Com Stockholders": NaN,
        "Average Dilution Earnings": NaN,
        "Net Income Common Stockholders": NaN,
        "Otherunder Preferred Stock Dividend": 0.0,
        "Net Income": NaN,
        "Net Income Including Noncontrolling Interests": NaN,
        "Net Income Continuous Operations": NaN,
        "Tax Provision": NaN,
        "Pretax Income": NaN,
        "Other Income Expense": NaN,
        "Other Non Operating Income Expenses": NaN,
        "Special Income Charges": NaN,
        "Restructuring And Mergern Acquisition": NaN,
        "Net Non Operating Interest Income Expense": NaN,
        "Total Other Finance Cost": NaN,
        "Interest Expense Non Operating": NaN,
        "Operating Income": NaN,
        "Operating Expense": NaN,
        "Depreciation Amortization Depletion Income Statement": NaN,
        "Depreciation And Amortization In Income Statement": NaN,
        "Selling General And Administration": NaN,
        "General And Administrative Expense": NaN,
        "Other Gand A": NaN,
        "Salaries And Wages": NaN,
        "Gross Profit": NaN,
        "Cost Of Revenue": NaN,
        "Total Revenue": NaN,
        "Operating Revenue": NaN
    },
    "2024-03-31": {
        "Tax Effect Of Unusual Items": -250260.330579,
        "Tax Rate For Calcs": 0.293388,
        "Normalized EBITDA": 1668000.0,
        "Total Unusual Items": -853000.0,
        "Total Unusual Items Excluding Goodwill": -853000.0,
        "Net Income From Continuing Operation Net Minority Interest": -171000.0,
        "Reconciled Depreciation": 1046000.0,
        "Reconciled Cost Of Revenue": 13750000.0,
        "EBITDA": 815000.0,
        "EBIT": -231000.0,
        "Net Interest Income": -11000.0,
        "Interest Expense": 11000.0,
        "Normalized Income": 431739.669421,
        "Net Income From Continuing And Discontinued Operation": -171000.0,
        "Total Expenses": 44220000.0,
        "Total Operating Income As Reported": 375000.0,
        "Diluted Average Shares": 7236000.0,
        "Basic Average Shares": 7236000.0,
        "Diluted EPS": -0.02,
        "Basic EPS": -0.02,
        "Diluted NI Availto Com Stockholders": -171000.0,
        "Average Dilution Earnings": NaN,
        "Net Income Common Stockholders": -171000.0,
        "Otherunder Preferred Stock Dividend": NaN,
        "Net Income": -171000.0,
        "Net Income Including Noncontrolling Interests": -171000.0,
        "Net Income Continuous Operations": -171000.0,
        "Tax Provision": -71000.0,
        "Pretax Income": -242000.0,
        "Other Income Expense": -1459000.0,
        "Other Non Operating Income Expenses": -606000.0,
        "Special Income Charges": -853000.0,
        "Restructuring And Mergern Acquisition": 853000.0,
        "Net Non Operating Interest Income Expense": -11000.0,
        "Total Other Finance Cost": NaN,
        "Interest Expense Non Operating": 11000.0,
        "Operating Income": 1228000.0,
        "Operating Expense": 30470000.0,
        "Depreciation Amortization Depletion Income Statement": 1046000.0,
        "Depreciation And Amortization In Income Statement": 1046000.0,
        "Selling General And Administration": 29424000.0,
        "General And Administrative Expense": 29424000.0,
        "Other Gand A": 5939000.0,
        "Salaries And Wages": 23485000.0,
        "Gross Profit": 31698000.0,
        "Cost Of Revenue": 13750000.0,
        "Total Revenue": 45448000.0,
        "Operating Revenue": 45448000.0
    },
    "2024-06-30": {
        "Tax Effect Of Unusual Items": -104188.0,
        "Tax Rate For Calcs": 0.244,
        "Normalized EBITDA": 3249000.0,
        "Total Unusual Items": -427000.0,
        "Total Unusual Items Excluding Goodwill": -427000.0,
        "Net Income From Continuing Operation Net Minority Interest": -27834000.0,
        "Reconciled Depreciation": 1022000.0,
        "Reconciled Cost Of Revenue": 13679000.0,
        "EBITDA": 2822000.0,
        "EBIT": 1800000.0,
        "Net Interest Income": -39000.0,
        "Interest Expense": NaN,
        "Normalized Income": -27511188.0,
        "Net Income From Continuing And Discontinued Operation": -27834000.0,
        "Total Expenses": 43235000.0,
        "Total Operating Income As Reported": 1373000.0,
        "Diluted Average Shares": 7365000.0,
        "Basic Average Shares": 7257000.0,
        "Diluted EPS": -3.84,
        "Basic EPS": -3.84,
        "Diluted NI Availto Com Stockholders": -27834000.0,
        "Average Dilution Earnings": NaN,
        "Net Income Common Stockholders": -27834000.0,
        "Otherunder Preferred Stock Dividend": NaN,
        "Net Income": -27834000.0,
        "Net Income Including Noncontrolling Interests": -27834000.0,
        "Net Income Continuous Operations": -27834000.0,
        "Tax Provision": -9004000.0,
        "Pretax Income": -36838000.0,
        "Other Income Expense": -38599000.0,
        "Other Non Operating Income Expenses": -38172000.0,
        "Special Income Charges": -427000.0,
        "Restructuring And Mergern Acquisition": 427000.0,
        "Net Non Operating Interest Income Expense": -39000.0,
        "Total Other Finance Cost": 39000.0,
        "Interest Expense Non Operating": NaN,
        "Operating Income": 1800000.0,
        "Operating Expense": 29556000.0,
        "Depreciation Amortization Depletion Income Statement": 1022000.0,
        "Depreciation And Amortization In Income Statement": 1022000.0,
        "Selling General And Administration": 28534000.0,
        "General And Administrative Expense": 28534000.0,
        "Other Gand A": 5852000.0,
        "Salaries And Wages": 22682000.0,
        "Gross Profit": 31356000.0,
        "Cost Of Revenue": 13679000.0,
        "Total Revenue": 45035000.0,
        "Operating Revenue": 45035000.0
    },
    "2024-09-30": {
        "Tax Effect Of Unusual Items": -175560.0,
        "Tax Rate For Calcs": 0.21,
        "Normalized EBITDA": 4609000.0,
        "Total Unusual Items": -836000.0,
        "Total Unusual Items Excluding Goodwill": -836000.0,
        "Net Income From Continuing Operation Net Minority Interest": 142000.0,
        "Reconciled Depreciation": 1039000.0,
        "Reconciled Cost Of Revenue": 14421000.0,
        "EBITDA": 3773000.0,
        "EBIT": 2734000.0,
        "Net Interest Income": -57000.0,
        "Interest Expense": NaN,
        "Normalized Income": 802440.0,
        "Net Income From Continuing And Discontinued Operation": 142000.0,
        "Total Expenses": 44896000.0,
        "Total Operating Income As Reported": 1898000.0,
        "Diluted Average Shares": 7398000.0,
        "Basic Average Shares": 7324000.0,
        "Diluted EPS": 0.02,
        "Basic EPS": 0.02,
        "Diluted NI Availto Com Stockholders": 142000.0,
        "Average Dilution Earnings": NaN,
        "Net Income Common Stockholders": 142000.0,
        "Otherunder Preferred Stock Dividend": NaN,
        "Net Income": 142000.0,
        "Net Income Including Noncontrolling Interests": 142000.0,
        "Net Income Continuous Operations": 142000.0,
        "Tax Provision": 868000.0,
        "Pretax Income": 1010000.0,
        "Other Income Expense": -1667000.0,
        "Other Non Operating Income Expenses": -831000.0,
        "Special Income Charges": -836000.0,
        "Restructuring And Mergern Acquisition": 836000.0,
        "Net Non Operating Interest Income Expense": -57000.0,
        "Total Other Finance Cost": 57000.0,
        "Interest Expense Non Operating": NaN,
        "Operating Income": 2734000.0,
        "Operating Expense": 30475000.0,
        "Depreciation Amortization Depletion Income Statement": 1039000.0,
        "Depreciation And Amortization In Income Statement": 1039000.0,
        "Selling General And Administration": 29436000.0,
        "General And Administrative Expense": 29436000.0,
        "Other Gand A": 5260000.0,
        "Salaries And Wages": 24176000.0,
        "Gross Profit": 33209000.0,
        "Cost Of Revenue": 14421000.0,
        "Total Revenue": 47630000.0,
        "Operating Revenue": 47630000.0
    },
    "2024-12-31": {
        "Tax Effect Of Unusual Items": -725340.0,
        "Tax Rate For Calcs": 0.21,
        "Normalized EBITDA": 6633000.0,
        "Total Unusual Items": -3454000.0,
        "Total Unusual Items Excluding Goodwill": -3454000.0,
        "Net Income From Continuing Operation Net Minority Interest": -2434000.0,
        "Reconciled Depreciation": 1278000.0,
        "Reconciled Cost Of Revenue": 14794000.0,
        "EBITDA": 3179000.0,
        "EBIT": 1901000.0,
        "Net Interest Income": -80000.0,
        "Interest Expense": NaN,
        "Normalized Income": 294660.0,
        "Net Income From Continuing And Discontinued Operation": -2434000.0,
        "Total Expenses": 45228000.0,
        "Total Operating Income As Reported": -1553000.0,
        "Diluted Average Shares": 7355000.0,
        "Basic Average Shares": 7355000.0,
        "Diluted EPS": -0.33,
        "Basic EPS": -0.33,
        "Diluted NI Availto Com Stockholders": -2434000.0,
        "Average Dilution Earnings": NaN,
        "Net Income Common Stockholders": -2434000.0,
        "Otherunder Preferred Stock Dividend": NaN,
        "Net Income": -2434000.0,
        "Net Income Including Noncontrolling Interests": -2434000.0,
        "Net Income Continuous Operations": -2434000.0,
        "Tax Provision": 570000.0,
        "Pretax Income": -1864000.0,
        "Other Income Expense": -3685000.0,
        "Other Non Operating Income Expenses": -231000.0,
        "Special Income Charges": -3454000.0,
        "Restructuring And Mergern Acquisition": 286000.0,
        "Net Non Operating Interest Income Expense": -80000.0,
        "Total Other Finance Cost": 80000.0,
        "Interest Expense Non Operating": NaN,
        "Operating Income": 1901000.0,
        "Operating Expense": 30434000.0,
        "Depreciation Amortization Depletion Income Statement": 1278000.0,
        "Depreciation And Amortization In Income Statement": 1278000.0,
        "Selling General And Administration": 29156000.0,
        "General And Administrative Expense": 29156000.0,
        "Other Gand A": 5730000.0,
        "Salaries And Wages": 23426000.0,
        "Gross Profit": 32335000.0,
        "Cost Of Revenue": 14794000.0,
        "Total Revenue": 47129000.0,
        "Operating Revenue": 47129000.0
    },
    "2025-03-31": {
        "Tax Effect Of Unusual Items": -296820.428336,
        "Tax Rate For Calcs": 0.354201,
        "Normalized EBITDA": 1347000.0,
        "Total Unusual Items": -838000.0,
        "Total Unusual Items Excluding Goodwill": -838000.0,
        "Net Income From Continuing Operation Net Minority Interest": -392000.0,
        "Reconciled Depreciation": 1063000.0,
        "Reconciled Cost Of Revenue": 14057000.0,
        "EBITDA": 509000.0,
        "EBIT": -554000.0,
        "Net Interest Income": -53000.0,
        "Interest Expense": 53000.0,
        "Normalized Income": 149179.571664,
        "Net Income From Continuing And Discontinued Operation": -392000.0,
        "Total Expenses": 40763000.0,
        "Total Operating Income As Reported": -40000.0,
        "Diluted Average Shares": 7360000.0,
        "Basic Average Shares": 7360000.0,
        "Diluted EPS": -0.05,
        "Basic EPS": -0.05,
        "Diluted NI Availto Com Stockholders": -392000.0,
        "Average Dilution Earnings": NaN,
        "Net Income Common Stockholders": -392000.0,
        "Otherunder Preferred Stock Dividend": NaN,
        "Net Income": -392000.0,
        "Net Income Including Noncontrolling Interests": -392000.0,
        "Net Income Continuous Operations": -392000.0,
        "Tax Provision": -215000.0,
        "Pretax Income": -607000.0,
        "Other Income Expense": -1352000.0,
        "Other Non Operating Income Expenses": -514000.0,
        "Special Income Charges": -838000.0,
        "Restructuring And Mergern Acquisition": 838000.0,
        "Net Non Operating Interest Income Expense": -53000.0,
        "Total Other Finance Cost": NaN,
        "Interest Expense Non Operating": 53000.0,
        "Operating Income": 798000.0,
        "Operating Expense": 26706000.0,
        "Depreciation Amortization Depletion Income Statement": 1063000.0,
        "Depreciation And Amortization In Income Statement": 1063000.0,
        "Selling General And Administration": 25643000.0,
        "General And Administrative Expense": 25643000.0,
        "Other Gand A": 5844000.0,
        "Salaries And Wages": 19799000.0,
        "Gross Profit": 27504000.0,
        "Cost Of Revenue": 14057000.0,
        "Total Revenue": 41561000.0,
        "Operating Revenue": 41561000.0
    }
}