{
    "2023-04-30": {
        "Tax Effect Of Unusual Items": 0.0,
        "Tax Rate For Calcs": 0.195,
        "Normalized EBITDA": 57606000.0,
        "Net Income From Continuing Operation Net Minority Interest": 35875000.0,
        "Reconciled Depreciation": 11693000.0,
        "Reconciled Cost Of Revenue": 301877000.0,
        "EBITDA": 57606000.0,
        "EBIT": 45913000.0,
        "Net Interest Income": -1327000.0,
        "Interest Expense": 1327000.0,
        "Normalized Income": 35875000.0,
        "Net Income From Continuing And Discontinued Operation": 35875000.0,
        "Total Expenses": 409584000.0,
        "Total Operating Income As Reported": 45913000.0,
        "Diluted Average Shares": 13111000.0,
        "Basic Average Shares": 12791000.0,
        "Diluted EPS": 2.74,
        "Basic EPS": 2.8,
        "Diluted NI Availto Com Stockholders": 35875000.0,
        "Net Income Common Stockholders": 35875000.0,
        "Net Income": 35875000.0,
        "Net Income Including Noncontrolling Interests": 35875000.0,
        "Net Income Continuous Operations": 35875000.0,
        "Tax Provision": 8711000.0,
        "Pretax Income": 44586000.0,
        "Net Non Operating Interest Income Expense": -1327000.0,
        "Interest Expense Non Operating": 1327000.0,
        "Operating Income": 45913000.0,
        "Operating Expense": 107707000.0,
        "Other Operating Expenses": 96014000.0,
        "Depreciation Amortization Depletion Income Statement": 11693000.0,
        "Depreciation And Amortization In Income Statement": 11693000.0,
        "Selling General And Administration": 96014000.0,
        "Gross Profit": 153620000.0,
        "Cost Of Revenue": 301877000.0,
        "Total Revenue": 455497000.0,
        "Operating Revenue": 455497000.0
    },
    "2023-01-31": {
        "Tax Effect Of Unusual Items": 0.0,
        "Tax Rate For Calcs": 0.233543,
        "Normalized EBITDA": 62267000.0,
        "Net Income From Continuing Operation Net Minority Interest": 38424000.0,
        "Reconciled Depreciation": 11456000.0,
        "Reconciled Cost Of Revenue": 297109000.0,
        "EBITDA": 62267000.0,
        "EBIT": 50811000.0,
        "Net Interest Income": -555000.0,
        "Interest Expense": 679000.0,
        "Normalized Income": 38424000.0,
        "Net Income From Continuing And Discontinued Operation": 38424000.0,
        "Total Expenses": 407608000.0,
        "Total Operating Income As Reported": 50687000.0,
        "Diluted Average Shares": 13186000.0,
        "Basic Average Shares": 12790000.0,
        "Diluted EPS": 2.91,
        "Basic EPS": 3.0,
        "Diluted NI Availto Com Stockholders": 38424000.0,
        "Net Income Common Stockholders": 38424000.0,
        "Net Income": 38424000.0,
        "Net Income Including Noncontrolling Interests": 38424000.0,
        "Net Income Continuous Operations": 38424000.0,
        "Tax Provision": 11708000.0,
        "Pretax Income": 50132000.0,
        "Net Non Operating Interest Income Expense": -555000.0,
        "Interest Expense Non Operating": 679000.0,
        "Operating Income": 50687000.0,
        "Operating Expense": 110499000.0,
        "Other Operating Expenses": 99043000.0,
        "Depreciation Amortization Depletion Income Statement": 11456000.0,
        "Depreciation And Amortization In Income Statement": 11456000.0,
        "Selling General And Administration": 99043000.0,
        "Gross Profit": 161186000.0,
        "Cost Of Revenue": 297109000.0,
        "Total Revenue": 458295000.0,
        "Operating Revenue": 458295000.0
    },
    "2022-10-31": {
        "Tax Effect Of Unusual Items": NaN,
        "Tax Rate For Calcs": NaN,
        "Normalized EBITDA": NaN,
        "Net Income From Continuing Operation Net Minority Interest": NaN,
        "Reconciled Depreciation": NaN,
        "Reconciled Cost Of Revenue": NaN,
        "EBITDA": NaN,
        "EBIT": NaN,
        "Net Interest Income": NaN,
        "Interest Expense": NaN,
        "Normalized Income": NaN,
        "Net Income From Continuing And Discontinued Operation": NaN,
        "Total Expenses": NaN,
        "Total Operating Income As Reported": NaN,
        "Diluted Average Shares": 13202000.0,
        "Basic Average Shares": 12837000.0,
        "Diluted EPS": 1.94,
        "Basic EPS": 1.99,
        "Diluted NI Availto Com Stockholders": NaN,
        "Net Income Common Stockholders": NaN,
        "Net Income": NaN,
        "Net Income Including Noncontrolling Interests": NaN,
        "Net Income Continuous Operations": NaN,
        "Tax Provision": NaN,
        "Pretax Income": NaN,
        "Net Non Operating Interest Income Expense": NaN,
        "Interest Expense Non Operating": NaN,
        "Operating Income": NaN,
        "Operating Expense": NaN,
        "Other Operating Expenses": NaN,
        "Depreciation Amortization Depletion Income Statement": NaN,
        "Depreciation And Amortization In Income Statement": NaN,
        "Selling General And Administration": 103510000.0,
        "Gross Profit": NaN,
        "Cost Of Revenue": NaN,
        "Total Revenue": NaN,
        "Operating Revenue": NaN
    },
    "2022-07-31": {
        "Tax Effect Of Unusual Items": 0.0,
        "Tax Rate For Calcs": 0.238452,
        "Normalized EBITDA": 43738000.0,
        "Net Income From Continuing Operation Net Minority Interest": 24713000.0,
        "Reconciled Depreciation": 10926000.0,
        "Reconciled Cost Of Revenue": 257653000.0,
        "EBITDA": 43738000.0,
        "EBIT": 32812000.0,
        "Net Interest Income": -361000.0,
        "Interest Expense": 361000.0,
        "Normalized Income": 24713000.0,
        "Net Income From Continuing And Discontinued Operation": 24713000.0,
        "Total Expenses": 359993000.0,
        "Total Operating Income As Reported": 32812000.0,
        "Diluted Average Shares": 13261000.0,
        "Basic Average Shares": 12951000.0,
        "Diluted EPS": 1.86,
        "Basic EPS": 1.91,
        "Diluted NI Availto Com Stockholders": 24713000.0,
        "Net Income Common Stockholders": 24713000.0,
        "Net Income": 24713000.0,
        "Net Income Including Noncontrolling Interests": 24713000.0,
        "Net Income Continuous Operations": 24713000.0,
        "Tax Provision": 7738000.0,
        "Pretax Income": 32451000.0,
        "Net Non Operating Interest Income Expense": -361000.0,
        "Interest Expense Non Operating": 361000.0,
        "Operating Income": 32812000.0,
        "Operating Expense": 102340000.0,
        "Depreciation Amortization Depletion Income Statement": 10926000.0,
        "Depreciation And Amortization In Income Statement": 10926000.0,
        "Selling General And Administration": 91414000.0,
        "Gross Profit": 135152000.0,
        "Cost Of Revenue": 257653000.0,
        "Total Revenue": 392805000.0,
        "Operating Revenue": 392805000.0
    },
    "2022-04-30": {
        "Diluted EPS": 2.89,
        "Total Revenue": 424,
        "Gross Profit": 157,
        "Operating Income": 51,
        "EBIT": 61,
        "Net Income": 39
    },
    "2022-01-31": {
        "Diluted EPS": 1.65,
        "Total Revenue": 383,
        "Gross Profit": 134,
        "Operating Income": 23,
        "EBIT": 34,
        "Net Income": 18
    },
    "2021-10-31": {
        "Diluted EPS": 1.68,
        "Total Revenue": 382,
        "Gross Profit": 139,
        "Operating Income": 33,
        "EBIT": 42,
        "Net Income": 25
    },
    "2021-07-31": {
        "Diluted EPS": 2.86,
        "Total Revenue": 419,
        "Gross Profit": 163,
        "Operating Income": 62,
        "EBIT": 70,
        "Net Income": 47
    },
    "2021-04-30": {
        "Diluted EPS": 5.0,
        "Total Revenue": 507,
        "Gross Profit": 210,
        "Operating Income": 110,
        "EBIT": 118,
        "Net Income": 85
    },
    "2021-01-31": {
        "Diluted EPS": 1.43,
        "Total Revenue": 377,
        "Gross Profit": 140,
        "Operating Income": 31,
        "EBIT": 39,
        "Net Income": 24
    },
    "2020-10-31": {
        "Diluted EPS": 1.47,
        "Total Revenue": 331,
        "Gross Profit": 127,
        "Operating Income": 33,
        "EBIT": 41,
        "Net Income": 25
    },
    "2020-07-31": {
        "Diluted EPS": 2.38,
        "Total Revenue": 442,
        "Gross Profit": 164,
        "Operating Income": 56,
        "EBIT": 64,
        "Net Income": 40
    },
    "2020-04-30": {
        "Diluted EPS": -0.92,
        "Total Revenue": 270,
        "Gross Profit": 74,
        "Operating Income": -22,
        "EBIT": -15,
        "Net Income": -15
    },
    "2020-01-31": {
        "Diluted EPS": 0.38,
        "Total Revenue": 313,
        "Gross Profit": 98,
        "Operating Income": 8,
        "EBIT": 16,
        "Net Income": 6
    },
    "2019-10-31": {
        "Diluted EPS": 0.13,
        "Total Revenue": 275,
        "Gross Profit": 90,
        "Operating Income": 3,
        "EBIT": 10,
        "Net Income": 2
    },
    "2019-07-31": {
        "Diluted EPS": -0.49,
        "Total Revenue": 252,
        "Gross Profit": 76,
        "Operating Income": -12,
        "EBIT": -4,
        "Net Income": -9
    },
    "2019-04-30": {
        "Diluted EPS": 1.5,
        "Total Revenue": 343,
        "Gross Profit": 119,
        "Operating Income": 37,
        "EBIT": 45,
        "Net Income": 28
    },
    "2019-01-31": {
        "Diluted EPS": 0.37,
        "Total Revenue": 306,
        "Gross Profit": 95,
        "Operating Income": 9,
        "EBIT": 19,
        "Net Income": 7
    },
    "2018-10-31": {
        "Diluted EPS": 0.08,
        "Total Revenue": 217,
        "Gross Profit": 71,
        "Operating Income": 2,
        "EBIT": 8,
        "Net Income": 1
    },
    "2018-07-31": {
        "Diluted EPS": -0.06,
        "Total Revenue": 211,
        "Gross Profit": 66,
        "Operating Income": -2,
        "EBIT": 4,
        "Net Income": -1
    },
    "2018-04-30": {
        "Diluted EPS": 1.12,
        "Total Revenue": 275,
        "Gross Profit": 97,
        "Operating Income": 29,
        "EBIT": 35,
        "Net Income": 22
    },
    "2018-01-31": {
        "Diluted EPS": 0.52,
        "Total Revenue": 267,
        "Gross Profit": 84,
        "Operating Income": 16,
        "EBIT": 22,
        "Net Income": 10
    },
    "2017-10-31": {
        "Diluted EPS": 0.37,
        "Total Revenue": 238,
        "Gross Profit": 76,
        "Operating Income": 12,
        "EBIT": 18,
        "Net Income": 8
    },
    "2017-07-31": {
        "Diluted EPS": -0.15,
        "Total Revenue": 188,
        "Gross Profit": 54,
        "Operating Income": -5,
        "EBIT": 1,
        "Net Income": -3
    },
    "2017-04-30": {
        "Diluted EPS": 0.97,
        "Total Revenue": 276,
        "Gross Profit": 98,
        "Operating Income": 34,
        "EBIT": 40,
        "Net Income": 21
    },
    "2017-01-31": {
        "Diluted EPS": 0.55,
        "Total Revenue": 247,
        "Gross Profit": 82,
        "Operating Income": 19,
        "EBIT": 24,
        "Net Income": 12
    },
    "2016-10-31": {
        "Diluted EPS": 0.66,
        "Total Revenue": 237,
        "Gross Profit": 84,
        "Operating Income": 23,
        "EBIT": 28,
        "Net Income": 15
    },
    "2016-07-31": {
        "Diluted EPS": 0.29,
        "Total Revenue": 207,
        "Gross Profit": 68,
        "Operating Income": 10,
        "EBIT": 15,
        "Net Income": 7
    },
    "2016-04-30": {
        "Diluted EPS": 1.22,
        "Total Revenue": 282,
        "Gross Profit": 105,
        "Operating Income": 44,
        "EBIT": 49,
        "Net Income": 28
    },
    "2016-01-31": {
        "Diluted EPS": 0.76,
        "Total Revenue": 246,
        "Gross Profit": 85,
        "Operating Income": 28,
        "EBIT": 32,
        "Net Income": 17
    },
    "2015-10-31": {
        "Diluted EPS": 0.79,
        "Total Revenue": 228,
        "Gross Profit": 82,
        "Operating Income": 30,
        "EBIT": 34,
        "Net Income": 19
    },
    "2015-07-31": {
        "Diluted EPS": 0.28,
        "Total Revenue": 199,
        "Gross Profit": 65,
        "Operating Income": 11,
        "EBIT": 15,
        "Net Income": 7
    },
    "2015-04-30": {
        "Diluted EPS": 1.09,
        "Total Revenue": 270,
        "Gross Profit": 100,
        "Operating Income": 44,
        "EBIT": 48,
        "Net Income": 27
    },
    "2015-01-31": {
        "Diluted EPS": 0.79,
        "Total Revenue": 239,
        "Gross Profit": 85,
        "Operating Income": 32,
        "EBIT": 36,
        "Net Income": 20
    },
    "2014-10-31": {
        "Diluted EPS": 0.67,
        "Total Revenue": 218,
        "Gross Profit": 79,
        "Operating Income": 27,
        "EBIT": 31,
        "Net Income": 17
    },
    "2014-07-31": {
        "Diluted EPS": 0.32,
        "Total Revenue": 194,
        "Gross Profit": 64,
        "Operating Income": 14,
        "EBIT": 18,
        "Net Income": 8
    },
    "2014-04-30": {
        "Diluted EPS": 1.09,
        "Total Revenue": 262,
        "Gross Profit": 98,
        "Operating Income": 46,
        "EBIT": 49,
        "Net Income": 28
    },
    "2014-01-31": {
        "Diluted EPS": 0.64,
        "Total Revenue": 218,
        "Gross Profit": 78,
        "Operating Income": 27,
        "EBIT": 31,
        "Net Income": 17
    },
    "2013-10-31": {
        "Diluted EPS": 0.66,
        "Total Revenue": 208,
        "Gross Profit": 76,
        "Operating Income": 27,
        "EBIT": 31,
        "Net Income": 17
    },
    "2013-07-31": {
        "Diluted EPS": 0.4,
        "Total Revenue": 186,
        "Gross Profit": 64,
        "Operating Income": 17,
        "EBIT": 20,
        "Net Income": 11
    },
    "2013-04-30": {
        "Diluted EPS": 1.0,
        "Total Revenue": 240,
        "Gross Profit": 91,
        "Operating Income": 42,
        "EBIT": 46,
        "Net Income": 26
    },
    "2013-01-31": {
        "Diluted EPS": 0.73,
        "Total Revenue": 217,
        "Gross Profit": 78,
        "Operating Income": 31,
        "EBIT": 34,
        "Net Income": 19
    },
    "2012-10-31": {
        "Diluted EPS": 0.71,
        "Total Revenue": 203,
        "Gross Profit": 75,
        "Operating Income": 30,
        "EBIT": 34,
        "Net Income": 19
    },
    "2012-07-31": {
        "Diluted EPS": 0.3,
        "Total Revenue": 165,
        "Gross Profit": 57,
        "Operating Income": 12,
        "EBIT": 16,
        "Net Income": 8
    },
    "2012-04-30": {
        "Diluted EPS": 0.98,
        "Total Revenue": 233,
        "Gross Profit": 88,
        "Operating Income": 42,
        "EBIT": 46,
        "Net Income": 26
    },
    "2012-01-31": {
        "Diluted EPS": 0.59,
        "Total Revenue": 191,
        "Gross Profit": 68,
        "Operating Income": 25,
        "EBIT": 28,
        "Net Income": 16
    },
    "2011-10-31": {
        "Diluted EPS": 0.59,
        "Total Revenue": 185,
        "Gross Profit": 68,
        "Operating Income": 25,
        "EBIT": 28,
        "Net Income": 16
    },
    "2011-07-31": {
        "Diluted EPS": 0.21,
        "Total Revenue": 153,
        "Gross Profit": 51,
        "Operating Income": 9,
        "EBIT": 13,
        "Net Income": 6
    },
    "2011-04-30": {
        "Diluted EPS": 0.76,
        "Total Revenue": 204,
        "Gross Profit": 76,
        "Operating Income": 34,
        "EBIT": 37,
        "Net Income": 21
    },
    "2011-01-31": {
        "Diluted EPS": 0.43,
        "Total Revenue": 173,
        "Gross Profit": 60,
        "Operating Income": 19,
        "EBIT": 23,
        "Net Income": 12
    },
    "2010-10-31": {
        "Diluted EPS": 0.44,
        "Total Revenue": 167,
        "Gross Profit": 59,
        "Operating Income": 20,
        "EBIT": 23,
        "Net Income": 13
    },
    "2010-07-31": {
        "Diluted EPS": 0.14,
        "Total Revenue": 140,
        "Gross Profit": 45,
        "Operating Income": 6,
        "EBIT": 10,
        "Net Income": 4
    },
    "2010-04-30": {
        "Diluted EPS": 0.59,
        "Total Revenue": 185,
        "Gross Profit": 66,
        "Operating Income": 28,
        "EBIT": 31,
        "Net Income": 17
    },
    "2010-01-31": {
        "Diluted EPS": 0.4,
        "Total Revenue": 167,
        "Gross Profit": 57,
        "Operating Income": 19,
        "EBIT": 23,
        "Net Income": 12
    },
    "2009-10-31": {
        "Diluted EPS": 0.3,
        "Total Revenue": 146,
        "Gross Profit": 50,
        "Operating Income": 14,
        "EBIT": 17,
        "Net Income": 9
    },
    "2009-07-31": {
        "Diluted EPS": 0.04,
        "Total Revenue": 123,
        "Gross Profit": 37,
        "Operating Income": 2,
        "EBIT": 5,
        "Net Income": 1
    },
    "2009-04-30": {
        "Diluted EPS": 0.38,
        "Total Revenue": 158,
        "Gross Profit": 53,
        "Operating Income": 18,
        "EBIT": 21,
        "Net Income": 11
    },
    "2009-01-31": {
        "Diluted EPS": 0.27,
        "Total Revenue": 148,
        "Gross Profit": 49,
        "Operating Income": 13,
        "EBIT": 17,
        "Net Income": 8
    },
    "2023-07-31": {
        "Tax Effect Of Unusual Items": 0.0,
        "Tax Rate For Calcs": 0.228,
        "Normalized EBITDA": 28056000.0,
        "Net Income From Continuing Operation Net Minority Interest": 10902000.0,
        "Reconciled Depreciation": 12039000.0,
        "Reconciled Cost Of Revenue": 251954000.0,
        "EBITDA": 28056000.0,
        "EBIT": 16017000.0,
        "Net Interest Income": -1891000.0,
        "Interest Expense": 1891000.0,
        "Normalized Income": 10902000.0,
        "Net Income From Continuing And Discontinued Operation": 10902000.0,
        "Total Expenses": 358860000.0,
        "Total Operating Income As Reported": 16017000.0,
        "Diluted Average Shares": 12822000.0,
        "Basic Average Shares": 12648000.0,
        "Diluted EPS": 0.85,
        "Basic EPS": 0.86,
        "Diluted NI Availto Com Stockholders": 10902000.0,
        "Net Income Common Stockholders": 10902000.0,
        "Net Income": 10902000.0,
        "Net Income Including Noncontrolling Interests": 10902000.0,
        "Net Income Continuous Operations": 10902000.0,
        "Tax Provision": 3224000.0,
        "Pretax Income": 14126000.0,
        "Net Non Operating Interest Income Expense": -1891000.0,
        "Interest Expense Non Operating": 1891000.0,
        "Operating Income": 16017000.0,
        "Operating Expense": 106906000.0,
        "Other Operating Expenses": 94867000.0,
        "Depreciation Amortization Depletion Income Statement": 12039000.0,
        "Depreciation And Amortization In Income Statement": 12039000.0,
        "Selling General And Administration": 94867000.0,
        "Gross Profit": 122923000.0,
        "Cost Of Revenue": 251954000.0,
        "Total Revenue": 374877000.0,
        "Operating Revenue": 374877000.0
    },
    "2023-10-31": {
        "Tax Effect Of Unusual Items": 0.0,
        "Tax Rate For Calcs": 0.236,
        "Normalized EBITDA": 46940000.0,
        "Net Income From Continuing Operation Net Minority Interest": 25497000.0,
        "Reconciled Depreciation": 12457000.0,
        "Reconciled Cost Of Revenue": 285579000.0,
        "EBITDA": 46940000.0,
        "EBIT": 34483000.0,
        "Net Interest Income": -1106000.0,
        "Interest Expense": 1106000.0,
        "Normalized Income": 25497000.0,
        "Net Income From Continuing And Discontinued Operation": 25497000.0,
        "Total Expenses": 397440000.0,
        "Total Operating Income As Reported": 34483000.0,
        "Diluted Average Shares": 12408000.0,
        "Basic Average Shares": 12224000.0,
        "Diluted EPS": 2.05,
        "Basic EPS": 2.09,
        "Diluted NI Availto Com Stockholders": 25497000.0,
        "Net Income Common Stockholders": 25497000.0,
        "Net Income": 25497000.0,
        "Net Income Including Noncontrolling Interests": 25497000.0,
        "Net Income Continuous Operations": 25497000.0,
        "Tax Provision": 7880000.0,
        "Pretax Income": 33377000.0,
        "Net Non Operating Interest Income Expense": -1106000.0,
        "Interest Expense Non Operating": 1106000.0,
        "Operating Income": 34483000.0,
        "Operating Expense": 111861000.0,
        "Other Operating Expenses": 99404000.0,
        "Depreciation Amortization Depletion Income Statement": 12457000.0,
        "Depreciation And Amortization In Income Statement": 12457000.0,
        "Selling General And Administration": NaN,
        "Gross Profit": 146344000.0,
        "Cost Of Revenue": 285579000.0,
        "Total Revenue": 431923000.0,
        "Operating Revenue": 431923000.0
    },
    "2024-01-31": {
        "Tax Effect Of Unusual Items": 0.0,
        "Tax Rate For Calcs": 0.219293,
        "Normalized EBITDA": 53791000.0,
        "Net Income From Continuing Operation Net Minority Interest": 30884000.0,
        "Reconciled Depreciation": 12819000.0,
        "Reconciled Cost Of Revenue": 305773000.0,
        "EBITDA": 53791000.0,
        "EBIT": 40972000.0,
        "Net Interest Income": -1049000.0,
        "Interest Expense": 1413000.0,
        "Normalized Income": 30884000.0,
        "Net Income From Continuing And Discontinued Operation": 30884000.0,
        "Total Expenses": 425982000.0,
        "Total Operating Income As Reported": 40608000.0,
        "Diluted Average Shares": NaN,
        "Basic Average Shares": NaN,
        "Diluted EPS": NaN,
        "Basic EPS": NaN,
        "Diluted NI Availto Com Stockholders": 30884000.0,
        "Net Income Common Stockholders": 30884000.0,
        "Net Income": 30884000.0,
        "Net Income Including Noncontrolling Interests": 30884000.0,
        "Net Income Continuous Operations": 30884000.0,
        "Tax Provision": 8675000.0,
        "Pretax Income": 39559000.0,
        "Net Non Operating Interest Income Expense": -1049000.0,
        "Interest Expense Non Operating": 1413000.0,
        "Operating Income": 40608000.0,
        "Operating Expense": 120209000.0,
        "Other Operating Expenses": 107390000.0,
        "Depreciation Amortization Depletion Income Statement": 12819000.0,
        "Depreciation And Amortization In Income Statement": 12819000.0,
        "Selling General And Administration": NaN,
        "Gross Profit": 160817000.0,
        "Cost Of Revenue": 305773000.0,
        "Total Revenue": 466590000.0,
        "Operating Revenue": 466590000.0
    }
}