{
    "2022-12-31": {
        "Tax Effect Of Unusual Items": 0.0,
        "Tax Rate For Calcs": 0.274585,
        "Total Unusual Items": 0.0,
        "Total Unusual Items Excluding Goodwill": 0.0,
        "Net Income From Continuing Operation Net Minority Interest": 11965000.0,
        "Reconciled Depreciation": 127000.0,
        "Net Interest Income": 20955000.0,
        "Interest Expense": 18274000.0,
        "Interest Income": 39229000.0,
        "Normalized Income": 11965000.0,
        "Net Income From Continuing And Discontinued Operation": 11965000.0,
        "Diluted Average Shares": NaN,
        "Basic Average Shares": NaN,
        "Diluted EPS": NaN,
        "Basic EPS": NaN,
        "Diluted NI Availto Com Stockholders": 11965000.0,
        "Net Income Common Stockholders": 11965000.0,
        "Net Income": 11965000.0,
        "Net Income Including Noncontrolling Interests": 11965000.0,
        "Net Income Continuous Operations": 11965000.0,
        "Tax Provision": 4529000.0,
        "Pretax Income": 16494000.0,
        "Special Income Charges": 0.0,
        "Gain On Sale Of Security": 2979000.0,
        "Selling General And Administration": 3997000.0,
        "Selling And Marketing Expense": 279000.0,
        "General And Administrative Expense": 3718000.0,
        "Other Gand A": -950000.0,
        "Insurance And Claims": 515000.0,
        "Salaries And Wages": 4153000.0,
        "Total Revenue": 24217000.0,
        "Operating Revenue": 24217000.0,
        "Occupancy And Equipment": 350000.0,
        "Other Non Interest Expense": 2776000.0
    },
    "2022-09-30": {
        "Tax Effect Of Unusual Items": 0.0,
        "Tax Rate For Calcs": 0.284,
        "Total Unusual Items": 0.0,
        "Total Unusual Items Excluding Goodwill": 0.0,
        "Net Income From Continuing Operation Net Minority Interest": 10499000.0,
        "Reconciled Depreciation": 118000.0,
        "Net Interest Income": 27303000.0,
        "Interest Expense": 9091000.0,
        "Interest Income": 36394000.0,
        "Normalized Income": 10499000.0,
        "Net Income From Continuing And Discontinued Operation": 10499000.0,
        "Diluted Average Shares": 2201000.0,
        "Basic Average Shares": 2145000.0,
        "Diluted EPS": 4.77,
        "Basic EPS": 4.89,
        "Diluted NI Availto Com Stockholders": 10499000.0,
        "Net Income Common Stockholders": 10499000.0,
        "Net Income": 10499000.0,
        "Net Income Including Noncontrolling Interests": 10499000.0,
        "Net Income Continuous Operations": 10499000.0,
        "Tax Provision": 4749000.0,
        "Pretax Income": 15248000.0,
        "Special Income Charges": 0.0,
        "Gain On Sale Of Security": -5117000.0,
        "Selling General And Administration": 6524000.0,
        "Selling And Marketing Expense": 246000.0,
        "General And Administrative Expense": 6278000.0,
        "Other Gand A": 1560000.0,
        "Insurance And Claims": 546000.0,
        "Salaries And Wages": 4172000.0,
        "Total Revenue": 22430000.0,
        "Operating Revenue": 22430000.0
    },
    "2022-06-30": {
        "Tax Effect Of Unusual Items": 0.0,
        "Tax Rate For Calcs": 0.4,
        "Total Unusual Items": 0.0,
        "Total Unusual Items Excluding Goodwill": 0.0,
        "Net Income From Continuing Operation Net Minority Interest": 3191000.0,
        "Reconciled Depreciation": 119000.0,
        "Net Interest Income": 29711000.0,
        "Interest Expense": 3533000.0,
        "Interest Income": 33244000.0,
        "Normalized Income": 3191000.0,
        "Net Income From Continuing And Discontinued Operation": 3191000.0,
        "Diluted Average Shares": 2203000.0,
        "Basic Average Shares": 2145000.0,
        "Diluted EPS": 1.45,
        "Basic EPS": 1.49,
        "Diluted NI Availto Com Stockholders": 3191000.0,
        "Net Income Common Stockholders": 3191000.0,
        "Net Income": 3191000.0,
        "Net Income Including Noncontrolling Interests": 3191000.0,
        "Net Income Continuous Operations": 3191000.0,
        "Tax Provision": 2447000.0,
        "Pretax Income": 5638000.0,
        "Special Income Charges": 0.0,
        "Gain On Sale Of Security": -15482000.0,
        "Selling General And Administration": 6056000.0,
        "Selling And Marketing Expense": 315000.0,
        "General And Administrative Expense": 5741000.0,
        "Other Gand A": 1361000.0,
        "Insurance And Claims": 518000.0,
        "Salaries And Wages": 3862000.0,
        "Total Revenue": 14466000.0,
        "Operating Revenue": 14466000.0
    },
    "2023-03-31": {
        "Tax Effect Of Unusual Items": 0.0,
        "Tax Rate For Calcs": 0.267,
        "Net Income From Continuing Operation Net Minority Interest": 8510000.0,
        "Reconciled Depreciation": 150000.0,
        "Net Interest Income": 14911000.0,
        "Interest Expense": 25815000.0,
        "Interest Income": 40726000.0,
        "Normalized Income": 8510000.0,
        "Net Income From Continuing And Discontinued Operation": 8510000.0,
        "Diluted Average Shares": 2200000.0,
        "Basic Average Shares": 2147000.0,
        "Diluted EPS": 3.87,
        "Basic EPS": 3.96,
        "Diluted NI Availto Com Stockholders": 8510000.0,
        "Net Income Common Stockholders": 8510000.0,
        "Net Income": 8510000.0,
        "Net Income Including Noncontrolling Interests": 8510000.0,
        "Net Income Continuous Operations": 8510000.0,
        "Tax Provision": 3094000.0,
        "Pretax Income": 11604000.0,
        "Gain On Sale Of Security": 3548000.0,
        "Selling General And Administration": 6013000.0,
        "Selling And Marketing Expense": 212000.0,
        "General And Administrative Expense": 5801000.0,
        "Other Gand A": 845000.0,
        "Insurance And Claims": 650000.0,
        "Salaries And Wages": 4306000.0,
        "Total Revenue": 18743000.0,
        "Operating Revenue": 18743000.0,
        "Occupancy And Equipment": 391000.0,
        "Other Non Interest Expense": 579000.0
    },
    "2022-03-31": {
        "Diluted EPS": 5.38,
        "Total Revenue": 26,
        "Gross Profit": 24,
        "Operating Income": 17,
        "EBIT": NaN,
        "Net Income": 12
    },
    "2021-12-31": {
        "Diluted EPS": 7.56,
        "Total Revenue": 32,
        "Gross Profit": 30,
        "Operating Income": 23,
        "EBIT": NaN,
        "Net Income": 17
    },
    "2021-09-30": {
        "Diluted EPS": 6.36,
        "Total Revenue": 28,
        "Gross Profit": 26,
        "Operating Income": 20,
        "EBIT": NaN,
        "Net Income": 14
    },
    "2021-06-30": {
        "Diluted EPS": 9.28,
        "Total Revenue": 35,
        "Gross Profit": 34,
        "Operating Income": 28,
        "EBIT": NaN,
        "Net Income": 20
    },
    "2021-03-31": {
        "Diluted EPS": 7.45,
        "Total Revenue": 31,
        "Gross Profit": 28,
        "Operating Income": 22,
        "EBIT": NaN,
        "Net Income": 16
    },
    "2020-12-31": {
        "Diluted EPS": 7.79,
        "Total Revenue": 32,
        "Gross Profit": 29,
        "Operating Income": 23,
        "EBIT": NaN,
        "Net Income": 17
    },
    "2020-09-30": {
        "Diluted EPS": 6.96,
        "Total Revenue": 31,
        "Gross Profit": 27,
        "Operating Income": 21,
        "EBIT": NaN,
        "Net Income": 15
    },
    "2020-06-30": {
        "Diluted EPS": 7.5,
        "Total Revenue": 34,
        "Gross Profit": 28,
        "Operating Income": 22,
        "EBIT": NaN,
        "Net Income": 16
    },
    "2020-03-31": {
        "Diluted EPS": 1.0,
        "Total Revenue": 19,
        "Gross Profit": 10,
        "Operating Income": 4,
        "EBIT": NaN,
        "Net Income": 2
    },
    "2019-12-31": {
        "Diluted EPS": 5.2,
        "Total Revenue": 30,
        "Gross Profit": 21,
        "Operating Income": 15,
        "EBIT": NaN,
        "Net Income": 11
    },
    "2019-09-30": {
        "Diluted EPS": 4.14,
        "Total Revenue": 29,
        "Gross Profit": 18,
        "Operating Income": 13,
        "EBIT": NaN,
        "Net Income": 9
    },
    "2019-06-30": {
        "Diluted EPS": 3.99,
        "Total Revenue": 28,
        "Gross Profit": 18,
        "Operating Income": 12,
        "EBIT": NaN,
        "Net Income": 9
    },
    "2019-03-31": {
        "Diluted EPS": 4.5,
        "Total Revenue": 28,
        "Gross Profit": 19,
        "Operating Income": 13,
        "EBIT": NaN,
        "Net Income": 10
    },
    "2018-12-31": {
        "Diluted EPS": 2.13,
        "Total Revenue": 21,
        "Gross Profit": 12,
        "Operating Income": 7,
        "EBIT": NaN,
        "Net Income": 5
    },
    "2018-09-30": {
        "Diluted EPS": 4.05,
        "Total Revenue": 25,
        "Gross Profit": 18,
        "Operating Income": 12,
        "EBIT": NaN,
        "Net Income": 9
    },
    "2018-06-30": {
        "Diluted EPS": 3.64,
        "Total Revenue": 23,
        "Gross Profit": 17,
        "Operating Income": 11,
        "EBIT": NaN,
        "Net Income": 8
    },
    "2018-03-31": {
        "Diluted EPS": 4.08,
        "Total Revenue": 23,
        "Gross Profit": 18,
        "Operating Income": 12,
        "EBIT": NaN,
        "Net Income": 9
    },
    "2017-12-31": {
        "Diluted EPS": 3.07,
        "Total Revenue": 22,
        "Gross Profit": 17,
        "Operating Income": 12,
        "EBIT": NaN,
        "Net Income": 7
    },
    "2017-09-30": {
        "Diluted EPS": 2.97,
        "Total Revenue": 21,
        "Gross Profit": 16,
        "Operating Income": 11,
        "EBIT": NaN,
        "Net Income": 6
    },
    "2017-06-30": {
        "Diluted EPS": 2.97,
        "Total Revenue": 20,
        "Gross Profit": 16,
        "Operating Income": 11,
        "EBIT": NaN,
        "Net Income": 6
    },
    "2017-03-31": {
        "Diluted EPS": 2.8,
        "Total Revenue": 19,
        "Gross Profit": 16,
        "Operating Income": 10,
        "EBIT": NaN,
        "Net Income": 6
    },
    "2016-12-31": {
        "Diluted EPS": 2.92,
        "Total Revenue": 19,
        "Gross Profit": 16,
        "Operating Income": 11,
        "EBIT": NaN,
        "Net Income": 6
    },
    "2016-09-30": {
        "Diluted EPS": 2.76,
        "Total Revenue": 19,
        "Gross Profit": 15,
        "Operating Income": 10,
        "EBIT": NaN,
        "Net Income": 6
    },
    "2016-06-30": {
        "Diluted EPS": 2.73,
        "Total Revenue": 18,
        "Gross Profit": 15,
        "Operating Income": 10,
        "EBIT": NaN,
        "Net Income": 6
    },
    "2016-03-31": {
        "Diluted EPS": 2.48,
        "Total Revenue": 17,
        "Gross Profit": 14,
        "Operating Income": 9,
        "EBIT": NaN,
        "Net Income": 5
    },
    "2015-12-31": {
        "Diluted EPS": 2.46,
        "Total Revenue": 17,
        "Gross Profit": 14,
        "Operating Income": 8,
        "EBIT": NaN,
        "Net Income": 5
    },
    "2015-09-30": {
        "Diluted EPS": 2.27,
        "Total Revenue": 16,
        "Gross Profit": 13,
        "Operating Income": 8,
        "EBIT": NaN,
        "Net Income": 5
    },
    "2015-06-30": {
        "Diluted EPS": 2.2,
        "Total Revenue": 15,
        "Gross Profit": 13,
        "Operating Income": 8,
        "EBIT": NaN,
        "Net Income": 5
    },
    "2015-03-31": {
        "Diluted EPS": 2.11,
        "Total Revenue": 15,
        "Gross Profit": 13,
        "Operating Income": 8,
        "EBIT": NaN,
        "Net Income": 5
    },
    "2014-12-31": {
        "Diluted EPS": 2.12,
        "Total Revenue": 15,
        "Gross Profit": 15,
        "Operating Income": 15,
        "EBIT": NaN,
        "Net Income": 5
    },
    "2014-09-30": {
        "Diluted EPS": 2.1,
        "Total Revenue": 15,
        "Gross Profit": 15,
        "Operating Income": 15,
        "EBIT": NaN,
        "Net Income": 4
    },
    "2014-06-30": {
        "Diluted EPS": 1.82,
        "Total Revenue": 14,
        "Gross Profit": 14,
        "Operating Income": 14,
        "EBIT": NaN,
        "Net Income": 4
    },
    "2014-03-31": {
        "Diluted EPS": 4.4,
        "Total Revenue": 20,
        "Gross Profit": 20,
        "Operating Income": 20,
        "EBIT": NaN,
        "Net Income": 9
    },
    "2013-12-31": {
        "Diluted EPS": 1.64,
        "Total Revenue": 13,
        "Gross Profit": 5,
        "Operating Income": -4,
        "EBIT": NaN,
        "Net Income": 3
    },
    "2013-09-30": {
        "Diluted EPS": 1.6,
        "Total Revenue": 13,
        "Gross Profit": 13,
        "Operating Income": 13,
        "EBIT": NaN,
        "Net Income": 3
    },
    "2013-06-30": {
        "Diluted EPS": 1.54,
        "Total Revenue": 13,
        "Gross Profit": 13,
        "Operating Income": 13,
        "EBIT": NaN,
        "Net Income": 3
    },
    "2013-03-31": {
        "Diluted EPS": 1.51,
        "Total Revenue": 12,
        "Gross Profit": 10,
        "Operating Income": 5,
        "EBIT": NaN,
        "Net Income": 3
    },
    "2012-12-31": {
        "Diluted EPS": 1.58,
        "Total Revenue": 13,
        "Gross Profit": 10,
        "Operating Income": 6,
        "EBIT": NaN,
        "Net Income": 3
    },
    "2012-09-30": {
        "Diluted EPS": 1.56,
        "Total Revenue": 13,
        "Gross Profit": 10,
        "Operating Income": 6,
        "EBIT": NaN,
        "Net Income": 3
    },
    "2012-06-30": {
        "Diluted EPS": 1.58,
        "Total Revenue": 13,
        "Gross Profit": 10,
        "Operating Income": 6,
        "EBIT": NaN,
        "Net Income": 3
    },
    "2012-03-31": {
        "Diluted EPS": 1.52,
        "Total Revenue": 13,
        "Gross Profit": 10,
        "Operating Income": 5,
        "EBIT": NaN,
        "Net Income": 3
    },
    "2011-12-31": {
        "Diluted EPS": 1.46,
        "Total Revenue": 13,
        "Gross Profit": 10,
        "Operating Income": 5,
        "EBIT": NaN,
        "Net Income": 3
    },
    "2011-09-30": {
        "Diluted EPS": 1.46,
        "Total Revenue": 13,
        "Gross Profit": 9,
        "Operating Income": 5,
        "EBIT": NaN,
        "Net Income": 3
    },
    "2011-06-30": {
        "Diluted EPS": 1.4,
        "Total Revenue": 13,
        "Gross Profit": 9,
        "Operating Income": 5,
        "EBIT": NaN,
        "Net Income": 3
    },
    "2011-03-31": {
        "Diluted EPS": 1.36,
        "Total Revenue": 12,
        "Gross Profit": 9,
        "Operating Income": 5,
        "EBIT": NaN,
        "Net Income": 3
    },
    "2010-12-31": {
        "Diluted EPS": 1.27,
        "Total Revenue": 12,
        "Gross Profit": 1,
        "Operating Income": -2,
        "EBIT": NaN,
        "Net Income": 3
    },
    "2010-09-30": {
        "Diluted EPS": 1.32,
        "Total Revenue": 12,
        "Gross Profit": 9,
        "Operating Income": 5,
        "EBIT": NaN,
        "Net Income": 3
    },
    "2010-06-30": {
        "Diluted EPS": 1.14,
        "Total Revenue": 12,
        "Gross Profit": 12,
        "Operating Income": 12,
        "EBIT": NaN,
        "Net Income": 2
    },
    "2010-03-31": {
        "Diluted EPS": 1.09,
        "Total Revenue": 12,
        "Gross Profit": 12,
        "Operating Income": 8,
        "EBIT": NaN,
        "Net Income": 2
    },
    "2009-12-31": {
        "Diluted EPS": 1.07,
        "Total Revenue": 12,
        "Gross Profit": 17,
        "Operating Income": 13,
        "EBIT": NaN,
        "Net Income": 2
    },
    "2009-09-30": {
        "Diluted EPS": 1.03,
        "Total Revenue": 12,
        "Gross Profit": 12,
        "Operating Income": 8,
        "EBIT": NaN,
        "Net Income": 2
    },
    "2009-06-30": {
        "Diluted EPS": 0.95,
        "Total Revenue": 12,
        "Gross Profit": 12,
        "Operating Income": 8,
        "EBIT": NaN,
        "Net Income": 2
    },
    "2009-03-31": {
        "Diluted EPS": 0.74,
        "Total Revenue": 11,
        "Gross Profit": 7,
        "Operating Income": 3,
        "EBIT": NaN,
        "Net Income": 2
    },
    "2023-06-30": {
        "Tax Effect Of Unusual Items": NaN,
        "Tax Rate For Calcs": NaN,
        "Total Unusual Items": NaN,
        "Total Unusual Items Excluding Goodwill": NaN,
        "Net Income From Continuing Operation Net Minority Interest": NaN,
        "Reconciled Depreciation": NaN,
        "Net Interest Income": NaN,
        "Interest Expense": NaN,
        "Interest Income": NaN,
        "Normalized Income": NaN,
        "Net Income From Continuing And Discontinued Operation": NaN,
        "Diluted Average Shares": 2191000.0,
        "Basic Average Shares": 2149000.0,
        "Diluted EPS": 3.76,
        "Basic EPS": 3.84,
        "Diluted NI Availto Com Stockholders": NaN,
        "Net Income Common Stockholders": NaN,
        "Net Income": NaN,
        "Net Income Including Noncontrolling Interests": NaN,
        "Net Income Continuous Operations": NaN,
        "Tax Provision": NaN,
        "Pretax Income": NaN,
        "Special Income Charges": NaN,
        "Other Special Charges": NaN,
        "Gain On Sale Of Security": NaN,
        "Selling General And Administration": NaN,
        "Selling And Marketing Expense": NaN,
        "General And Administrative Expense": NaN,
        "Other Gand A": NaN,
        "Insurance And Claims": NaN,
        "Salaries And Wages": NaN,
        "Total Revenue": NaN,
        "Operating Revenue": NaN,
        "Occupancy And Equipment": NaN,
        "Other Non Interest Expense": NaN
    },
    "2024-03-31": {
        "Tax Effect Of Unusual Items": NaN,
        "Tax Rate For Calcs": NaN,
        "Total Unusual Items": NaN,
        "Total Unusual Items Excluding Goodwill": NaN,
        "Net Income From Continuing Operation Net Minority Interest": NaN,
        "Reconciled Depreciation": NaN,
        "Net Interest Income": NaN,
        "Interest Expense": NaN,
        "Interest Income": NaN,
        "Normalized Income": NaN,
        "Net Income From Continuing And Discontinued Operation": NaN,
        "Diluted Average Shares": 2192000.0,
        "Basic Average Shares": 2169000.0,
        "Diluted EPS": 3.13,
        "Basic EPS": 3.17,
        "Diluted NI Availto Com Stockholders": NaN,
        "Net Income Common Stockholders": NaN,
        "Net Income": NaN,
        "Net Income Including Noncontrolling Interests": NaN,
        "Net Income Continuous Operations": NaN,
        "Tax Provision": NaN,
        "Pretax Income": NaN,
        "Special Income Charges": NaN,
        "Gain On Sale Of Security": NaN,
        "Selling General And Administration": NaN,
        "Selling And Marketing Expense": NaN,
        "General And Administrative Expense": NaN,
        "Other Gand A": NaN,
        "Insurance And Claims": NaN,
        "Salaries And Wages": NaN,
        "Total Revenue": NaN,
        "Operating Revenue": NaN,
        "Occupancy And Equipment": NaN,
        "Other Non Interest Expense": NaN
    },
    "2024-06-30": {
        "Tax Effect Of Unusual Items": NaN,
        "Tax Rate For Calcs": NaN,
        "Total Unusual Items": NaN,
        "Total Unusual Items Excluding Goodwill": NaN,
        "Net Income From Continuing Operation Net Minority Interest": NaN,
        "Reconciled Depreciation": NaN,
        "Net Interest Income": NaN,
        "Interest Expense": NaN,
        "Interest Income": NaN,
        "Normalized Income": NaN,
        "Net Income From Continuing And Discontinued Operation": NaN,
        "Diluted Average Shares": 2186000.0,
        "Basic Average Shares": 2180000.0,
        "Diluted EPS": 1.88,
        "Basic EPS": 1.88,
        "Diluted NI Availto Com Stockholders": NaN,
        "Net Income Common Stockholders": NaN,
        "Net Income": NaN,
        "Net Income Including Noncontrolling Interests": NaN,
        "Net Income Continuous Operations": NaN,
        "Tax Provision": NaN,
        "Pretax Income": NaN,
        "Special Income Charges": NaN,
        "Gain On Sale Of Security": NaN,
        "Selling General And Administration": NaN,
        "Selling And Marketing Expense": NaN,
        "General And Administrative Expense": NaN,
        "Other Gand A": NaN,
        "Insurance And Claims": NaN,
        "Salaries And Wages": NaN,
        "Total Revenue": NaN,
        "Operating Revenue": NaN,
        "Occupancy And Equipment": NaN,
        "Other Non Interest Expense": NaN
    },
    "2024-09-30": {
        "Tax Effect Of Unusual Items": 0.0,
        "Tax Rate For Calcs": 0.255287,
        "Total Unusual Items": 0.0,
        "Total Unusual Items Excluding Goodwill": 0.0,
        "Net Income From Continuing Operation Net Minority Interest": 5846000.0,
        "Reconciled Depreciation": 185000.0,
        "Net Interest Income": 11481000.0,
        "Interest Expense": 37981000.0,
        "Interest Income": 49462000.0,
        "Normalized Income": 5846000.0,
        "Net Income From Continuing And Discontinued Operation": 5846000.0,
        "Diluted Average Shares": 2197000.0,
        "Basic Average Shares": 2180000.0,
        "Diluted EPS": 2.66,
        "Basic EPS": 2.68,
        "Diluted NI Availto Com Stockholders": 5846000.0,
        "Net Income Common Stockholders": 5846000.0,
        "Net Income": 5846000.0,
        "Net Income Including Noncontrolling Interests": 5846000.0,
        "Net Income Continuous Operations": 5846000.0,
        "Tax Provision": 2004000.0,
        "Pretax Income": 7850000.0,
        "Special Income Charges": 0.0,
        "Gain On Sale Of Security": 3442000.0,
        "Selling General And Administration": 6099000.0,
        "Selling And Marketing Expense": 141000.0,
        "General And Administrative Expense": 5958000.0,
        "Other Gand A": 978000.0,
        "Insurance And Claims": 743000.0,
        "Salaries And Wages": 4237000.0,
        "Total Revenue": 15205000.0,
        "Operating Revenue": 15205000.0,
        "Occupancy And Equipment": 408000.0,
        "Other Non Interest Expense": 808000.0
    },
    "2023-12-31": {
        "Tax Effect Of Unusual Items": NaN,
        "Tax Rate For Calcs": NaN,
        "Total Unusual Items": 0.0,
        "Total Unusual Items Excluding Goodwill": 0.0,
        "Net Income From Continuing Operation Net Minority Interest": NaN,
        "Reconciled Depreciation": NaN,
        "Net Interest Income": NaN,
        "Interest Expense": NaN,
        "Interest Income": NaN,
        "Normalized Income": NaN,
        "Net Income From Continuing And Discontinued Operation": NaN,
        "Diluted Average Shares": NaN,
        "Basic Average Shares": NaN,
        "Diluted EPS": NaN,
        "Basic EPS": NaN,
        "Diluted NI Availto Com Stockholders": NaN,
        "Net Income Common Stockholders": NaN,
        "Net Income": NaN,
        "Net Income Including Noncontrolling Interests": NaN,
        "Net Income Continuous Operations": NaN,
        "Tax Provision": NaN,
        "Pretax Income": NaN,
        "Special Income Charges": 0.0,
        "Other Special Charges": 0.0,
        "Gain On Sale Of Security": NaN,
        "Selling General And Administration": NaN,
        "Selling And Marketing Expense": NaN,
        "General And Administrative Expense": NaN,
        "Other Gand A": NaN,
        "Insurance And Claims": NaN,
        "Salaries And Wages": NaN,
        "Total Revenue": NaN,
        "Operating Revenue": NaN,
        "Occupancy And Equipment": NaN,
        "Other Non Interest Expense": NaN
    },
    "2023-09-30": {
        "Tax Effect Of Unusual Items": NaN,
        "Tax Rate For Calcs": NaN,
        "Total Unusual Items": 44000.0,
        "Total Unusual Items Excluding Goodwill": 44000.0,
        "Net Income From Continuing Operation Net Minority Interest": NaN,
        "Reconciled Depreciation": NaN,
        "Net Interest Income": NaN,
        "Interest Expense": NaN,
        "Interest Income": NaN,
        "Normalized Income": NaN,
        "Net Income From Continuing And Discontinued Operation": NaN,
        "Diluted Average Shares": 2192000.0,
        "Basic Average Shares": 2151000.0,
        "Diluted EPS": 1.5,
        "Basic EPS": 1.53,
        "Diluted NI Availto Com Stockholders": NaN,
        "Net Income Common Stockholders": NaN,
        "Net Income": NaN,
        "Net Income Including Noncontrolling Interests": NaN,
        "Net Income Continuous Operations": NaN,
        "Tax Provision": NaN,
        "Pretax Income": NaN,
        "Special Income Charges": 44000.0,
        "Other Special Charges": -44000.0,
        "Gain On Sale Of Security": NaN,
        "Selling General And Administration": NaN,
        "Selling And Marketing Expense": NaN,
        "General And Administrative Expense": NaN,
        "Other Gand A": NaN,
        "Insurance And Claims": NaN,
        "Salaries And Wages": NaN,
        "Total Revenue": NaN,
        "Operating Revenue": NaN,
        "Occupancy And Equipment": NaN,
        "Other Non Interest Expense": NaN
    },
    "2024-12-31": {
        "Tax Effect Of Unusual Items": 0.0,
        "Tax Rate For Calcs": 0.243985,
        "Total Unusual Items": 0.0,
        "Total Unusual Items Excluding Goodwill": 0.0,
        "Net Income From Continuing Operation Net Minority Interest": 11375000.0,
        "Reconciled Depreciation": 184000.0,
        "Net Interest Income": 13441000.0,
        "Interest Expense": 36503000.0,
        "Interest Income": 49944000.0,
        "Normalized Income": 11375000.0,
        "Net Income From Continuing And Discontinued Operation": 11375000.0,
        "Diluted Average Shares": NaN,
        "Basic Average Shares": NaN,
        "Diluted EPS": NaN,
        "Basic EPS": NaN,
        "Diluted NI Availto Com Stockholders": 11375000.0,
        "Net Income Common Stockholders": 11375000.0,
        "Net Income": 11375000.0,
        "Net Income Including Noncontrolling Interests": 11375000.0,
        "Net Income Continuous Operations": 11375000.0,
        "Tax Provision": 3671000.0,
        "Pretax Income": 15046000.0,
        "Special Income Charges": 0.0,
        "Gain On Sale Of Security": 8503000.0,
        "Selling General And Administration": 5998000.0,
        "Selling And Marketing Expense": 153000.0,
        "General And Administrative Expense": 5845000.0,
        "Other Gand A": 979000.0,
        "Insurance And Claims": 724000.0,
        "Salaries And Wages": 4142000.0,
        "Total Revenue": 22220000.0,
        "Operating Revenue": 22220000.0,
        "Occupancy And Equipment": 426000.0,
        "Other Non Interest Expense": 750000.0
    },
    "2025-03-31": {
        "Tax Effect Of Unusual Items": 0.0,
        "Tax Rate For Calcs": 0.274,
        "Total Unusual Items": NaN,
        "Total Unusual Items Excluding Goodwill": NaN,
        "Net Income From Continuing Operation Net Minority Interest": 7124000.0,
        "Reconciled Depreciation": 183000.0,
        "Net Interest Income": 16036000.0,
        "Interest Expense": 33786000.0,
        "Interest Income": 49822000.0,
        "Normalized Income": 7124000.0,
        "Net Income From Continuing And Discontinued Operation": 7124000.0,
        "Diluted Average Shares": 2201000.0,
        "Basic Average Shares": 2180000.0,
        "Diluted EPS": 3.24,
        "Basic EPS": 3.27,
        "Diluted NI Availto Com Stockholders": 7124000.0,
        "Net Income Common Stockholders": 7124000.0,
        "Net Income": 7124000.0,
        "Net Income Including Noncontrolling Interests": 7124000.0,
        "Net Income Continuous Operations": 7124000.0,
        "Tax Provision": 2691000.0,
        "Pretax Income": 9815000.0,
        "Special Income Charges": NaN,
        "Gain On Sale Of Security": 1281000.0,
        "Selling General And Administration": 6297000.0,
        "Selling And Marketing Expense": 136000.0,
        "General And Administrative Expense": 6161000.0,
        "Other Gand A": 946000.0,
        "Insurance And Claims": 748000.0,
        "Salaries And Wages": 4467000.0,
        "Total Revenue": 17585000.0,
        "Operating Revenue": 17585000.0,
        "Occupancy And Equipment": 439000.0,
        "Other Non Interest Expense": 734000.0
    },
    "2025-06-30": {
        "Tax Effect Of Unusual Items": 0.0,
        "Tax Rate For Calcs": 0.267,
        "Total Unusual Items": NaN,
        "Total Unusual Items Excluding Goodwill": NaN,
        "Net Income From Continuing Operation Net Minority Interest": 9414000.0,
        "Reconciled Depreciation": 188000.0,
        "Net Interest Income": 18039000.0,
        "Interest Expense": 33247000.0,
        "Interest Income": 51286000.0,
        "Normalized Income": 9414000.0,
        "Net Income From Continuing And Discontinued Operation": 9414000.0,
        "Diluted Average Shares": 2200000.0,
        "Basic Average Shares": 2181000.0,
        "Diluted EPS": 4.28,
        "Basic EPS": 4.32,
        "Diluted NI Availto Com Stockholders": 9414000.0,
        "Net Income Common Stockholders": 9414000.0,
        "Net Income": 9414000.0,
        "Net Income Including Noncontrolling Interests": 9414000.0,
        "Net Income Continuous Operations": 9414000.0,
        "Tax Provision": 3436000.0,
        "Pretax Income": 12850000.0,
        "Special Income Charges": NaN,
        "Gain On Sale Of Security": 2516000.0,
        "Selling General And Administration": 6357000.0,
        "Selling And Marketing Expense": 222000.0,
        "General And Administrative Expense": 6135000.0,
        "Other Gand A": 959000.0,
        "Insurance And Claims": 784000.0,
        "Salaries And Wages": 4392000.0,
        "Total Revenue": 20846000.0,
        "Operating Revenue": 20846000.0,
        "Occupancy And Equipment": 417000.0,
        "Other Non Interest Expense": 772000.0
    },
    "2025-09-30": {
        "Tax Effect Of Unusual Items": 0.0,
        "Tax Rate For Calcs": 0.251785,
        "Total Unusual Items": NaN,
        "Total Unusual Items Excluding Goodwill": NaN,
        "Net Income From Continuing Operation Net Minority Interest": 17295000.0,
        "Reconciled Depreciation": 190000.0,
        "Net Interest Income": 19343000.0,
        "Interest Expense": 33566000.0,
        "Interest Income": 52909000.0,
        "Normalized Income": 17295000.0,
        "Net Income From Continuing And Discontinued Operation": 17295000.0,
        "Diluted Average Shares": 2204000.0,
        "Basic Average Shares": 2181000.0,
        "Diluted EPS": 7.85,
        "Basic EPS": 7.93,
        "Diluted NI Availto Com Stockholders": 17295000.0,
        "Net Income Common Stockholders": 17295000.0,
        "Net Income": 17295000.0,
        "Net Income Including Noncontrolling Interests": 17295000.0,
        "Net Income Continuous Operations": 17295000.0,
        "Tax Provision": 5820000.0,
        "Pretax Income": 23115000.0,
        "Special Income Charges": NaN,
        "Gain On Sale Of Security": 11270000.0,
        "Selling General And Administration": 6187000.0,
        "Selling And Marketing Expense": 109000.0,
        "General And Administrative Expense": 6078000.0,
        "Other Gand A": 879000.0,
        "Insurance And Claims": 698000.0,
        "Salaries And Wages": 4501000.0,
        "Total Revenue": 30902000.0,
        "Operating Revenue": 30902000.0,
        "Occupancy And Equipment": 437000.0,
        "Other Non Interest Expense": 888000.0
    }
}