{
    "2023-03-31": {
        "Tax Effect Of Unusual Items": 0.0,
        "Tax Rate For Calcs": 0.0,
        "Normalized EBITDA": -2682150.0,
        "Net Income From Continuing Operation Net Minority Interest": -2688288.0,
        "EBITDA": -2682150.0,
        "EBIT": -2682150.0,
        "Net Interest Income": 26110.0,
        "Interest Expense": 6138.0,
        "Interest Income": 32248.0,
        "Normalized Income": -2688288.0,
        "Net Income From Continuing And Discontinued Operation": -2688288.0,
        "Total Expenses": 2714398.0,
        "Total Operating Income As Reported": -2714398.0,
        "Diluted Average Shares": 11514144.0,
        "Basic Average Shares": 11514144.0,
        "Diluted EPS": -0.23,
        "Basic EPS": -0.23,
        "Diluted NI Availto Com Stockholders": -2688288.0,
        "Net Income Common Stockholders": -2688288.0,
        "Net Income": -2688288.0,
        "Net Income Including Noncontrolling Interests": -2688288.0,
        "Net Income Continuous Operations": -2688288.0,
        "Pretax Income": -2688288.0,
        "Net Non Operating Interest Income Expense": 26110.0,
        "Interest Expense Non Operating": 6138.0,
        "Interest Income Non Operating": 32248.0,
        "Operating Income": -2714398.0,
        "Operating Expense": 2714398.0,
        "Research And Development": 1047677.0,
        "Selling General And Administration": 1666721.0,
        "General And Administrative Expense": 1666721.0,
        "Other Gand A": 1666721.0,
        "Salaries And Wages": NaN,
        "Total Revenue": 0.0,
        "Operating Revenue": 0.0
    },
    "2022-12-31": {
        "Tax Effect Of Unusual Items": 0.0,
        "Tax Rate For Calcs": 0.0,
        "Normalized EBITDA": -1766438.0,
        "Net Income From Continuing Operation Net Minority Interest": -1766438.0,
        "EBITDA": -1766438.0,
        "EBIT": -1766438.0,
        "Net Interest Income": 0.0,
        "Interest Expense": 0.0,
        "Interest Income": NaN,
        "Normalized Income": -1766438.0,
        "Net Income From Continuing And Discontinued Operation": -1766438.0,
        "Total Expenses": 1766438.0,
        "Total Operating Income As Reported": -1766438.0,
        "Diluted Average Shares": 11523093.0,
        "Basic Average Shares": 11523093.0,
        "Diluted EPS": -0.15,
        "Basic EPS": -0.15,
        "Diluted NI Availto Com Stockholders": -1766438.0,
        "Net Income Common Stockholders": -1766438.0,
        "Net Income": -1766438.0,
        "Net Income Including Noncontrolling Interests": -1766438.0,
        "Net Income Continuous Operations": -1766438.0,
        "Pretax Income": -1766438.0,
        "Net Non Operating Interest Income Expense": 0.0,
        "Interest Expense Non Operating": 0.0,
        "Interest Income Non Operating": NaN,
        "Operating Income": -1766438.0,
        "Operating Expense": 1766438.0,
        "Research And Development": 683205.0,
        "Selling General And Administration": 1083233.0,
        "General And Administrative Expense": 1083233.0,
        "Other Gand A": 1083233.0,
        "Salaries And Wages": NaN,
        "Total Revenue": 0.0,
        "Operating Revenue": 0.0
    },
    "2022-09-30": {
        "Tax Effect Of Unusual Items": 0.0,
        "Tax Rate For Calcs": 0.0,
        "Normalized EBITDA": -2127486.0,
        "Net Income From Continuing Operation Net Minority Interest": -2127486.0,
        "EBITDA": -2127486.0,
        "EBIT": -2127486.0,
        "Net Interest Income": 0.0,
        "Interest Expense": 0.0,
        "Interest Income": NaN,
        "Normalized Income": -2127486.0,
        "Net Income From Continuing And Discontinued Operation": -2127486.0,
        "Total Expenses": 2127486.0,
        "Total Operating Income As Reported": -2127486.0,
        "Diluted Average Shares": 11531899.0,
        "Basic Average Shares": 11531899.0,
        "Diluted EPS": -0.18,
        "Basic EPS": -0.18,
        "Diluted NI Availto Com Stockholders": -2127486.0,
        "Net Income Common Stockholders": -2127486.0,
        "Net Income": -2127486.0,
        "Net Income Including Noncontrolling Interests": -2127486.0,
        "Net Income Continuous Operations": -2127486.0,
        "Pretax Income": -2127486.0,
        "Net Non Operating Interest Income Expense": 0.0,
        "Interest Expense Non Operating": 0.0,
        "Interest Income Non Operating": NaN,
        "Operating Income": -2127486.0,
        "Operating Expense": 2127486.0,
        "Research And Development": 831844.0,
        "Selling General And Administration": 1295642.0,
        "General And Administrative Expense": 1295642.0,
        "Other Gand A": 1295642.0,
        "Salaries And Wages": NaN,
        "Total Revenue": 0.0,
        "Operating Revenue": 0.0
    },
    "2022-06-30": {
        "Tax Effect Of Unusual Items": 0.0,
        "Tax Rate For Calcs": 0.0,
        "Normalized EBITDA": -1636854.0,
        "Net Income From Continuing Operation Net Minority Interest": -1636854.0,
        "EBITDA": -1636854.0,
        "EBIT": -1636854.0,
        "Net Interest Income": 0.0,
        "Interest Expense": 0.0,
        "Interest Income": NaN,
        "Normalized Income": -1636854.0,
        "Net Income From Continuing And Discontinued Operation": -1636854.0,
        "Total Expenses": 1636854.0,
        "Total Operating Income As Reported": -1636854.0,
        "Diluted Average Shares": 11572758.0,
        "Basic Average Shares": 11572758.0,
        "Diluted EPS": -0.14,
        "Basic EPS": -0.14,
        "Diluted NI Availto Com Stockholders": -1636854.0,
        "Net Income Common Stockholders": -1636854.0,
        "Net Income": -1636854.0,
        "Net Income Including Noncontrolling Interests": -1636854.0,
        "Net Income Continuous Operations": -1636854.0,
        "Pretax Income": -1636854.0,
        "Net Non Operating Interest Income Expense": 0.0,
        "Interest Expense Non Operating": 0.0,
        "Interest Income Non Operating": NaN,
        "Operating Income": -1636854.0,
        "Operating Expense": 1636854.0,
        "Research And Development": 455546.0,
        "Selling General And Administration": 1181308.0,
        "General And Administrative Expense": 1181308.0,
        "Other Gand A": 1181308.0,
        "Salaries And Wages": NaN,
        "Total Revenue": 0.0,
        "Operating Revenue": 0.0
    },
    "2022-03-31": {
        "Diluted EPS": -0.28,
        "Total Revenue": NaN,
        "Gross Profit": NaN,
        "Operating Income": -1,
        "EBIT": 0,
        "Net Income": -3
    },
    "2021-12-31": {
        "Diluted EPS": 0.37,
        "Total Revenue": NaN,
        "Gross Profit": NaN,
        "Operating Income": 0,
        "EBIT": 0,
        "Net Income": 2
    },
    "2021-09-30": {
        "Diluted EPS": -0.13,
        "Total Revenue": NaN,
        "Gross Profit": NaN,
        "Operating Income": -1,
        "EBIT": 0,
        "Net Income": -1
    },
    "2021-06-30": {
        "Diluted EPS": -0.24,
        "Total Revenue": NaN,
        "Gross Profit": NaN,
        "Operating Income": -1,
        "EBIT": -1,
        "Net Income": -2
    },
    "2021-03-31": {
        "Diluted EPS": -0.35,
        "Total Revenue": NaN,
        "Gross Profit": NaN,
        "Operating Income": -1,
        "EBIT": -1,
        "Net Income": -2
    },
    "2020-12-31": {
        "Diluted EPS": 0.0,
        "Total Revenue": NaN,
        "Gross Profit": NaN,
        "Operating Income": NaN,
        "EBIT": NaN,
        "Net Income": NaN
    },
    "2023-06-30": {
        "Tax Effect Of Unusual Items": 0.0,
        "Tax Rate For Calcs": 0.0,
        "Normalized EBITDA": -2330397.0,
        "Net Income From Continuing Operation Net Minority Interest": -2336914.0,
        "EBITDA": -2330397.0,
        "EBIT": -2330397.0,
        "Net Interest Income": 27682.0,
        "Interest Expense": 6517.0,
        "Interest Income": 34199.0,
        "Normalized Income": -2336914.0,
        "Net Income From Continuing And Discontinued Operation": -2336914.0,
        "Total Expenses": 2364596.0,
        "Total Operating Income As Reported": -2364596.0,
        "Diluted Average Shares": 14950408.0,
        "Basic Average Shares": 14950408.0,
        "Diluted EPS": -0.16,
        "Basic EPS": -0.16,
        "Diluted NI Availto Com Stockholders": -2336914.0,
        "Net Income Common Stockholders": -2336914.0,
        "Net Income": -2336914.0,
        "Net Income Including Noncontrolling Interests": -2336914.0,
        "Net Income Continuous Operations": -2336914.0,
        "Pretax Income": -2336914.0,
        "Net Non Operating Interest Income Expense": 27682.0,
        "Interest Expense Non Operating": 6517.0,
        "Interest Income Non Operating": 34199.0,
        "Operating Income": -2364596.0,
        "Operating Expense": 2364596.0,
        "Research And Development": 1031056.0,
        "Selling General And Administration": 1333540.0,
        "General And Administrative Expense": 1333540.0,
        "Other Gand A": 1257613.0,
        "Salaries And Wages": 75927.0,
        "Total Revenue": 0.0,
        "Operating Revenue": 0.0
    }
}