{
    "2023-03-31": {
        "Tax Effect Of Unusual Items": -82497.12954,
        "Tax Rate For Calcs": 0.166998,
        "Normalized EBITDA": 24916000.0,
        "Total Unusual Items": -494000.0,
        "Total Unusual Items Excluding Goodwill": -494000.0,
        "Net Income From Continuing Operation Net Minority Interest": 14927000.0,
        "Reconciled Depreciation": 5088000.0,
        "Reconciled Cost Of Revenue": 175609000.0,
        "EBITDA": 24422000.0,
        "EBIT": 19334000.0,
        "Net Interest Income": 586000.0,
        "Interest Expense": 1741000.0,
        "Interest Income": 2327000.0,
        "Normalized Income": 15338502.87046,
        "Net Income From Continuing And Discontinued Operation": 14927000.0,
        "Total Expenses": 226621000.0,
        "Total Operating Income As Reported": 17583000.0,
        "Diluted Average Shares": 174794000.0,
        "Basic Average Shares": 174417000.0,
        "Diluted EPS": 0.085,
        "Basic EPS": 0.086,
        "Diluted NI Availto Com Stockholders": 14927000.0,
        "Net Income Common Stockholders": 14927000.0,
        "Net Income": 14927000.0,
        "Minority Interests": 272000.0,
        "Net Income Including Noncontrolling Interests": 14655000.0,
        "Net Income Continuous Operations": 14655000.0,
        "Tax Provision": 2938000.0,
        "Pretax Income": 17593000.0,
        "Other Income Expense": -576000.0,
        "Other Non Operating Income Expenses": 107000.0,
        "Earnings From Equity Interest": -189000.0,
        "Gain On Sale Of Security": -494000.0,
        "Net Non Operating Interest Income Expense": 586000.0,
        "Interest Expense Non Operating": 1741000.0,
        "Interest Income Non Operating": 2327000.0,
        "Operating Income": 17583000.0,
        "Operating Expense": 51012000.0,
        "Research And Development": 39427000.0,
        "Selling General And Administration": 11585000.0,
        "Selling And Marketing Expense": 5544000.0,
        "General And Administrative Expense": 6041000.0,
        "Other Gand A": 6041000.0,
        "Gross Profit": 68595000.0,
        "Cost Of Revenue": 175609000.0,
        "Total Revenue": 244204000.0,
        "Operating Revenue": 244204000.0
    },
    "2022-12-31": {
        "Tax Effect Of Unusual Items": 110500.0,
        "Tax Rate For Calcs": 0.25,
        "Normalized EBITDA": 45266000.0,
        "Total Unusual Items": 442000.0,
        "Total Unusual Items Excluding Goodwill": 442000.0,
        "Net Income From Continuing Operation Net Minority Interest": 42156000.0,
        "Reconciled Depreciation": 5196000.0,
        "Reconciled Cost Of Revenue": 182239000.0,
        "EBITDA": 45708000.0,
        "EBIT": 40512000.0,
        "Net Interest Income": 658000.0,
        "Interest Expense": 1332000.0,
        "Interest Income": 1990000.0,
        "Normalized Income": 41824500.0,
        "Net Income From Continuing And Discontinued Operation": 42156000.0,
        "Total Expenses": 234764000.0,
        "Total Operating Income As Reported": 27526000.0,
        "Diluted Average Shares": 174997000.0,
        "Basic Average Shares": 174812000.0,
        "Diluted EPS": 0.241,
        "Basic EPS": 0.241,
        "Diluted NI Availto Com Stockholders": 42156000.0,
        "Net Income Common Stockholders": 42156000.0,
        "Net Income": 42156000.0,
        "Minority Interests": 158000.0,
        "Net Income Including Noncontrolling Interests": 41998000.0,
        "Net Income Continuous Operations": 41998000.0,
        "Tax Provision": -2818000.0,
        "Pretax Income": 39180000.0,
        "Other Income Expense": 10996000.0,
        "Other Non Operating Income Expenses": 10724000.0,
        "Earnings From Equity Interest": -170000.0,
        "Gain On Sale Of Security": 442000.0,
        "Net Non Operating Interest Income Expense": 658000.0,
        "Interest Expense Non Operating": 1332000.0,
        "Interest Income Non Operating": 1990000.0,
        "Operating Income": 27526000.0,
        "Operating Expense": 52525000.0,
        "Research And Development": 40158000.0,
        "Selling General And Administration": 12367000.0,
        "Selling And Marketing Expense": 5716000.0,
        "General And Administrative Expense": 6651000.0,
        "Other Gand A": 6651000.0,
        "Gross Profit": 80051000.0,
        "Cost Of Revenue": 182239000.0,
        "Total Revenue": 262290000.0,
        "Operating Revenue": 262290000.0
    },
    "2022-09-30": {
        "Tax Effect Of Unusual Items": 445600.0,
        "Tax Rate For Calcs": 0.4,
        "Normalized EBITDA": 10647000.0,
        "Total Unusual Items": 1114000.0,
        "Total Unusual Items Excluding Goodwill": 1114000.0,
        "Net Income From Continuing Operation Net Minority Interest": 8319000.0,
        "Reconciled Depreciation": 5359000.0,
        "Reconciled Cost Of Revenue": 136828000.0,
        "EBITDA": 11761000.0,
        "EBIT": 6402000.0,
        "Net Interest Income": 544000.0,
        "Interest Expense": 843000.0,
        "Interest Income": 1387000.0,
        "Normalized Income": 7650600.0,
        "Net Income From Continuing And Discontinued Operation": 8319000.0,
        "Total Expenses": 209686000.0,
        "Total Operating Income As Reported": 3945000.0,
        "Diluted Average Shares": 87367500.0,
        "Basic Average Shares": 87347500.0,
        "Diluted EPS": 0.096,
        "Basic EPS": 0.096,
        "Diluted NI Availto Com Stockholders": 8319000.0,
        "Net Income Common Stockholders": 8319000.0,
        "Net Income": 8319000.0,
        "Minority Interests": 311000.0,
        "Net Income Including Noncontrolling Interests": 8008000.0,
        "Net Income Continuous Operations": 8008000.0,
        "Tax Provision": -2449000.0,
        "Pretax Income": 5559000.0,
        "Other Income Expense": 1070000.0,
        "Other Non Operating Income Expenses": 120000.0,
        "Earnings From Equity Interest": -164000.0,
        "Gain On Sale Of Security": 1114000.0,
        "Net Non Operating Interest Income Expense": 544000.0,
        "Interest Expense Non Operating": 843000.0,
        "Interest Income Non Operating": 1387000.0,
        "Operating Income": 3945000.0,
        "Operating Expense": 72858000.0,
        "Research And Development": 55749000.0,
        "Selling General And Administration": 17109000.0,
        "Selling And Marketing Expense": 8555000.0,
        "General And Administrative Expense": 8554000.0,
        "Other Gand A": 8554000.0,
        "Gross Profit": 76803000.0,
        "Cost Of Revenue": 136828000.0,
        "Total Revenue": 213631000.0,
        "Operating Revenue": 213631000.0
    },
    "2022-06-30": {
        "Tax Effect Of Unusual Items": 391317.126497,
        "Tax Rate For Calcs": 0.188224,
        "Normalized EBITDA": 90105000.0,
        "Total Unusual Items": 2079000.0,
        "Total Unusual Items Excluding Goodwill": 2079000.0,
        "Net Income From Continuing Operation Net Minority Interest": 70635000.0,
        "Reconciled Depreciation": 5411000.0,
        "Reconciled Cost Of Revenue": 176245000.0,
        "EBITDA": 92184000.0,
        "EBIT": 86773000.0,
        "Net Interest Income": 727000.0,
        "Interest Expense": 328000.0,
        "Interest Income": 1055000.0,
        "Normalized Income": 68947317.126497,
        "Net Income From Continuing And Discontinued Operation": 70635000.0,
        "Total Expenses": 228844000.0,
        "Total Operating Income As Reported": 83762000.0,
        "Diluted Average Shares": 174823000.0,
        "Basic Average Shares": 174694000.0,
        "Diluted EPS": 0.404,
        "Basic EPS": 0.404,
        "Diluted NI Availto Com Stockholders": 70635000.0,
        "Net Income Common Stockholders": 70635000.0,
        "Net Income": 70635000.0,
        "Minority Interests": 461000.0,
        "Net Income Including Noncontrolling Interests": 70174000.0,
        "Net Income Continuous Operations": 70174000.0,
        "Tax Provision": 16271000.0,
        "Pretax Income": 86445000.0,
        "Other Income Expense": 1956000.0,
        "Other Non Operating Income Expenses": 79000.0,
        "Earnings From Equity Interest": -202000.0,
        "Gain On Sale Of Security": 2079000.0,
        "Net Non Operating Interest Income Expense": 727000.0,
        "Interest Expense Non Operating": 328000.0,
        "Interest Income Non Operating": 1055000.0,
        "Operating Income": 83762000.0,
        "Operating Expense": 52599000.0,
        "Research And Development": 40355000.0,
        "Selling General And Administration": 12244000.0,
        "Selling And Marketing Expense": 5566000.0,
        "General And Administrative Expense": 6678000.0,
        "Other Gand A": 6678000.0,
        "Gross Profit": 136361000.0,
        "Cost Of Revenue": 176245000.0,
        "Total Revenue": 312606000.0,
        "Operating Revenue": 312606000.0
    },
    "2022-03-31": {
        "Diluted EPS": 0.66,
        "Total Revenue": 413,
        "Gross Profit": 194,
        "Operating Income": 142,
        "EBIT": 148,
        "Net Income": 116
    },
    "2021-12-31": {
        "Diluted EPS": 0.81,
        "Total Revenue": 452,
        "Gross Profit": 234,
        "Operating Income": 178,
        "EBIT": 183,
        "Net Income": 142
    },
    "2021-09-30": {
        "Diluted EPS": 0.68,
        "Total Revenue": 421,
        "Gross Profit": 217,
        "Operating Income": 148,
        "EBIT": 154,
        "Net Income": 119
    },
    "2021-06-30": {
        "Diluted EPS": 0.62,
        "Total Revenue": 365,
        "Gross Profit": 174,
        "Operating Income": 134,
        "EBIT": 139,
        "Net Income": 109
    },
    "2021-03-31": {
        "Diluted EPS": 0.38,
        "Total Revenue": 309,
        "Gross Profit": 124,
        "Operating Income": 85,
        "EBIT": 90,
        "Net Income": 67
    },
    "2020-12-31": {
        "Diluted EPS": 0.19,
        "Total Revenue": 276,
        "Gross Profit": 86,
        "Operating Income": 42,
        "EBIT": 49,
        "Net Income": 34
    },
    "2020-09-30": {
        "Diluted EPS": 0.05,
        "Total Revenue": 240,
        "Gross Profit": 54,
        "Operating Income": 9,
        "EBIT": 21,
        "Net Income": 8
    },
    "2020-06-30": {
        "Diluted EPS": 0.01,
        "Total Revenue": 187,
        "Gross Profit": 39,
        "Operating Income": 2,
        "EBIT": 2,
        "Net Income": 1
    },
    "2020-03-31": {
        "Diluted EPS": 0.02,
        "Total Revenue": 185,
        "Gross Profit": 42,
        "Operating Income": 5,
        "EBIT": 10,
        "Net Income": 3
    },
    "2019-12-31": {
        "Diluted EPS": 0.01,
        "Total Revenue": 175,
        "Gross Profit": 36,
        "Operating Income": -1,
        "EBIT": 5,
        "Net Income": 1
    },
    "2019-09-30": {
        "Diluted EPS": -0.04,
        "Total Revenue": 164,
        "Gross Profit": 32,
        "Operating Income": -8,
        "EBIT": -2,
        "Net Income": -7
    },
    "2019-06-30": {
        "Diluted EPS": -0.03,
        "Total Revenue": 169,
        "Gross Profit": 33,
        "Operating Income": -6,
        "EBIT": 0,
        "Net Income": -5
    },
    "2019-03-31": {
        "Diluted EPS": -0.01,
        "Total Revenue": 163,
        "Gross Profit": 37,
        "Operating Income": -3,
        "EBIT": 3,
        "Net Income": -2
    },
    "2018-12-31": {
        "Diluted EPS": 0.05,
        "Total Revenue": 191,
        "Gross Profit": 46,
        "Operating Income": 5,
        "EBIT": 10,
        "Net Income": 8
    },
    "2018-09-30": {
        "Diluted EPS": 0.01,
        "Total Revenue": 188,
        "Gross Profit": 44,
        "Operating Income": 1,
        "EBIT": 6,
        "Net Income": 1
    },
    "2018-06-30": {
        "Diluted EPS": 0.01,
        "Total Revenue": 181,
        "Gross Profit": 42,
        "Operating Income": 1,
        "EBIT": 6,
        "Net Income": 2
    },
    "2018-03-31": {
        "Diluted EPS": -0.02,
        "Total Revenue": 163,
        "Gross Profit": 37,
        "Operating Income": -3,
        "EBIT": 2,
        "Net Income": -3
    },
    "2017-12-31": {
        "Diluted EPS": 0.14,
        "Total Revenue": 181,
        "Gross Profit": 45,
        "Operating Income": 4,
        "EBIT": 9,
        "Net Income": 24
    },
    "2017-09-30": {
        "Diluted EPS": 0.02,
        "Total Revenue": 197,
        "Gross Profit": 50,
        "Operating Income": 3,
        "EBIT": 8,
        "Net Income": 4
    },
    "2017-06-30": {
        "Diluted EPS": -0.0,
        "Total Revenue": 152,
        "Gross Profit": 36,
        "Operating Income": -1,
        "EBIT": 3,
        "Net Income": -1
    },
    "2017-03-31": {
        "Diluted EPS": 0.01,
        "Total Revenue": 155,
        "Gross Profit": 36,
        "Operating Income": 2,
        "EBIT": 5,
        "Net Income": 1
    },
    "2016-12-31": {
        "Diluted EPS": 0.03,
        "Total Revenue": 203,
        "Gross Profit": 39,
        "Operating Income": 7,
        "EBIT": 10,
        "Net Income": 4
    },
    "2016-09-30": {
        "Diluted EPS": 0.08,
        "Total Revenue": 218,
        "Gross Profit": 56,
        "Operating Income": 15,
        "EBIT": 22,
        "Net Income": 14
    },
    "2016-06-30": {
        "Diluted EPS": 0.12,
        "Total Revenue": 201,
        "Gross Profit": 52,
        "Operating Income": 22,
        "EBIT": 22,
        "Net Income": 20
    },
    "2016-03-31": {
        "Diluted EPS": 0.08,
        "Total Revenue": 180,
        "Gross Profit": 47,
        "Operating Income": 15,
        "EBIT": 19,
        "Net Income": 13
    },
    "2015-12-31": {
        "Diluted EPS": 0.04,
        "Total Revenue": 178,
        "Gross Profit": 41,
        "Operating Income": 9,
        "Net Income": 6
    },
    "2015-09-30": {
        "Diluted EPS": -0.01,
        "Total Revenue": 166,
        "Gross Profit": 36,
        "Operating Income": -2,
        "EBIT": 1,
        "Net Income": -2
    },
    "2015-06-30": {
        "Diluted EPS": 0.05,
        "Total Revenue": 169,
        "Gross Profit": 40,
        "Operating Income": 9,
        "EBIT": 12,
        "Net Income": 9
    },
    "2015-03-31": {
        "Diluted EPS": 0.07,
        "Total Revenue": 179,
        "Gross Profit": 46,
        "Operating Income": 16,
        "EBIT": 20,
        "Net Income": 13
    },
    "2014-12-31": {
        "Diluted EPS": 0.09,
        "Total Revenue": 227,
        "Gross Profit": 56,
        "Operating Income": 23,
        "EBIT": 27,
        "Net Income": 16
    },
    "2014-09-30": {
        "Diluted EPS": 0.07,
        "Total Revenue": 222,
        "Gross Profit": 54,
        "Operating Income": 13,
        "EBIT": 16,
        "Net Income": 11
    },
    "2014-06-30": {
        "Diluted EPS": 0.14,
        "Total Revenue": 196,
        "Gross Profit": 47,
        "Operating Income": 18,
        "EBIT": 22,
        "Net Income": 24
    },
    "2014-03-31": {
        "Diluted EPS": 0.09,
        "Total Revenue": 195,
        "Gross Profit": 48,
        "Operating Income": 19,
        "EBIT": 23,
        "Net Income": 16
    },
    "2013-12-31": {
        "Diluted EPS": 0.09,
        "Total Revenue": 195,
        "Gross Profit": 49,
        "Operating Income": 19,
        "EBIT": 23,
        "Net Income": 16
    },
    "2013-09-30": {
        "Diluted EPS": 0.07,
        "Total Revenue": 193,
        "Gross Profit": 49,
        "Operating Income": 14,
        "EBIT": 18,
        "Net Income": 12
    },
    "2013-06-30": {
        "Diluted EPS": 0.11,
        "Total Revenue": 207,
        "Gross Profit": 51,
        "Operating Income": 24,
        "EBIT": 27,
        "Net Income": 19
    },
    "2013-03-31": {
        "Diluted EPS": 0.08,
        "Total Revenue": 176,
        "Gross Profit": 43,
        "Operating Income": 17,
        "EBIT": 20,
        "Net Income": 14
    },
    "2012-12-31": {
        "Diluted EPS": 0.08,
        "Total Revenue": 191,
        "Gross Profit": 44,
        "Operating Income": 19,
        "EBIT": 23,
        "Net Income": 14
    },
    "2012-09-30": {
        "Diluted EPS": 0.06,
        "Total Revenue": 190,
        "Gross Profit": 44,
        "Operating Income": 13,
        "EBIT": 16,
        "Net Income": 10
    },
    "2012-06-30": {
        "Diluted EPS": 0.09,
        "Total Revenue": 190,
        "Gross Profit": 44,
        "Operating Income": 20,
        "EBIT": 23,
        "Net Income": 15
    },
    "2012-03-31": {
        "Diluted EPS": 0.07,
        "Total Revenue": 167,
        "Gross Profit": 38,
        "Operating Income": 14,
        "EBIT": 18,
        "Net Income": 11
    },
    "2011-12-31": {
        "Diluted EPS": 0.02,
        "Total Revenue": 169,
        "Gross Profit": 37,
        "Operating Income": 11,
        "EBIT": 14,
        "Net Income": 4
    },
    "2011-09-30": {
        "Diluted EPS": 0.0,
        "Total Revenue": 162,
        "Gross Profit": 30,
        "Operating Income": -1,
        "EBIT": -1,
        "Net Income": 1
    },
    "2011-06-30": {
        "Diluted EPS": 0.02,
        "Total Revenue": 161,
        "Gross Profit": 30,
        "Operating Income": 3,
        "EBIT": 3,
        "Net Income": 4
    },
    "2011-03-31": {
        "Diluted EPS": 0.02,
        "Total Revenue": 141,
        "Gross Profit": 28,
        "Operating Income": 3,
        "EBIT": 6,
        "Net Income": 3
    },
    "2010-12-31": {
        "Diluted EPS": 0.07,
        "Total Revenue": 141,
        "Gross Profit": 30,
        "Operating Income": 13,
        "EBIT": 13,
        "Net Income": 12
    },
    "2010-09-30": {
        "Diluted EPS": 0.0,
        "Total Revenue": 138,
        "Gross Profit": 32,
        "Operating Income": -1,
        "EBIT": -1,
        "Net Income": 0
    },
    "2010-06-30": {
        "Diluted EPS": 0.07,
        "Total Revenue": 188,
        "Gross Profit": 38,
        "Operating Income": 13,
        "EBIT": 13,
        "Net Income": 12
    },
    "2010-03-31": {
        "Diluted EPS": 0.03,
        "Total Revenue": 175,
        "Gross Profit": 35,
        "Operating Income": 10,
        "EBIT": 14,
        "Net Income": 9
    },
    "2009-12-31": {
        "Diluted EPS": 0.06,
        "Total Revenue": 179,
        "Gross Profit": 36,
        "Operating Income": 13,
        "EBIT": 13,
        "Net Income": 11
    },
    "2009-09-30": {
        "Diluted EPS": 0.05,
        "Total Revenue": 203,
        "Gross Profit": 41,
        "Operating Income": 11,
        "EBIT": 11,
        "Net Income": 9
    },
    "2009-06-30": {
        "Diluted EPS": 0.08,
        "Total Revenue": 185,
        "Gross Profit": 38,
        "Operating Income": 15,
        "EBIT": 15,
        "Net Income": 15
    },
    "2009-03-31": {
        "Diluted EPS": 0.02,
        "Total Revenue": 126,
        "Gross Profit": 26,
        "Operating Income": 5,
        "EBIT": 8,
        "Net Income": 4
    },
    "2023-06-30": {
        "Tax Effect Of Unusual Items": 216000.0,
        "Tax Rate For Calcs": 0.25,
        "Normalized EBITDA": 5360000.0,
        "Total Unusual Items": 864000.0,
        "Total Unusual Items Excluding Goodwill": 864000.0,
        "Net Income From Continuing Operation Net Minority Interest": 888000.0,
        "Reconciled Depreciation": 5025000.0,
        "Reconciled Cost Of Revenue": 183961000.0,
        "EBITDA": 6224000.0,
        "EBIT": 1199000.0,
        "Net Interest Income": 931000.0,
        "Interest Expense": 1717000.0,
        "Interest Income": 2648000.0,
        "Normalized Income": 240000.0,
        "Net Income From Continuing And Discontinued Operation": 888000.0,
        "Total Expenses": 237173000.0,
        "Total Operating Income As Reported": -2142000.0,
        "Diluted Average Shares": 174672000.0,
        "Basic Average Shares": 174417000.0,
        "Diluted EPS": 0.005,
        "Basic EPS": 0.005,
        "Diluted NI Availto Com Stockholders": 888000.0,
        "Net Income Common Stockholders": 888000.0,
        "Net Income": 888000.0,
        "Minority Interests": 159000.0,
        "Net Income Including Noncontrolling Interests": 729000.0,
        "Net Income Continuous Operations": 729000.0,
        "Tax Provision": -1247000.0,
        "Pretax Income": -518000.0,
        "Other Income Expense": 693000.0,
        "Other Non Operating Income Expenses": 4000.0,
        "Earnings From Equity Interest": -175000.0,
        "Gain On Sale Of Security": 864000.0,
        "Net Non Operating Interest Income Expense": 931000.0,
        "Interest Expense Non Operating": 1717000.0,
        "Interest Income Non Operating": 2648000.0,
        "Operating Income": -2142000.0,
        "Operating Expense": 53212000.0,
        "Research And Development": 41433000.0,
        "Selling General And Administration": 11779000.0,
        "Selling And Marketing Expense": 5664000.0,
        "General And Administrative Expense": 6115000.0,
        "Other Gand A": 6115000.0,
        "Gross Profit": 51070000.0,
        "Cost Of Revenue": 183961000.0,
        "Total Revenue": 235031000.0,
        "Operating Revenue": 235031000.0
    },
    "2023-09-30": {
        "Tax Effect Of Unusual Items": 33682.767842,
        "Tax Rate For Calcs": 0.101454,
        "Normalized EBITDA": 18210000.0,
        "Total Unusual Items": 332000.0,
        "Total Unusual Items Excluding Goodwill": 332000.0,
        "Net Income From Continuing Operation Net Minority Interest": 11236000.0,
        "Reconciled Depreciation": 5094000.0,
        "Reconciled Cost Of Revenue": 163692000.0,
        "EBITDA": 18542000.0,
        "EBIT": 13448000.0,
        "Net Interest Income": 355000.0,
        "Interest Expense": 1482000.0,
        "Interest Income": 1837000.0,
        "Normalized Income": 10937682.767842,
        "Net Income From Continuing And Discontinued Operation": 11236000.0,
        "Total Expenses": 227425000.0,
        "Total Operating Income As Reported": 11090000.0,
        "Diluted Average Shares": 174773000.0,
        "Basic Average Shares": 174420000.0,
        "Diluted EPS": 0.064,
        "Basic EPS": 0.064,
        "Diluted NI Availto Com Stockholders": 11236000.0,
        "Net Income Common Stockholders": 11236000.0,
        "Net Income": 11236000.0,
        "Minority Interests": 484000.0,
        "Net Income Including Noncontrolling Interests": 10752000.0,
        "Net Income Continuous Operations": 10752000.0,
        "Tax Provision": 1214000.0,
        "Pretax Income": 11966000.0,
        "Other Income Expense": 521000.0,
        "Other Non Operating Income Expenses": 409000.0,
        "Earnings From Equity Interest": -220000.0,
        "Gain On Sale Of Security": 332000.0,
        "Net Non Operating Interest Income Expense": 355000.0,
        "Interest Expense Non Operating": 1482000.0,
        "Interest Income Non Operating": 1837000.0,
        "Operating Income": 11090000.0,
        "Operating Expense": 63733000.0,
        "Research And Development": 49444000.0,
        "Selling General And Administration": 14289000.0,
        "Selling And Marketing Expense": 7239000.0,
        "General And Administrative Expense": 7050000.0,
        "Other Gand A": 7050000.0,
        "Gross Profit": 74823000.0,
        "Cost Of Revenue": 163692000.0,
        "Total Revenue": 238515000.0,
        "Operating Revenue": 238515000.0
    },
    "2023-12-31": {
        "Tax Effect Of Unusual Items": NaN,
        "Tax Rate For Calcs": NaN,
        "Normalized EBITDA": NaN,
        "Total Unusual Items": NaN,
        "Total Unusual Items Excluding Goodwill": NaN,
        "Net Income From Continuing Operation Net Minority Interest": NaN,
        "Reconciled Depreciation": NaN,
        "Reconciled Cost Of Revenue": NaN,
        "EBITDA": NaN,
        "EBIT": NaN,
        "Net Interest Income": NaN,
        "Interest Expense": NaN,
        "Interest Income": NaN,
        "Normalized Income": NaN,
        "Net Income From Continuing And Discontinued Operation": NaN,
        "Total Expenses": NaN,
        "Total Operating Income As Reported": NaN,
        "Diluted Average Shares": 174979000.0,
        "Basic Average Shares": 174724000.0,
        "Diluted EPS": 0.135,
        "Basic EPS": 0.135,
        "Diluted NI Availto Com Stockholders": NaN,
        "Net Income Common Stockholders": NaN,
        "Net Income": NaN,
        "Minority Interests": NaN,
        "Net Income Including Noncontrolling Interests": NaN,
        "Net Income Continuous Operations": NaN,
        "Tax Provision": NaN,
        "Pretax Income": NaN,
        "Other Income Expense": NaN,
        "Other Non Operating Income Expenses": NaN,
        "Earnings From Equity Interest": NaN,
        "Gain On Sale Of Security": NaN,
        "Net Non Operating Interest Income Expense": NaN,
        "Interest Expense Non Operating": NaN,
        "Interest Income Non Operating": NaN,
        "Operating Income": NaN,
        "Operating Expense": NaN,
        "Research And Development": NaN,
        "Selling General And Administration": NaN,
        "Selling And Marketing Expense": NaN,
        "General And Administrative Expense": NaN,
        "Other Gand A": NaN,
        "Gross Profit": NaN,
        "Cost Of Revenue": NaN,
        "Total Revenue": NaN,
        "Operating Revenue": NaN
    },
    "2024-06-30": {
        "Tax Effect Of Unusual Items": 31275.934985,
        "Tax Rate For Calcs": 0.062427,
        "Normalized EBITDA": 37877000.0,
        "Total Unusual Items": 501000.0,
        "Total Unusual Items Excluding Goodwill": 501000.0,
        "Net Income From Continuing Operation Net Minority Interest": 29626000.0,
        "Reconciled Depreciation": 5679000.0,
        "Reconciled Cost Of Revenue": 163038000.0,
        "EBITDA": 38378000.0,
        "EBIT": 32699000.0,
        "Net Interest Income": 2030000.0,
        "Interest Expense": 1014000.0,
        "Interest Income": 3044000.0,
        "Normalized Income": 29156275.934985,
        "Net Income From Continuing And Discontinued Operation": 29626000.0,
        "Total Expenses": 210365000.0,
        "Total Operating Income As Reported": 29257000.0,
        "Diluted Average Shares": 175084000.0,
        "Basic Average Shares": 174724000.0,
        "Diluted EPS": 0.17,
        "Basic EPS": 0.17,
        "Diluted NI Availto Com Stockholders": 29626000.0,
        "Net Income Common Stockholders": 29626000.0,
        "Net Income": 29626000.0,
        "Minority Interests": -81000.0,
        "Net Income Including Noncontrolling Interests": 29707000.0,
        "Net Income Continuous Operations": 29707000.0,
        "Tax Provision": 1978000.0,
        "Pretax Income": 31685000.0,
        "Other Income Expense": 398000.0,
        "Other Non Operating Income Expenses": 4000.0,
        "Earnings From Equity Interest": -107000.0,
        "Gain On Sale Of Security": 501000.0,
        "Net Non Operating Interest Income Expense": 2030000.0,
        "Interest Expense Non Operating": 1014000.0,
        "Interest Income Non Operating": 3044000.0,
        "Operating Income": 29257000.0,
        "Operating Expense": 47327000.0,
        "Research And Development": 36201000.0,
        "Selling General And Administration": 11126000.0,
        "Selling And Marketing Expense": 5434000.0,
        "General And Administrative Expense": 5692000.0,
        "Other Gand A": 5692000.0,
        "Gross Profit": 76584000.0,
        "Cost Of Revenue": 163038000.0,
        "Total Revenue": 239622000.0,
        "Operating Revenue": 239622000.0
    },
    "2024-09-30": {
        "Tax Effect Of Unusual Items": 121000.0,
        "Tax Rate For Calcs": 0.25,
        "Normalized EBITDA": 13755000.0,
        "Total Unusual Items": 484000.0,
        "Total Unusual Items Excluding Goodwill": 484000.0,
        "Net Income From Continuing Operation Net Minority Interest": 13023000.0,
        "Reconciled Depreciation": 5640000.0,
        "Reconciled Cost Of Revenue": 155795000.0,
        "EBITDA": 14239000.0,
        "EBIT": 8599000.0,
        "Net Interest Income": 1279000.0,
        "Interest Expense": 1018000.0,
        "Interest Income": 2297000.0,
        "Normalized Income": 12660000.0,
        "Net Income From Continuing And Discontinued Operation": 13023000.0,
        "Total Expenses": 216551000.0,
        "Total Operating Income As Reported": 5856000.0,
        "Diluted Average Shares": 174987000.0,
        "Basic Average Shares": 174727000.0,
        "Diluted EPS": 0.074,
        "Basic EPS": 0.075,
        "Diluted NI Availto Com Stockholders": 13023000.0,
        "Net Income Common Stockholders": 13023000.0,
        "Net Income": 13023000.0,
        "Minority Interests": 268000.0,
        "Net Income Including Noncontrolling Interests": 12755000.0,
        "Net Income Continuous Operations": 12755000.0,
        "Tax Provision": -5174000.0,
        "Pretax Income": 7581000.0,
        "Other Income Expense": 446000.0,
        "Other Non Operating Income Expenses": 105000.0,
        "Earnings From Equity Interest": -143000.0,
        "Gain On Sale Of Security": 484000.0,
        "Net Non Operating Interest Income Expense": 1279000.0,
        "Interest Expense Non Operating": 1018000.0,
        "Interest Income Non Operating": 2297000.0,
        "Operating Income": 5856000.0,
        "Operating Expense": 60756000.0,
        "Research And Development": 46880000.0,
        "Selling General And Administration": 13876000.0,
        "Selling And Marketing Expense": 7048000.0,
        "General And Administrative Expense": 6828000.0,
        "Other Gand A": 6828000.0,
        "Gross Profit": 66612000.0,
        "Cost Of Revenue": 155795000.0,
        "Total Revenue": 222407000.0,
        "Operating Revenue": 222407000.0
    },
    "2024-12-31": {
        "Tax Effect Of Unusual Items": 57092.703164,
        "Tax Rate For Calcs": 0.029505,
        "Normalized EBITDA": 30385000.0,
        "Total Unusual Items": 1935000.0,
        "Total Unusual Items Excluding Goodwill": 1935000.0,
        "Net Income From Continuing Operation Net Minority Interest": 24608000.0,
        "Reconciled Depreciation": 5564000.0,
        "Reconciled Cost Of Revenue": 164963000.0,
        "EBITDA": 32320000.0,
        "EBIT": 26756000.0,
        "Net Interest Income": 1078000.0,
        "Interest Expense": 964000.0,
        "Interest Income": 2042000.0,
        "Normalized Income": 22730092.703164,
        "Net Income From Continuing And Discontinued Operation": 24608000.0,
        "Total Expenses": 214144000.0,
        "Total Operating Income As Reported": 23079000.0,
        "Diluted Average Shares": 175146000.0,
        "Basic Average Shares": 175008000.0,
        "Diluted EPS": 0.14,
        "Basic EPS": 0.141,
        "Diluted NI Availto Com Stockholders": 24608000.0,
        "Net Income Common Stockholders": 24608000.0,
        "Net Income": 24608000.0,
        "Minority Interests": -423000.0,
        "Net Income Including Noncontrolling Interests": 25031000.0,
        "Net Income Continuous Operations": 25031000.0,
        "Tax Provision": 761000.0,
        "Pretax Income": 25792000.0,
        "Other Income Expense": 1635000.0,
        "Other Non Operating Income Expenses": 60000.0,
        "Earnings From Equity Interest": -360000.0,
        "Gain On Sale Of Security": 1935000.0,
        "Net Non Operating Interest Income Expense": 1078000.0,
        "Interest Expense Non Operating": 964000.0,
        "Interest Income Non Operating": 2042000.0,
        "Operating Income": 23079000.0,
        "Operating Expense": 49181000.0,
        "Research And Development": 37584000.0,
        "Selling General And Administration": 11597000.0,
        "Selling And Marketing Expense": 5886000.0,
        "General And Administrative Expense": 5711000.0,
        "Other Gand A": 5711000.0,
        "Gross Profit": 72260000.0,
        "Cost Of Revenue": 164963000.0,
        "Total Revenue": 237223000.0,
        "Operating Revenue": 237223000.0
    },
    "2025-03-31": {
        "Tax Effect Of Unusual Items": 52443.4084,
        "Tax Rate For Calcs": 0.159888,
        "Normalized EBITDA": 29754000.0,
        "Total Unusual Items": 328000.0,
        "Total Unusual Items Excluding Goodwill": 328000.0,
        "Net Income From Continuing Operation Net Minority Interest": 19987000.0,
        "Reconciled Depreciation": 5156000.0,
        "Reconciled Cost Of Revenue": 149581000.0,
        "EBITDA": 30082000.0,
        "EBIT": 24926000.0,
        "Net Interest Income": 1409000.0,
        "Interest Expense": 903000.0,
        "Interest Income": 2312000.0,
        "Normalized Income": 19711443.4084,
        "Net Income From Continuing And Discontinued Operation": 19987000.0,
        "Total Expenses": 195327000.0,
        "Total Operating Income As Reported": 19806000.0,
        "Diluted Average Shares": 175072000.0,
        "Basic Average Shares": 174913000.0,
        "Diluted EPS": 0.114,
        "Basic EPS": 0.114,
        "Diluted NI Availto Com Stockholders": 19987000.0,
        "Net Income Common Stockholders": 19987000.0,
        "Net Income": 19987000.0,
        "Minority Interests": -195000.0,
        "Net Income Including Noncontrolling Interests": 20182000.0,
        "Net Income Continuous Operations": 20182000.0,
        "Tax Provision": 3841000.0,
        "Pretax Income": 24023000.0,
        "Other Income Expense": 2808000.0,
        "Other Non Operating Income Expenses": 3222000.0,
        "Earnings From Equity Interest": -742000.0,
        "Gain On Sale Of Security": 328000.0,
        "Net Non Operating Interest Income Expense": 1409000.0,
        "Interest Expense Non Operating": 903000.0,
        "Interest Income Non Operating": 2312000.0,
        "Operating Income": 19806000.0,
        "Operating Expense": 45746000.0,
        "Research And Development": 34987000.0,
        "Selling General And Administration": 10759000.0,
        "Selling And Marketing Expense": 5202000.0,
        "General And Administrative Expense": 5557000.0,
        "Other Gand A": 5557000.0,
        "Gross Profit": 65552000.0,
        "Cost Of Revenue": 149581000.0,
        "Total Revenue": 215133000.0,
        "Operating Revenue": 215133000.0
    },
    "2024-03-31": {
        "Tax Effect Of Unusual Items": NaN,
        "Tax Rate For Calcs": NaN,
        "Normalized EBITDA": NaN,
        "Total Unusual Items": NaN,
        "Total Unusual Items Excluding Goodwill": NaN,
        "Net Income From Continuing Operation Net Minority Interest": NaN,
        "Reconciled Depreciation": NaN,
        "Reconciled Cost Of Revenue": NaN,
        "EBITDA": NaN,
        "EBIT": NaN,
        "Net Interest Income": NaN,
        "Interest Expense": NaN,
        "Interest Income": NaN,
        "Normalized Income": NaN,
        "Net Income From Continuing And Discontinued Operation": NaN,
        "Total Expenses": NaN,
        "Total Operating Income As Reported": NaN,
        "Diluted Average Shares": 175026000.0,
        "Basic Average Shares": 174724000.0,
        "Diluted EPS": 0.072,
        "Basic EPS": 0.072,
        "Diluted NI Availto Com Stockholders": NaN,
        "Net Income Common Stockholders": NaN,
        "Net Income": NaN,
        "Minority Interests": NaN,
        "Net Income Including Noncontrolling Interests": NaN,
        "Net Income Continuous Operations": NaN,
        "Tax Provision": NaN,
        "Pretax Income": NaN,
        "Other Income Expense": NaN,
        "Other Non Operating Income Expenses": NaN,
        "Earnings From Equity Interest": NaN,
        "Gain On Sale Of Security": NaN,
        "Net Non Operating Interest Income Expense": NaN,
        "Interest Expense Non Operating": NaN,
        "Interest Income Non Operating": NaN,
        "Operating Income": NaN,
        "Operating Expense": NaN,
        "Research And Development": NaN,
        "Selling General And Administration": NaN,
        "Selling And Marketing Expense": NaN,
        "General And Administrative Expense": NaN,
        "Other Gand A": NaN,
        "Gross Profit": NaN,
        "Cost Of Revenue": NaN,
        "Total Revenue": NaN,
        "Operating Revenue": NaN
    },
    "2025-06-30": {
        "Tax Effect Of Unusual Items": 611592.639594,
        "Tax Rate For Calcs": 0.229061,
        "Normalized EBITDA": 25539000.0,
        "Total Unusual Items": 2670000.0,
        "Total Unusual Items Excluding Goodwill": 2670000.0,
        "Net Income From Continuing Operation Net Minority Interest": 16544000.0,
        "Reconciled Depreciation": 5275000.0,
        "Reconciled Cost Of Revenue": 147791000.0,
        "EBITDA": 28209000.0,
        "EBIT": 22934000.0,
        "Net Interest Income": 1867000.0,
        "Interest Expense": 870000.0,
        "Interest Income": 2737000.0,
        "Normalized Income": 14485592.639594,
        "Net Income From Continuing And Discontinued Operation": 16544000.0,
        "Total Expenses": 196689000.0,
        "Total Operating Income As Reported": 18109000.0,
        "Diluted Average Shares": 174544000.0,
        "Basic Average Shares": 174380000.0,
        "Diluted EPS": 0.094,
        "Basic EPS": 0.094,
        "Diluted NI Availto Com Stockholders": 16544000.0,
        "Net Income Common Stockholders": 16544000.0,
        "Net Income": 16544000.0,
        "Minority Interests": -466000.0,
        "Net Income Including Noncontrolling Interests": 17010000.0,
        "Net Income Continuous Operations": 17010000.0,
        "Tax Provision": 5054000.0,
        "Pretax Income": 22064000.0,
        "Other Income Expense": 2088000.0,
        "Other Non Operating Income Expenses": 6000.0,
        "Earnings From Equity Interest": -588000.0,
        "Gain On Sale Of Security": 2670000.0,
        "Net Non Operating Interest Income Expense": 1867000.0,
        "Interest Expense Non Operating": 870000.0,
        "Interest Income Non Operating": 2737000.0,
        "Operating Income": 18109000.0,
        "Operating Expense": 48898000.0,
        "Research And Development": 37542000.0,
        "Selling General And Administration": 11356000.0,
        "Selling And Marketing Expense": 5550000.0,
        "General And Administrative Expense": 5806000.0,
        "Other Gand A": 5806000.0,
        "Gross Profit": 67007000.0,
        "Cost Of Revenue": 147791000.0,
        "Total Revenue": 214798000.0,
        "Operating Revenue": 214798000.0
    }
}