{
    "2023-03-31": {
        "Tax Effect Of Unusual Items": NaN,
        "Tax Rate For Calcs": NaN,
        "Total Unusual Items": NaN,
        "Total Unusual Items Excluding Goodwill": NaN,
        "Net Income From Continuing Operation Net Minority Interest": NaN,
        "Reconciled Depreciation": NaN,
        "Net Interest Income": -300000.0,
        "Interest Income": NaN,
        "Normalized Income": NaN,
        "Net Income From Continuing And Discontinued Operation": NaN,
        "Total Expenses": NaN,
        "Diluted Average Shares": NaN,
        "Basic Average Shares": NaN,
        "Diluted EPS": NaN,
        "Basic EPS": NaN,
        "Diluted NI Availto Com Stockholders": NaN,
        "Net Income Common Stockholders": NaN,
        "Net Income": NaN,
        "Minority Interests": NaN,
        "Net Income Including Noncontrolling Interests": NaN,
        "Net Income Continuous Operations": NaN,
        "Tax Provision": NaN,
        "Pretax Income": NaN,
        "Special Income Charges": NaN,
        "Other Special Charges": NaN,
        "Impairment Of Capital Assets": NaN,
        "Net Non Operating Interest Income Expense": -300000.0,
        "Other Operating Expenses": NaN,
        "Depreciation And Amortization In Income Statement": NaN,
        "Amortization": NaN,
        "Selling General And Administration": NaN,
        "Selling And Marketing Expense": NaN,
        "General And Administrative Expense": NaN,
        "Other Gand A": NaN,
        "Salaries And Wages": NaN,
        "Total Revenue": NaN,
        "Operating Revenue": NaN,
        "Loss Adjustment Expense": NaN,
        "Net Policyholder Benefits And Claims": NaN,
        "Policyholder Benefits Gross": NaN,
        "Policyholder Benefits Ceded": NaN
    },
    "2022-12-31": {
        "Tax Effect Of Unusual Items": NaN,
        "Tax Rate For Calcs": NaN,
        "Total Unusual Items": NaN,
        "Total Unusual Items Excluding Goodwill": NaN,
        "Net Income From Continuing Operation Net Minority Interest": NaN,
        "Reconciled Depreciation": NaN,
        "Net Interest Income": 1100000.0,
        "Interest Income": NaN,
        "Normalized Income": NaN,
        "Net Income From Continuing And Discontinued Operation": NaN,
        "Total Expenses": NaN,
        "Diluted Average Shares": NaN,
        "Basic Average Shares": NaN,
        "Diluted EPS": NaN,
        "Basic EPS": NaN,
        "Diluted NI Availto Com Stockholders": NaN,
        "Net Income Common Stockholders": NaN,
        "Net Income": NaN,
        "Minority Interests": NaN,
        "Net Income Including Noncontrolling Interests": NaN,
        "Net Income Continuous Operations": NaN,
        "Tax Provision": NaN,
        "Pretax Income": NaN,
        "Special Income Charges": NaN,
        "Impairment Of Capital Assets": NaN,
        "Net Non Operating Interest Income Expense": 1100000.0,
        "Other Operating Expenses": NaN,
        "Depreciation And Amortization In Income Statement": NaN,
        "Amortization": NaN,
        "Selling General And Administration": NaN,
        "Selling And Marketing Expense": NaN,
        "General And Administrative Expense": NaN,
        "Other Gand A": NaN,
        "Salaries And Wages": NaN,
        "Total Revenue": NaN,
        "Operating Revenue": NaN,
        "Loss Adjustment Expense": NaN,
        "Net Policyholder Benefits And Claims": NaN,
        "Policyholder Benefits Gross": NaN,
        "Policyholder Benefits Ceded": NaN
    },
    "2022-09-30": {
        "Tax Effect Of Unusual Items": NaN,
        "Tax Rate For Calcs": NaN,
        "Total Unusual Items": NaN,
        "Total Unusual Items Excluding Goodwill": NaN,
        "Net Income From Continuing Operation Net Minority Interest": NaN,
        "Reconciled Depreciation": NaN,
        "Net Interest Income": 100000.0,
        "Interest Income": NaN,
        "Normalized Income": NaN,
        "Net Income From Continuing And Discontinued Operation": NaN,
        "Total Expenses": NaN,
        "Diluted Average Shares": 22839916.0,
        "Basic Average Shares": 22839916.0,
        "Diluted EPS": -5.66,
        "Basic EPS": -5.66,
        "Diluted NI Availto Com Stockholders": NaN,
        "Net Income Common Stockholders": NaN,
        "Net Income": NaN,
        "Minority Interests": NaN,
        "Net Income Including Noncontrolling Interests": NaN,
        "Net Income Continuous Operations": NaN,
        "Tax Provision": NaN,
        "Pretax Income": NaN,
        "Special Income Charges": NaN,
        "Impairment Of Capital Assets": NaN,
        "Net Non Operating Interest Income Expense": 100000.0,
        "Other Operating Expenses": NaN,
        "Depreciation And Amortization In Income Statement": NaN,
        "Amortization": NaN,
        "Selling General And Administration": NaN,
        "Selling And Marketing Expense": NaN,
        "General And Administrative Expense": NaN,
        "Other Gand A": NaN,
        "Salaries And Wages": NaN,
        "Total Revenue": NaN,
        "Operating Revenue": NaN
    },
    "2022-06-30": {
        "Tax Effect Of Unusual Items": 0.0,
        "Tax Rate For Calcs": 0.4,
        "Total Unusual Items": NaN,
        "Total Unusual Items Excluding Goodwill": NaN,
        "Net Income From Continuing Operation Net Minority Interest": -73500000.0,
        "Reconciled Depreciation": 3500000.0,
        "Net Interest Income": 300000.0,
        "Interest Income": NaN,
        "Normalized Income": -73500000.0,
        "Net Income From Continuing And Discontinued Operation": -73500000.0,
        "Total Expenses": 100400000.0,
        "Diluted Average Shares": 22644306.0,
        "Basic Average Shares": 22644306.0,
        "Diluted EPS": -3.25,
        "Basic EPS": -3.25,
        "Diluted NI Availto Com Stockholders": -73500000.0,
        "Net Income Common Stockholders": -73500000.0,
        "Net Income": -73500000.0,
        "Minority Interests": -1500000.0,
        "Net Income Including Noncontrolling Interests": -72000000.0,
        "Net Income Continuous Operations": -72000000.0,
        "Tax Provision": 300000.0,
        "Pretax Income": -71700000.0,
        "Special Income Charges": NaN,
        "Impairment Of Capital Assets": NaN,
        "Net Non Operating Interest Income Expense": 300000.0,
        "Other Operating Expenses": 16500000.0,
        "Depreciation And Amortization In Income Statement": NaN,
        "Amortization": NaN,
        "Selling General And Administration": 37600000.0,
        "Selling And Marketing Expense": 19400000.0,
        "General And Administrative Expense": 18200000.0,
        "Other Gand A": 18200000.0,
        "Salaries And Wages": NaN,
        "Total Revenue": 28700000.0,
        "Operating Revenue": 28700000.0
    },
    "2022-03-31": {
        "Diluted EPS": -3.01,
        "Total Revenue": 25,
        "Gross Profit": 25,
        "Operating Income": -67,
        "EBIT": -63,
        "Net Income": -68
    },
    "2021-12-31": {
        "Diluted EPS": 40.14,
        "Total Revenue": 32,
        "Gross Profit": 32,
        "Operating Income": -263,
        "EBIT": -260,
        "Net Income": -61
    },
    "2021-09-30": {
        "Diluted EPS": -2.0,
        "Total Revenue": 21,
        "Gross Profit": 21,
        "Operating Income": -56,
        "EBIT": -50,
        "Net Income": -31
    },
    "2021-06-30": {
        "Diluted EPS": -21.5,
        "Total Revenue": 21,
        "Gross Profit": 21,
        "Operating Income": -48,
        "EBIT": -36,
        "Net Income": -85
    },
    "2021-03-31": {
        "Diluted EPS": -50.75,
        "Total Revenue": 17,
        "Gross Profit": 17,
        "Operating Income": -48,
        "EBIT": -37,
        "Net Income": -195
    },
    "2020-12-31": {
        "Diluted EPS": 0.0,
        "Total Revenue": NaN,
        "Gross Profit": NaN,
        "Operating Income": NaN,
        "EBIT": NaN,
        "Net Income": NaN
    },
    "2020-09-30": {
        "Diluted EPS": -11.0,
        "Total Revenue": 13,
        "Gross Profit": 13,
        "Operating Income": -41,
        "EBIT": -41,
        "Net Income": -39
    },
    "2023-06-30": {
        "Tax Effect Of Unusual Items": NaN,
        "Tax Rate For Calcs": NaN,
        "Total Unusual Items": NaN,
        "Total Unusual Items Excluding Goodwill": NaN,
        "Net Income From Continuing Operation Net Minority Interest": NaN,
        "Reconciled Depreciation": NaN,
        "Net Interest Income": 0.0,
        "Interest Income": NaN,
        "Normalized Income": NaN,
        "Net Income From Continuing And Discontinued Operation": NaN,
        "Total Expenses": NaN,
        "Diluted Average Shares": 23387767.0,
        "Basic Average Shares": 23387767.0,
        "Diluted EPS": -4.61,
        "Basic EPS": -4.61,
        "Diluted NI Availto Com Stockholders": NaN,
        "Net Income Common Stockholders": NaN,
        "Net Income": NaN,
        "Minority Interests": NaN,
        "Net Income Including Noncontrolling Interests": NaN,
        "Net Income Continuous Operations": NaN,
        "Tax Provision": NaN,
        "Pretax Income": NaN,
        "Special Income Charges": NaN,
        "Other Special Charges": NaN,
        "Impairment Of Capital Assets": NaN,
        "Net Non Operating Interest Income Expense": 0.0,
        "Other Operating Expenses": NaN,
        "Depreciation And Amortization In Income Statement": NaN,
        "Amortization": NaN,
        "Selling General And Administration": NaN,
        "Selling And Marketing Expense": NaN,
        "General And Administrative Expense": NaN,
        "Other Gand A": NaN,
        "Salaries And Wages": NaN,
        "Total Revenue": NaN,
        "Operating Revenue": NaN,
        "Loss Adjustment Expense": NaN,
        "Net Policyholder Benefits And Claims": NaN,
        "Policyholder Benefits Gross": NaN,
        "Policyholder Benefits Ceded": NaN
    },
    "2023-09-30": {
        "Tax Effect Of Unusual Items": NaN,
        "Tax Rate For Calcs": NaN,
        "Total Unusual Items": NaN,
        "Total Unusual Items Excluding Goodwill": NaN,
        "Net Income From Continuing Operation Net Minority Interest": NaN,
        "Reconciled Depreciation": NaN,
        "Net Interest Income": 0.0,
        "Interest Income": NaN,
        "Normalized Income": NaN,
        "Net Income From Continuing And Discontinued Operation": NaN,
        "Total Expenses": NaN,
        "Diluted Average Shares": NaN,
        "Basic Average Shares": NaN,
        "Diluted EPS": NaN,
        "Basic EPS": NaN,
        "Diluted NI Availto Com Stockholders": NaN,
        "Net Income Common Stockholders": NaN,
        "Net Income": NaN,
        "Minority Interests": NaN,
        "Net Income Including Noncontrolling Interests": NaN,
        "Net Income Continuous Operations": NaN,
        "Tax Provision": NaN,
        "Pretax Income": NaN,
        "Special Income Charges": NaN,
        "Other Special Charges": NaN,
        "Impairment Of Capital Assets": NaN,
        "Net Non Operating Interest Income Expense": 0.0,
        "Other Operating Expenses": NaN,
        "Depreciation And Amortization In Income Statement": 3400000.0,
        "Amortization": 3400000.0,
        "Selling General And Administration": NaN,
        "Selling And Marketing Expense": NaN,
        "General And Administrative Expense": NaN,
        "Other Gand A": NaN,
        "Salaries And Wages": 3000000.0,
        "Total Revenue": NaN,
        "Operating Revenue": NaN,
        "Loss Adjustment Expense": NaN,
        "Net Policyholder Benefits And Claims": NaN,
        "Policyholder Benefits Gross": NaN,
        "Policyholder Benefits Ceded": NaN
    },
    "2023-12-31": {
        "Tax Effect Of Unusual Items": NaN,
        "Tax Rate For Calcs": NaN,
        "Total Unusual Items": NaN,
        "Total Unusual Items Excluding Goodwill": NaN,
        "Net Income From Continuing Operation Net Minority Interest": NaN,
        "Reconciled Depreciation": 5400000.0,
        "Interest Income": NaN,
        "Normalized Income": NaN,
        "Net Income From Continuing And Discontinued Operation": NaN,
        "Total Expenses": NaN,
        "Diluted Average Shares": NaN,
        "Basic Average Shares": NaN,
        "Diluted EPS": NaN,
        "Basic EPS": NaN,
        "Diluted NI Availto Com Stockholders": NaN,
        "Net Income Common Stockholders": NaN,
        "Net Income": NaN,
        "Minority Interests": NaN,
        "Net Income Including Noncontrolling Interests": NaN,
        "Net Income Continuous Operations": NaN,
        "Tax Provision": NaN,
        "Pretax Income": NaN,
        "Special Income Charges": NaN,
        "Other Special Charges": NaN,
        "Impairment Of Capital Assets": NaN,
        "Other Operating Expenses": NaN,
        "Depreciation And Amortization In Income Statement": 3700000.0,
        "Amortization": 3700000.0,
        "Selling General And Administration": NaN,
        "Selling And Marketing Expense": NaN,
        "General And Administrative Expense": NaN,
        "Other Gand A": NaN,
        "Salaries And Wages": 6000000.0,
        "Total Revenue": NaN,
        "Operating Revenue": NaN,
        "Loss Adjustment Expense": NaN,
        "Net Policyholder Benefits And Claims": NaN,
        "Policyholder Benefits Gross": NaN,
        "Policyholder Benefits Ceded": NaN
    },
    "2024-03-31": {
        "Tax Effect Of Unusual Items": NaN,
        "Tax Rate For Calcs": NaN,
        "Total Unusual Items": NaN,
        "Total Unusual Items Excluding Goodwill": NaN,
        "Net Income From Continuing Operation Net Minority Interest": NaN,
        "Reconciled Depreciation": 5600000.0,
        "Interest Income": 2200000.0,
        "Normalized Income": NaN,
        "Net Income From Continuing And Discontinued Operation": NaN,
        "Total Expenses": NaN,
        "Diluted Average Shares": NaN,
        "Basic Average Shares": NaN,
        "Diluted EPS": NaN,
        "Basic EPS": NaN,
        "Diluted NI Availto Com Stockholders": NaN,
        "Net Income Common Stockholders": NaN,
        "Net Income": NaN,
        "Minority Interests": NaN,
        "Net Income Including Noncontrolling Interests": NaN,
        "Net Income Continuous Operations": NaN,
        "Tax Provision": NaN,
        "Pretax Income": NaN,
        "Special Income Charges": NaN,
        "Other Special Charges": NaN,
        "Impairment Of Capital Assets": NaN,
        "Other Operating Expenses": NaN,
        "Depreciation And Amortization In Income Statement": 3900000.0,
        "Amortization": 3900000.0,
        "Selling General And Administration": NaN,
        "Selling And Marketing Expense": NaN,
        "General And Administrative Expense": NaN,
        "Other Gand A": NaN,
        "Salaries And Wages": 2200000.0,
        "Total Revenue": NaN,
        "Operating Revenue": NaN,
        "Loss Adjustment Expense": NaN,
        "Net Policyholder Benefits And Claims": NaN,
        "Policyholder Benefits Gross": NaN,
        "Policyholder Benefits Ceded": NaN
    },
    "2024-06-30": {
        "Tax Effect Of Unusual Items": NaN,
        "Tax Rate For Calcs": NaN,
        "Total Unusual Items": NaN,
        "Total Unusual Items Excluding Goodwill": NaN,
        "Net Income From Continuing Operation Net Minority Interest": NaN,
        "Reconciled Depreciation": 4100000.0,
        "Interest Income": 2800000.0,
        "Normalized Income": NaN,
        "Net Income From Continuing And Discontinued Operation": NaN,
        "Total Expenses": NaN,
        "Diluted Average Shares": NaN,
        "Basic Average Shares": NaN,
        "Diluted EPS": NaN,
        "Basic EPS": NaN,
        "Diluted NI Availto Com Stockholders": NaN,
        "Net Income Common Stockholders": NaN,
        "Net Income": NaN,
        "Minority Interests": NaN,
        "Net Income Including Noncontrolling Interests": NaN,
        "Net Income Continuous Operations": NaN,
        "Tax Provision": NaN,
        "Pretax Income": NaN,
        "Special Income Charges": NaN,
        "Other Special Charges": NaN,
        "Impairment Of Capital Assets": NaN,
        "Other Operating Expenses": NaN,
        "Depreciation And Amortization In Income Statement": 4100000.0,
        "Amortization": 4100000.0,
        "Selling General And Administration": NaN,
        "Selling And Marketing Expense": NaN,
        "General And Administrative Expense": NaN,
        "Other Gand A": NaN,
        "Salaries And Wages": 3500000.0,
        "Total Revenue": NaN,
        "Operating Revenue": NaN,
        "Loss Adjustment Expense": NaN,
        "Net Policyholder Benefits And Claims": NaN,
        "Policyholder Benefits Gross": NaN,
        "Policyholder Benefits Ceded": NaN
    },
    "2024-09-30": {
        "Tax Effect Of Unusual Items": 0.0,
        "Tax Rate For Calcs": 0.0,
        "Total Unusual Items": 8200000.0,
        "Total Unusual Items Excluding Goodwill": 8200000.0,
        "Net Income From Continuing Operation Net Minority Interest": -8500000.0,
        "Reconciled Depreciation": 4300000.0,
        "Interest Income": 2300000.0,
        "Normalized Income": -16700000.0,
        "Net Income From Continuing And Discontinued Operation": -8500000.0,
        "Total Expenses": 100700000.0,
        "Diluted Average Shares": 25068472.0,
        "Basic Average Shares": 25068472.0,
        "Diluted EPS": -0.34,
        "Basic EPS": -0.34,
        "Diluted NI Availto Com Stockholders": -8500000.0,
        "Net Income Common Stockholders": -8500000.0,
        "Net Income": -8500000.0,
        "Minority Interests": -3300000.0,
        "Net Income Including Noncontrolling Interests": -5200000.0,
        "Net Income Continuous Operations": -5200000.0,
        "Tax Provision": 0.0,
        "Pretax Income": -5200000.0,
        "Special Income Charges": 8200000.0,
        "Other Special Charges": -8200000.0,
        "Impairment Of Capital Assets": 0.0,
        "Other Operating Expenses": 6900000.0,
        "Depreciation And Amortization In Income Statement": 4300000.0,
        "Amortization": 4300000.0,
        "Selling General And Administration": 27800000.0,
        "Selling And Marketing Expense": 12500000.0,
        "General And Administrative Expense": 15300000.0,
        "Other Gand A": 15300000.0,
        "Salaries And Wages": 3200000.0,
        "Total Revenue": 95500000.0,
        "Operating Revenue": 95500000.0,
        "Loss Adjustment Expense": 74200000.0,
        "Net Policyholder Benefits And Claims": 74200000.0,
        "Policyholder Benefits Gross": 128900000.0,
        "Policyholder Benefits Ceded": 54700000.0
    },
    "2024-12-31": {
        "Tax Effect Of Unusual Items": 196178.343949,
        "Tax Rate For Calcs": 0.004246,
        "Total Unusual Items": 46200000.0,
        "Total Unusual Items Excluding Goodwill": 46200000.0,
        "Net Income From Continuing Operation Net Minority Interest": 44200000.0,
        "Reconciled Depreciation": 5800000.0,
        "Interest Income": 2600000.0,
        "Normalized Income": -1803821.656051,
        "Net Income From Continuing And Discontinued Operation": 44200000.0,
        "Total Expenses": 54800000.0,
        "Diluted Average Shares": 25889665.0,
        "Basic Average Shares": 24865591.0,
        "Diluted EPS": 1.71,
        "Basic EPS": 1.78,
        "Diluted NI Availto Com Stockholders": 44200000.0,
        "Net Income Common Stockholders": 44200000.0,
        "Net Income": 44200000.0,
        "Minority Interests": -2700000.0,
        "Net Income Including Noncontrolling Interests": 46900000.0,
        "Net Income Continuous Operations": 46900000.0,
        "Tax Provision": 200000.0,
        "Pretax Income": 47100000.0,
        "Special Income Charges": 46200000.0,
        "Other Special Charges": -46200000.0,
        "Impairment Of Capital Assets": 0.0,
        "Other Operating Expenses": 7600000.0,
        "Depreciation And Amortization In Income Statement": NaN,
        "Amortization": NaN,
        "Selling General And Administration": 19200000.0,
        "Selling And Marketing Expense": 10900000.0,
        "General And Administrative Expense": 8300000.0,
        "Other Gand A": 17200000.0,
        "Salaries And Wages": NaN,
        "Total Revenue": 101900000.0,
        "Operating Revenue": 101900000.0,
        "Loss Adjustment Expense": 126700000.0,
        "Net Policyholder Benefits And Claims": 126700000.0,
        "Policyholder Benefits Gross": 181900000.0,
        "Policyholder Benefits Ceded": 55200000.0
    },
    "2025-03-31": {
        "Tax Effect Of Unusual Items": 0.0,
        "Tax Rate For Calcs": 0.004,
        "Total Unusual Items": 0.0,
        "Total Unusual Items Excluding Goodwill": 0.0,
        "Net Income From Continuing Operation Net Minority Interest": -47700000.0,
        "Reconciled Depreciation": NaN,
        "Interest Income": 2100000.0,
        "Normalized Income": -47700000.0,
        "Net Income From Continuing And Discontinued Operation": -47700000.0,
        "Total Expenses": 155900000.0,
        "Diluted Average Shares": 24978901.0,
        "Basic Average Shares": 24978901.0,
        "Diluted EPS": -1.91,
        "Basic EPS": -1.91,
        "Diluted NI Availto Com Stockholders": -47700000.0,
        "Net Income Common Stockholders": -47700000.0,
        "Net Income": -47700000.0,
        "Minority Interests": -2300000.0,
        "Net Income Including Noncontrolling Interests": -45400000.0,
        "Net Income Continuous Operations": -45400000.0,
        "Tax Provision": -200000.0,
        "Pretax Income": -45600000.0,
        "Special Income Charges": 0.0,
        "Other Special Charges": NaN,
        "Impairment Of Capital Assets": 0.0,
        "Other Operating Expenses": 7900000.0,
        "Depreciation And Amortization In Income Statement": NaN,
        "Amortization": NaN,
        "Selling General And Administration": 25400000.0,
        "Selling And Marketing Expense": 8900000.0,
        "General And Administrative Expense": 16500000.0,
        "Other Gand A": 16500000.0,
        "Salaries And Wages": NaN,
        "Total Revenue": 110300000.0,
        "Operating Revenue": 110300000.0,
        "Loss Adjustment Expense": 122600000.0,
        "Net Policyholder Benefits And Claims": 122600000.0,
        "Policyholder Benefits Gross": 242000000.0,
        "Policyholder Benefits Ceded": 119400000.0
    },
    "2025-06-30": {
        "Tax Effect Of Unusual Items": -30000.0,
        "Tax Rate For Calcs": 0.025,
        "Total Unusual Items": -1200000.0,
        "Total Unusual Items Excluding Goodwill": -1200000.0,
        "Net Income From Continuing Operation Net Minority Interest": 1300000.0,
        "Reconciled Depreciation": NaN,
        "Interest Income": NaN,
        "Normalized Income": 2470000.0,
        "Net Income From Continuing And Discontinued Operation": 1300000.0,
        "Total Expenses": 113300000.0,
        "Diluted Average Shares": 26023780.0,
        "Basic Average Shares": 25343457.0,
        "Diluted EPS": 0.05,
        "Basic EPS": 0.05,
        "Diluted NI Availto Com Stockholders": 1300000.0,
        "Net Income Common Stockholders": 1300000.0,
        "Net Income": 1300000.0,
        "Minority Interests": -2600000.0,
        "Net Income Including Noncontrolling Interests": 3900000.0,
        "Net Income Continuous Operations": 3900000.0,
        "Tax Provision": 100000.0,
        "Pretax Income": 4000000.0,
        "Special Income Charges": -1200000.0,
        "Other Special Charges": NaN,
        "Impairment Of Capital Assets": 1200000.0,
        "Other Operating Expenses": 8200000.0,
        "Depreciation And Amortization In Income Statement": NaN,
        "Amortization": NaN,
        "Selling General And Administration": 26600000.0,
        "Selling And Marketing Expense": 9200000.0,
        "General And Administrative Expense": 17400000.0,
        "Other Gand A": 17400000.0,
        "Salaries And Wages": NaN,
        "Total Revenue": 117300000.0,
        "Operating Revenue": 117300000.0,
        "Loss Adjustment Expense": 77300000.0,
        "Net Policyholder Benefits And Claims": 77300000.0,
        "Policyholder Benefits Gross": 120600000.0,
        "Policyholder Benefits Ceded": 43300000.0
    },
    "2025-09-30": {
        "Tax Effect Of Unusual Items": 0.0,
        "Tax Rate For Calcs": 0.0,
        "Total Unusual Items": 91200000.0,
        "Total Unusual Items Excluding Goodwill": 91200000.0,
        "Net Income From Continuing Operation Net Minority Interest": 98100000.0,
        "Reconciled Depreciation": NaN,
        "Interest Income": NaN,
        "Normalized Income": 6900000.0,
        "Net Income From Continuing And Discontinued Operation": 98100000.0,
        "Total Expenses": 22500000.0,
        "Diluted Average Shares": 26025069.0,
        "Basic Average Shares": 25183389.0,
        "Diluted EPS": 3.77,
        "Basic EPS": 3.9,
        "Diluted NI Availto Com Stockholders": 98100000.0,
        "Net Income Common Stockholders": 98100000.0,
        "Net Income": 98100000.0,
        "Minority Interests": 0.0,
        "Net Income Including Noncontrolling Interests": 98100000.0,
        "Net Income Continuous Operations": 98100000.0,
        "Tax Provision": 0.0,
        "Pretax Income": 98100000.0,
        "Special Income Charges": 91200000.0,
        "Other Special Charges": -95000000.0,
        "Impairment Of Capital Assets": 3800000.0,
        "Other Operating Expenses": 8800000.0,
        "Depreciation And Amortization In Income Statement": NaN,
        "Amortization": NaN,
        "Selling General And Administration": 24500000.0,
        "Selling And Marketing Expense": 8000000.0,
        "General And Administrative Expense": 16500000.0,
        "Other Gand A": 16500000.0,
        "Salaries And Wages": NaN,
        "Total Revenue": 120600000.0,
        "Operating Revenue": 120600000.0,
        "Loss Adjustment Expense": 80400000.0,
        "Net Policyholder Benefits And Claims": 80400000.0,
        "Policyholder Benefits Gross": 133500000.0,
        "Policyholder Benefits Ceded": 53100000.0
    }
}