{
    "2022-12-31": {
        "Tax Effect Of Unusual Items": NaN,
        "Tax Rate For Calcs": NaN,
        "Normalized EBITDA": NaN,
        "Total Unusual Items": NaN,
        "Total Unusual Items Excluding Goodwill": NaN,
        "Net Income From Continuing Operation Net Minority Interest": NaN,
        "Reconciled Depreciation": NaN,
        "Reconciled Cost Of Revenue": NaN,
        "EBITDA": NaN,
        "EBIT": NaN,
        "Net Interest Income": NaN,
        "Interest Expense": NaN,
        "Normalized Income": NaN,
        "Net Income From Continuing And Discontinued Operation": NaN,
        "Total Expenses": NaN,
        "Diluted Average Shares": 82704522.0,
        "Basic Average Shares": 82704522.0,
        "Diluted EPS": -1.13,
        "Basic EPS": -1.13,
        "Diluted NI Availto Com Stockholders": NaN,
        "Net Income Common Stockholders": NaN,
        "Net Income": NaN,
        "Net Income Including Noncontrolling Interests": NaN,
        "Net Income Continuous Operations": NaN,
        "Tax Provision": NaN,
        "Pretax Income": NaN,
        "Other Income Expense": NaN,
        "Other Non Operating Income Expenses": NaN,
        "Special Income Charges": NaN,
        "Gain On Sale Of Ppe": NaN,
        "Gain On Sale Of Business": 0.0,
        "Write Off": NaN,
        "Impairment Of Capital Assets": NaN,
        "Gain On Sale Of Security": NaN,
        "Net Non Operating Interest Income Expense": NaN,
        "Interest Expense Non Operating": NaN,
        "Operating Income": NaN,
        "Operating Expense": NaN,
        "Other Operating Expenses": 5997000.0,
        "Selling General And Administration": NaN,
        "Selling And Marketing Expense": NaN,
        "General And Administrative Expense": NaN,
        "Other Gand A": NaN,
        "Salaries And Wages": NaN,
        "Gross Profit": NaN,
        "Cost Of Revenue": NaN,
        "Total Revenue": NaN,
        "Operating Revenue": NaN
    },
    "2022-09-30": {
        "Tax Effect Of Unusual Items": NaN,
        "Tax Rate For Calcs": NaN,
        "Normalized EBITDA": NaN,
        "Total Unusual Items": NaN,
        "Total Unusual Items Excluding Goodwill": NaN,
        "Net Income From Continuing Operation Net Minority Interest": NaN,
        "Reconciled Depreciation": NaN,
        "Reconciled Cost Of Revenue": NaN,
        "EBITDA": NaN,
        "EBIT": NaN,
        "Net Interest Income": NaN,
        "Interest Expense": NaN,
        "Normalized Income": NaN,
        "Net Income From Continuing And Discontinued Operation": NaN,
        "Total Expenses": NaN,
        "Diluted Average Shares": 82253061.0,
        "Basic Average Shares": 82253061.0,
        "Diluted EPS": -0.41,
        "Basic EPS": -0.41,
        "Diluted NI Availto Com Stockholders": NaN,
        "Net Income Common Stockholders": NaN,
        "Net Income": NaN,
        "Net Income Including Noncontrolling Interests": NaN,
        "Net Income Continuous Operations": NaN,
        "Tax Provision": NaN,
        "Pretax Income": NaN,
        "Other Income Expense": NaN,
        "Other Non Operating Income Expenses": NaN,
        "Special Income Charges": NaN,
        "Gain On Sale Of Ppe": NaN,
        "Gain On Sale Of Business": 0.0,
        "Write Off": NaN,
        "Impairment Of Capital Assets": NaN,
        "Restructuring And Mergern Acquisition": 0.0,
        "Gain On Sale Of Security": NaN,
        "Net Non Operating Interest Income Expense": NaN,
        "Interest Expense Non Operating": NaN,
        "Operating Income": NaN,
        "Operating Expense": NaN,
        "Other Operating Expenses": NaN,
        "Selling General And Administration": NaN,
        "Selling And Marketing Expense": NaN,
        "General And Administrative Expense": NaN,
        "Other Gand A": NaN,
        "Salaries And Wages": NaN,
        "Gross Profit": NaN,
        "Cost Of Revenue": NaN,
        "Total Revenue": NaN,
        "Operating Revenue": NaN
    },
    "2022-06-30": {
        "Tax Effect Of Unusual Items": 0.0,
        "Tax Rate For Calcs": 0.0,
        "Normalized EBITDA": -49539896.0,
        "Total Unusual Items": -18982954.0,
        "Total Unusual Items Excluding Goodwill": -18982954.0,
        "Net Income From Continuing Operation Net Minority Interest": -95264545.0,
        "Reconciled Depreciation": 25752181.0,
        "Reconciled Cost Of Revenue": 43279154.0,
        "EBITDA": -68522850.0,
        "EBIT": -94275031.0,
        "Net Interest Income": -989514.0,
        "Interest Expense": 989514.0,
        "Normalized Income": -76281591.0,
        "Net Income From Continuing And Discontinued Operation": -95264545.0,
        "Total Expenses": 47232610.0,
        "Diluted Average Shares": 82241988.0,
        "Basic Average Shares": 82241988.0,
        "Diluted EPS": -1.41,
        "Basic EPS": -1.41,
        "Diluted NI Availto Com Stockholders": -95264545.0,
        "Net Income Common Stockholders": -95264545.0,
        "Net Income": -95264545.0,
        "Net Income Including Noncontrolling Interests": -95264545.0,
        "Net Income Continuous Operations": -95264545.0,
        "Tax Provision": NaN,
        "Pretax Income": -95264545.0,
        "Other Income Expense": -18982954.0,
        "Other Non Operating Income Expenses": NaN,
        "Special Income Charges": -11014558.0,
        "Gain On Sale Of Ppe": NaN,
        "Gain On Sale Of Business": 0.0,
        "Write Off": 4678000.0,
        "Impairment Of Capital Assets": 6336558.0,
        "Restructuring And Mergern Acquisition": 0.0,
        "Gain On Sale Of Security": -7968396.0,
        "Net Non Operating Interest Income Expense": -989514.0,
        "Interest Expense Non Operating": 989514.0,
        "Operating Income": -75292077.0,
        "Operating Expense": 3953456.0,
        "Other Operating Expenses": NaN,
        "Selling General And Administration": 3953456.0,
        "Selling And Marketing Expense": 198471.0,
        "General And Administrative Expense": 3754985.0,
        "Other Gand A": 2801623.0,
        "Salaries And Wages": 953362.0,
        "Gross Profit": -71338621.0,
        "Cost Of Revenue": 43279154.0,
        "Total Revenue": -28059467.0,
        "Operating Revenue": -28059467.0
    },
    "2023-03-31": {
        "Tax Effect Of Unusual Items": NaN,
        "Tax Rate For Calcs": NaN,
        "Normalized EBITDA": NaN,
        "Total Unusual Items": NaN,
        "Total Unusual Items Excluding Goodwill": NaN,
        "Net Income From Continuing Operation Net Minority Interest": NaN,
        "Reconciled Depreciation": NaN,
        "Reconciled Cost Of Revenue": NaN,
        "EBITDA": NaN,
        "EBIT": NaN,
        "Net Interest Income": NaN,
        "Interest Expense": NaN,
        "Normalized Income": NaN,
        "Net Income From Continuing And Discontinued Operation": NaN,
        "Total Expenses": NaN,
        "Diluted Average Shares": NaN,
        "Basic Average Shares": NaN,
        "Diluted EPS": NaN,
        "Basic EPS": NaN,
        "Diluted NI Availto Com Stockholders": NaN,
        "Net Income Common Stockholders": NaN,
        "Net Income": NaN,
        "Net Income Including Noncontrolling Interests": NaN,
        "Net Income Continuous Operations": NaN,
        "Tax Provision": NaN,
        "Pretax Income": NaN,
        "Other Income Expense": NaN,
        "Other Non Operating Income Expenses": NaN,
        "Special Income Charges": NaN,
        "Gain On Sale Of Ppe": NaN,
        "Gain On Sale Of Business": 0.0,
        "Write Off": 0.0,
        "Impairment Of Capital Assets": -1007154.0,
        "Gain On Sale Of Security": NaN,
        "Net Non Operating Interest Income Expense": NaN,
        "Interest Expense Non Operating": NaN,
        "Operating Income": NaN,
        "Operating Expense": NaN,
        "Other Operating Expenses": -7861554.0,
        "Provision For Doubtful Accounts": NaN,
        "Selling General And Administration": NaN,
        "Selling And Marketing Expense": NaN,
        "General And Administrative Expense": NaN,
        "Other Gand A": NaN,
        "Salaries And Wages": NaN,
        "Gross Profit": NaN,
        "Cost Of Revenue": NaN,
        "Total Revenue": NaN,
        "Operating Revenue": NaN
    },
    "2022-03-31": {
        "Diluted EPS": -0.47,
        "Total Revenue": 50,
        "Gross Profit": 23,
        "Operating Income": -17,
        "EBIT": 18,
        "Net Income": -34
    },
    "2021-12-31": {
        "Diluted EPS": 0.62,
        "Total Revenue": 69,
        "Gross Profit": 62,
        "Operating Income": 42,
        "EBIT": 57,
        "Net Income": 51
    },
    "2021-09-30": {
        "Diluted EPS": 0.49,
        "Total Revenue": 54,
        "Gross Profit": 46,
        "Operating Income": 35,
        "EBIT": 44,
        "Net Income": 39
    },
    "2021-06-30": {
        "Diluted EPS": 0.3,
        "Total Revenue": 39,
        "Gross Profit": 33,
        "Operating Income": 20,
        "EBIT": 27,
        "Net Income": 23
    },
    "2021-03-31": {
        "Diluted EPS": -0.07,
        "Total Revenue": 34,
        "Gross Profit": 29,
        "Operating Income": 27,
        "EBIT": 32,
        "Net Income": -4
    },
    "2020-12-31": {
        "Diluted EPS": 0.25,
        "Total Revenue": 14,
        "Gross Profit": 11,
        "Operating Income": 15,
        "EBIT": 18,
        "Net Income": 17
    },
    "2020-09-30": {
        "Diluted EPS": 0.15,
        "Total Revenue": 13,
        "Gross Profit": 9,
        "Operating Income": 10,
        "EBIT": 11,
        "Net Income": 9
    },
    "2020-06-30": {
        "Diluted EPS": 0.0,
        "Total Revenue": 7,
        "Gross Profit": 3,
        "Operating Income": 2,
        "EBIT": 3,
        "Net Income": 2
    },
    "2020-03-31": {
        "Diluted EPS": 0.0,
        "Total Revenue": 4,
        "Gross Profit": 3,
        "Operating Income": 2,
        "EBIT": 4,
        "Net Income": 1
    },
    "2019-12-31": {
        "Diluted EPS": 0.05,
        "Total Revenue": 5,
        "Gross Profit": 4,
        "Operating Income": 1,
        "EBIT": 2,
        "Net Income": 3
    },
    "2019-09-30": {
        "Diluted EPS": -0.2,
        "Total Revenue": 11,
        "Gross Profit": -2,
        "Operating Income": -10,
        "EBIT": -9,
        "Net Income": -12
    },
    "2019-06-30": {
        "Diluted EPS": 0.1,
        "Total Revenue": 9,
        "Gross Profit": 4,
        "Operating Income": 4,
        "EBIT": 6,
        "Net Income": 6
    },
    "2019-03-31": {
        "Diluted EPS": 0.0,
        "Total Revenue": NaN,
        "Gross Profit": NaN,
        "Operating Income": NaN,
        "EBIT": NaN,
        "Net Income": NaN
    },
    "2018-12-31": {
        "Diluted EPS": -0.6,
        "Total Revenue": 8,
        "Gross Profit": -2,
        "Operating Income": -20,
        "EBIT": -20,
        "Net Income": -36
    },
    "2018-03-31": {
        "Diluted EPS": 0.0,
        "Total Revenue": NaN,
        "Gross Profit": NaN,
        "Operating Income": NaN,
        "EBIT": NaN,
        "Net Income": NaN
    },
    "2023-06-30": {
        "Tax Effect Of Unusual Items": NaN,
        "Tax Rate For Calcs": NaN,
        "Normalized EBITDA": NaN,
        "Total Unusual Items": NaN,
        "Total Unusual Items Excluding Goodwill": NaN,
        "Net Income From Continuing Operation Net Minority Interest": NaN,
        "Reconciled Depreciation": NaN,
        "Reconciled Cost Of Revenue": NaN,
        "EBITDA": NaN,
        "EBIT": NaN,
        "Net Interest Income": NaN,
        "Interest Expense": NaN,
        "Normalized Income": NaN,
        "Net Income From Continuing And Discontinued Operation": NaN,
        "Total Expenses": NaN,
        "Diluted Average Shares": NaN,
        "Basic Average Shares": NaN,
        "Diluted EPS": NaN,
        "Basic EPS": NaN,
        "Diluted NI Availto Com Stockholders": NaN,
        "Net Income Common Stockholders": NaN,
        "Net Income": NaN,
        "Net Income Including Noncontrolling Interests": NaN,
        "Net Income Continuous Operations": NaN,
        "Tax Provision": NaN,
        "Pretax Income": NaN,
        "Other Income Expense": NaN,
        "Other Non Operating Income Expenses": NaN,
        "Special Income Charges": NaN,
        "Gain On Sale Of Ppe": NaN,
        "Write Off": 0.0,
        "Impairment Of Capital Assets": 0.0,
        "Gain On Sale Of Security": NaN,
        "Net Non Operating Interest Income Expense": NaN,
        "Interest Expense Non Operating": NaN,
        "Operating Income": NaN,
        "Operating Expense": NaN,
        "Other Operating Expenses": NaN,
        "Provision For Doubtful Accounts": NaN,
        "Selling General And Administration": NaN,
        "Selling And Marketing Expense": NaN,
        "General And Administrative Expense": NaN,
        "Other Gand A": NaN,
        "Salaries And Wages": NaN,
        "Gross Profit": NaN,
        "Cost Of Revenue": NaN,
        "Total Revenue": NaN,
        "Operating Revenue": NaN
    },
    "2023-09-30": {
        "Tax Effect Of Unusual Items": NaN,
        "Tax Rate For Calcs": NaN,
        "Normalized EBITDA": NaN,
        "Total Unusual Items": NaN,
        "Total Unusual Items Excluding Goodwill": NaN,
        "Net Income From Continuing Operation Net Minority Interest": NaN,
        "Reconciled Depreciation": NaN,
        "Reconciled Cost Of Revenue": NaN,
        "EBITDA": NaN,
        "EBIT": NaN,
        "Net Interest Income": NaN,
        "Interest Expense": NaN,
        "Normalized Income": NaN,
        "Net Income From Continuing And Discontinued Operation": NaN,
        "Total Expenses": NaN,
        "Diluted Average Shares": 85052418.0,
        "Basic Average Shares": 85052418.0,
        "Diluted EPS": -0.29,
        "Basic EPS": -0.29,
        "Diluted NI Availto Com Stockholders": NaN,
        "Net Income Common Stockholders": NaN,
        "Net Income": NaN,
        "Net Income Including Noncontrolling Interests": NaN,
        "Net Income Continuous Operations": NaN,
        "Tax Provision": NaN,
        "Pretax Income": NaN,
        "Other Income Expense": NaN,
        "Other Non Operating Income Expenses": NaN,
        "Special Income Charges": NaN,
        "Gain On Sale Of Ppe": NaN,
        "Write Off": 0.0,
        "Impairment Of Capital Assets": 0.0,
        "Gain On Sale Of Security": NaN,
        "Net Non Operating Interest Income Expense": NaN,
        "Interest Expense Non Operating": NaN,
        "Operating Income": NaN,
        "Operating Expense": NaN,
        "Other Operating Expenses": NaN,
        "Provision For Doubtful Accounts": NaN,
        "Selling General And Administration": NaN,
        "Selling And Marketing Expense": NaN,
        "General And Administrative Expense": NaN,
        "Other Gand A": NaN,
        "Salaries And Wages": NaN,
        "Gross Profit": NaN,
        "Cost Of Revenue": NaN,
        "Total Revenue": NaN,
        "Operating Revenue": NaN
    },
    "2023-12-31": {
        "Tax Effect Of Unusual Items": NaN,
        "Tax Rate For Calcs": NaN,
        "Normalized EBITDA": NaN,
        "Total Unusual Items": NaN,
        "Total Unusual Items Excluding Goodwill": NaN,
        "Net Income From Continuing Operation Net Minority Interest": NaN,
        "Reconciled Depreciation": NaN,
        "Reconciled Cost Of Revenue": NaN,
        "EBITDA": NaN,
        "EBIT": NaN,
        "Net Interest Income": NaN,
        "Interest Expense": NaN,
        "Normalized Income": NaN,
        "Net Income From Continuing And Discontinued Operation": NaN,
        "Total Expenses": NaN,
        "Diluted Average Shares": 88252813.0,
        "Basic Average Shares": 88252813.0,
        "Diluted EPS": -0.08,
        "Basic EPS": -0.08,
        "Diluted NI Availto Com Stockholders": NaN,
        "Net Income Common Stockholders": NaN,
        "Net Income": NaN,
        "Net Income Including Noncontrolling Interests": NaN,
        "Net Income Continuous Operations": NaN,
        "Tax Provision": NaN,
        "Pretax Income": NaN,
        "Other Income Expense": NaN,
        "Other Non Operating Income Expenses": NaN,
        "Special Income Charges": NaN,
        "Gain On Sale Of Ppe": NaN,
        "Write Off": 0.0,
        "Impairment Of Capital Assets": 0.0,
        "Gain On Sale Of Security": NaN,
        "Net Non Operating Interest Income Expense": NaN,
        "Interest Expense Non Operating": NaN,
        "Operating Income": NaN,
        "Operating Expense": NaN,
        "Other Operating Expenses": -422000.0,
        "Provision For Doubtful Accounts": NaN,
        "Selling General And Administration": NaN,
        "Selling And Marketing Expense": NaN,
        "General And Administrative Expense": NaN,
        "Other Gand A": NaN,
        "Salaries And Wages": NaN,
        "Gross Profit": NaN,
        "Cost Of Revenue": NaN,
        "Total Revenue": NaN,
        "Operating Revenue": NaN
    },
    "2024-03-31": {
        "Tax Effect Of Unusual Items": NaN,
        "Tax Rate For Calcs": NaN,
        "Normalized EBITDA": NaN,
        "Total Unusual Items": NaN,
        "Total Unusual Items Excluding Goodwill": NaN,
        "Net Income From Continuing Operation Net Minority Interest": NaN,
        "Reconciled Depreciation": NaN,
        "Reconciled Cost Of Revenue": NaN,
        "EBITDA": NaN,
        "EBIT": NaN,
        "Net Interest Income": NaN,
        "Interest Expense": NaN,
        "Normalized Income": NaN,
        "Net Income From Continuing And Discontinued Operation": NaN,
        "Total Expenses": NaN,
        "Diluted Average Shares": NaN,
        "Basic Average Shares": NaN,
        "Diluted EPS": NaN,
        "Basic EPS": NaN,
        "Diluted NI Availto Com Stockholders": NaN,
        "Net Income Common Stockholders": NaN,
        "Net Income": NaN,
        "Net Income Including Noncontrolling Interests": NaN,
        "Net Income Continuous Operations": NaN,
        "Tax Provision": NaN,
        "Pretax Income": NaN,
        "Other Income Expense": NaN,
        "Other Non Operating Income Expenses": NaN,
        "Special Income Charges": NaN,
        "Gain On Sale Of Ppe": NaN,
        "Write Off": 0.0,
        "Impairment Of Capital Assets": 0.0,
        "Gain On Sale Of Security": NaN,
        "Net Non Operating Interest Income Expense": NaN,
        "Interest Expense Non Operating": NaN,
        "Operating Income": NaN,
        "Operating Expense": NaN,
        "Other Operating Expenses": 1846000.0,
        "Provision For Doubtful Accounts": NaN,
        "Selling General And Administration": NaN,
        "Selling And Marketing Expense": NaN,
        "General And Administrative Expense": NaN,
        "Other Gand A": NaN,
        "Salaries And Wages": NaN,
        "Gross Profit": NaN,
        "Cost Of Revenue": NaN,
        "Total Revenue": NaN,
        "Operating Revenue": NaN
    },
    "2024-06-30": {
        "Tax Effect Of Unusual Items": NaN,
        "Tax Rate For Calcs": NaN,
        "Normalized EBITDA": NaN,
        "Total Unusual Items": NaN,
        "Total Unusual Items Excluding Goodwill": NaN,
        "Net Income From Continuing Operation Net Minority Interest": NaN,
        "Reconciled Depreciation": NaN,
        "Reconciled Cost Of Revenue": NaN,
        "EBITDA": NaN,
        "EBIT": NaN,
        "Net Interest Income": NaN,
        "Interest Expense": NaN,
        "Normalized Income": NaN,
        "Net Income From Continuing And Discontinued Operation": NaN,
        "Total Expenses": NaN,
        "Diluted Average Shares": 110691493.0,
        "Basic Average Shares": 110691493.0,
        "Diluted EPS": -0.17,
        "Basic EPS": -0.17,
        "Diluted NI Availto Com Stockholders": NaN,
        "Net Income Common Stockholders": NaN,
        "Net Income": NaN,
        "Net Income Including Noncontrolling Interests": NaN,
        "Net Income Continuous Operations": NaN,
        "Tax Provision": NaN,
        "Pretax Income": NaN,
        "Other Income Expense": NaN,
        "Other Non Operating Income Expenses": NaN,
        "Special Income Charges": NaN,
        "Gain On Sale Of Ppe": NaN,
        "Gain On Sale Of Security": NaN,
        "Net Non Operating Interest Income Expense": NaN,
        "Interest Expense Non Operating": NaN,
        "Operating Income": NaN,
        "Operating Expense": NaN,
        "Other Operating Expenses": 21942000.0,
        "Provision For Doubtful Accounts": NaN,
        "Selling General And Administration": NaN,
        "Selling And Marketing Expense": NaN,
        "General And Administrative Expense": NaN,
        "Other Gand A": NaN,
        "Salaries And Wages": NaN,
        "Gross Profit": NaN,
        "Cost Of Revenue": NaN,
        "Total Revenue": NaN,
        "Operating Revenue": NaN
    },
    "2024-09-30": {
        "Tax Effect Of Unusual Items": 3078750.0,
        "Tax Rate For Calcs": 0.15,
        "Normalized EBITDA": -4118000.0,
        "Total Unusual Items": 20525000.0,
        "Total Unusual Items Excluding Goodwill": 20525000.0,
        "Net Income From Continuing Operation Net Minority Interest": 80000.0,
        "Reconciled Depreciation": 15379000.0,
        "Reconciled Cost Of Revenue": 37627000.0,
        "EBITDA": 16407000.0,
        "EBIT": 1028000.0,
        "Net Interest Income": -630000.0,
        "Interest Expense": 630000.0,
        "Normalized Income": -17366250.0,
        "Net Income From Continuing And Discontinued Operation": 80000.0,
        "Total Expenses": 42276000.0,
        "Diluted Average Shares": 118593637.0,
        "Basic Average Shares": 118593637.0,
        "Diluted EPS": 0.0,
        "Basic EPS": 0.0,
        "Diluted NI Availto Com Stockholders": 80000.0,
        "Net Income Common Stockholders": 80000.0,
        "Net Income": 80000.0,
        "Net Income Including Noncontrolling Interests": 80000.0,
        "Net Income Continuous Operations": 80000.0,
        "Tax Provision": 318000.0,
        "Pretax Income": 398000.0,
        "Other Income Expense": 20656000.0,
        "Other Non Operating Income Expenses": 131000.0,
        "Special Income Charges": 5190000.0,
        "Gain On Sale Of Ppe": 5190000.0,
        "Gain On Sale Of Security": 15335000.0,
        "Net Non Operating Interest Income Expense": -630000.0,
        "Interest Expense Non Operating": 630000.0,
        "Operating Income": -19628000.0,
        "Operating Expense": 4649000.0,
        "Other Operating Expenses": NaN,
        "Provision For Doubtful Accounts": -966000.0,
        "Selling General And Administration": 5615000.0,
        "Selling And Marketing Expense": 563000.0,
        "General And Administrative Expense": 5052000.0,
        "Other Gand A": 2057000.0,
        "Salaries And Wages": 2995000.0,
        "Gross Profit": -14979000.0,
        "Cost Of Revenue": 37627000.0,
        "Total Revenue": 22648000.0,
        "Operating Revenue": 22648000.0
    },
    "2024-12-31": {
        "Tax Effect Of Unusual Items": 2001979.856115,
        "Tax Rate For Calcs": 0.088489,
        "Normalized EBITDA": -438000.0,
        "Total Unusual Items": 22624000.0,
        "Total Unusual Items Excluding Goodwill": 22624000.0,
        "Net Income From Continuing Operation Net Minority Interest": 1267000.0,
        "Reconciled Depreciation": 20274000.0,
        "Reconciled Cost Of Revenue": 41973000.0,
        "EBITDA": 22186000.0,
        "EBIT": 1912000.0,
        "Net Interest Income": -522000.0,
        "Interest Expense": 522000.0,
        "Normalized Income": -19355020.143885,
        "Net Income From Continuing And Discontinued Operation": 1267000.0,
        "Total Expenses": 50063000.0,
        "Diluted Average Shares": 131525323.0,
        "Basic Average Shares": 128602843.0,
        "Diluted EPS": 0.01,
        "Basic EPS": 0.01,
        "Diluted NI Availto Com Stockholders": 1267000.0,
        "Net Income Common Stockholders": 1267000.0,
        "Net Income": 1267000.0,
        "Net Income Including Noncontrolling Interests": 1267000.0,
        "Net Income Continuous Operations": 1267000.0,
        "Tax Provision": 123000.0,
        "Pretax Income": 1390000.0,
        "Other Income Expense": 22746000.0,
        "Other Non Operating Income Expenses": 122000.0,
        "Special Income Charges": 6924000.0,
        "Gain On Sale Of Ppe": 6924000.0,
        "Gain On Sale Of Security": 15700000.0,
        "Net Non Operating Interest Income Expense": -522000.0,
        "Interest Expense Non Operating": 522000.0,
        "Operating Income": -20834000.0,
        "Operating Expense": 8090000.0,
        "Other Operating Expenses": NaN,
        "Provision For Doubtful Accounts": 0.0,
        "Selling General And Administration": 8090000.0,
        "Selling And Marketing Expense": 519000.0,
        "General And Administrative Expense": 7571000.0,
        "Other Gand A": 3278000.0,
        "Salaries And Wages": 4293000.0,
        "Gross Profit": -12744000.0,
        "Cost Of Revenue": 41973000.0,
        "Total Revenue": 29229000.0,
        "Operating Revenue": 29229000.0
    },
    "2025-03-31": {
        "Tax Effect Of Unusual Items": 3412350.0,
        "Tax Rate For Calcs": 0.15,
        "Normalized EBITDA": -3440000.0,
        "Total Unusual Items": 22749000.0,
        "Total Unusual Items Excluding Goodwill": 22749000.0,
        "Net Income From Continuing Operation Net Minority Interest": 142000.0,
        "Reconciled Depreciation": 15743000.0,
        "Reconciled Cost Of Revenue": 40412000.0,
        "EBITDA": 19309000.0,
        "EBIT": 3566000.0,
        "Net Interest Income": -265000.0,
        "Interest Expense": 265000.0,
        "Normalized Income": -19194650.0,
        "Net Income From Continuing And Discontinued Operation": 142000.0,
        "Total Expenses": 50311000.0,
        "Diluted Average Shares": NaN,
        "Basic Average Shares": NaN,
        "Diluted EPS": NaN,
        "Basic EPS": NaN,
        "Diluted NI Availto Com Stockholders": 142000.0,
        "Net Income Common Stockholders": 142000.0,
        "Net Income": 142000.0,
        "Net Income Including Noncontrolling Interests": 142000.0,
        "Net Income Continuous Operations": 142000.0,
        "Tax Provision": 3159000.0,
        "Pretax Income": 3301000.0,
        "Other Income Expense": 22716000.0,
        "Other Non Operating Income Expenses": -33000.0,
        "Special Income Charges": 35734000.0,
        "Gain On Sale Of Ppe": 35734000.0,
        "Gain On Sale Of Security": -12985000.0,
        "Net Non Operating Interest Income Expense": -265000.0,
        "Interest Expense Non Operating": 265000.0,
        "Operating Income": -19150000.0,
        "Operating Expense": 9899000.0,
        "Other Operating Expenses": NaN,
        "Provision For Doubtful Accounts": 0.0,
        "Selling General And Administration": 9899000.0,
        "Selling And Marketing Expense": 692000.0,
        "General And Administrative Expense": 9207000.0,
        "Other Gand A": 3526000.0,
        "Salaries And Wages": 5681000.0,
        "Gross Profit": -9251000.0,
        "Cost Of Revenue": 40412000.0,
        "Total Revenue": 31161000.0,
        "Operating Revenue": 31161000.0
    },
    "2025-06-30": {
        "Tax Effect Of Unusual Items": 523931.249124,
        "Tax Rate For Calcs": 0.018197,
        "Normalized EBITDA": 29172000.0,
        "Total Unusual Items": 28792000.0,
        "Total Unusual Items Excluding Goodwill": 28792000.0,
        "Net Income From Continuing Operation Net Minority Interest": 35016000.0,
        "Reconciled Depreciation": 22011000.0,
        "Reconciled Cost Of Revenue": 51803000.0,
        "EBITDA": 57964000.0,
        "EBIT": 35953000.0,
        "Net Interest Income": -288000.0,
        "Interest Expense": 288000.0,
        "Normalized Income": 6747931.249124,
        "Net Income From Continuing And Discontinued Operation": 35016000.0,
        "Total Expenses": 38775000.0,
        "Diluted Average Shares": 192827179.0,
        "Basic Average Shares": 182007767.0,
        "Diluted EPS": 0.18,
        "Basic EPS": 0.19,
        "Diluted NI Availto Com Stockholders": 35016000.0,
        "Net Income Common Stockholders": 35016000.0,
        "Net Income": 35016000.0,
        "Net Income Including Noncontrolling Interests": 35016000.0,
        "Net Income Continuous Operations": 35016000.0,
        "Tax Provision": 649000.0,
        "Pretax Income": 35665000.0,
        "Other Income Expense": 29117000.0,
        "Other Non Operating Income Expenses": 325000.0,
        "Special Income Charges": 1312000.0,
        "Gain On Sale Of Ppe": 1312000.0,
        "Gain On Sale Of Security": 27480000.0,
        "Net Non Operating Interest Income Expense": -288000.0,
        "Interest Expense Non Operating": 288000.0,
        "Operating Income": 6836000.0,
        "Operating Expense": -13028000.0,
        "Other Operating Expenses": -23161000.0,
        "Provision For Doubtful Accounts": -1367000.0,
        "Selling General And Administration": 11500000.0,
        "Selling And Marketing Expense": 514000.0,
        "General And Administrative Expense": 10986000.0,
        "Other Gand A": 3721000.0,
        "Salaries And Wages": 7265000.0,
        "Gross Profit": -6192000.0,
        "Cost Of Revenue": 51803000.0,
        "Total Revenue": 45611000.0,
        "Operating Revenue": 45611000.0
    },
    "2025-09-30": {
        "Tax Effect Of Unusual Items": -801600.0,
        "Tax Rate For Calcs": 0.15,
        "Normalized EBITDA": 29186000.0,
        "Total Unusual Items": -5344000.0,
        "Total Unusual Items Excluding Goodwill": -5344000.0,
        "Net Income From Continuing Operation Net Minority Interest": -15797000.0,
        "Reconciled Depreciation": 38292000.0,
        "Reconciled Cost Of Revenue": 83141000.0,
        "EBITDA": 23842000.0,
        "EBIT": -14450000.0,
        "Net Interest Income": -328000.0,
        "Interest Expense": 328000.0,
        "Normalized Income": -11254600.0,
        "Net Income From Continuing And Discontinued Operation": -15797000.0,
        "Total Expenses": 96413000.0,
        "Diluted Average Shares": 228137757.0,
        "Basic Average Shares": 228137757.0,
        "Diluted EPS": -0.07,
        "Basic EPS": -0.07,
        "Diluted NI Availto Com Stockholders": -15797000.0,
        "Net Income Common Stockholders": -15797000.0,
        "Net Income": -15797000.0,
        "Net Income Including Noncontrolling Interests": -15797000.0,
        "Net Income Continuous Operations": -15797000.0,
        "Tax Provision": 1019000.0,
        "Pretax Income": -14778000.0,
        "Other Income Expense": -5290000.0,
        "Other Non Operating Income Expenses": 54000.0,
        "Special Income Charges": 48000.0,
        "Gain On Sale Of Ppe": 48000.0,
        "Gain On Sale Of Security": -5392000.0,
        "Net Non Operating Interest Income Expense": -328000.0,
        "Interest Expense Non Operating": 328000.0,
        "Operating Income": -9160000.0,
        "Operating Expense": 13272000.0,
        "Other Operating Expenses": NaN,
        "Provision For Doubtful Accounts": 0.0,
        "Selling General And Administration": 13272000.0,
        "Selling And Marketing Expense": 567000.0,
        "General And Administrative Expense": 12705000.0,
        "Other Gand A": 4752000.0,
        "Salaries And Wages": 7953000.0,
        "Gross Profit": 4112000.0,
        "Cost Of Revenue": 83141000.0,
        "Total Revenue": 87253000.0,
        "Operating Revenue": 87253000.0
    }
}