{
    "2023-06-30": {
        "Tax Effect Of Unusual Items": NaN,
        "Tax Rate For Calcs": NaN,
        "Normalized EBITDA": NaN,
        "Total Unusual Items": NaN,
        "Total Unusual Items Excluding Goodwill": NaN,
        "Net Income From Continuing Operation Net Minority Interest": NaN,
        "Reconciled Depreciation": NaN,
        "Reconciled Cost Of Revenue": NaN,
        "EBITDA": NaN,
        "EBIT": NaN,
        "Normalized Income": NaN,
        "Net Income From Continuing And Discontinued Operation": NaN,
        "Total Expenses": NaN,
        "Rent Expense Supplemental": NaN,
        "Total Operating Income As Reported": NaN,
        "Diluted Average Shares": NaN,
        "Basic Average Shares": NaN,
        "Diluted EPS": NaN,
        "Basic EPS": NaN,
        "Diluted NI Availto Com Stockholders": NaN,
        "Net Income Common Stockholders": NaN,
        "Net Income": NaN,
        "Net Income Including Noncontrolling Interests": NaN,
        "Net Income Continuous Operations": NaN,
        "Tax Provision": NaN,
        "Pretax Income": NaN,
        "Other Income Expense": NaN,
        "Other Non Operating Income Expenses": NaN,
        "Special Income Charges": NaN,
        "Restructuring And Mergern Acquisition": NaN,
        "Operating Income": NaN,
        "Operating Expense": NaN,
        "Other Operating Expenses": NaN,
        "Depreciation Amortization Depletion Income Statement": NaN,
        "Depreciation And Amortization In Income Statement": NaN,
        "Amortization": 3355000.0,
        "Amortization Of Intangibles Income Statement": 3355000.0,
        "Depreciation Income Statement": 3177000.0,
        "Selling General And Administration": NaN,
        "General And Administrative Expense": NaN,
        "Other Gand A": NaN,
        "Rent And Landing Fees": NaN,
        "Gross Profit": NaN,
        "Cost Of Revenue": NaN,
        "Total Revenue": NaN,
        "Operating Revenue": NaN
    },
    "2023-03-31": {
        "Tax Effect Of Unusual Items": NaN,
        "Tax Rate For Calcs": NaN,
        "Normalized EBITDA": NaN,
        "Total Unusual Items": NaN,
        "Total Unusual Items Excluding Goodwill": NaN,
        "Net Income From Continuing Operation Net Minority Interest": NaN,
        "Reconciled Depreciation": NaN,
        "Reconciled Cost Of Revenue": NaN,
        "EBITDA": NaN,
        "EBIT": NaN,
        "Normalized Income": NaN,
        "Net Income From Continuing And Discontinued Operation": NaN,
        "Total Expenses": NaN,
        "Rent Expense Supplemental": NaN,
        "Total Operating Income As Reported": NaN,
        "Diluted Average Shares": NaN,
        "Basic Average Shares": NaN,
        "Diluted EPS": NaN,
        "Basic EPS": NaN,
        "Diluted NI Availto Com Stockholders": NaN,
        "Net Income Common Stockholders": NaN,
        "Net Income": NaN,
        "Minority Interests": 0.0,
        "Net Income Including Noncontrolling Interests": NaN,
        "Net Income Continuous Operations": NaN,
        "Tax Provision": NaN,
        "Pretax Income": NaN,
        "Other Income Expense": NaN,
        "Other Non Operating Income Expenses": NaN,
        "Special Income Charges": NaN,
        "Restructuring And Mergern Acquisition": NaN,
        "Operating Income": NaN,
        "Operating Expense": NaN,
        "Other Operating Expenses": NaN,
        "Depreciation Amortization Depletion Income Statement": NaN,
        "Depreciation And Amortization In Income Statement": NaN,
        "Amortization": NaN,
        "Amortization Of Intangibles Income Statement": NaN,
        "Depreciation Income Statement": NaN,
        "Selling General And Administration": NaN,
        "General And Administrative Expense": NaN,
        "Other Gand A": NaN,
        "Rent And Landing Fees": NaN,
        "Gross Profit": NaN,
        "Cost Of Revenue": NaN,
        "Total Revenue": NaN,
        "Operating Revenue": NaN
    },
    "2022-12-31": {
        "Tax Effect Of Unusual Items": NaN,
        "Tax Rate For Calcs": NaN,
        "Normalized EBITDA": NaN,
        "Net Income From Continuing Operation Net Minority Interest": NaN,
        "Reconciled Depreciation": NaN,
        "Reconciled Cost Of Revenue": NaN,
        "EBITDA": NaN,
        "EBIT": NaN,
        "Normalized Income": NaN,
        "Net Income From Continuing And Discontinued Operation": NaN,
        "Total Expenses": NaN,
        "Rent Expense Supplemental": NaN,
        "Total Operating Income As Reported": NaN,
        "Diluted Average Shares": NaN,
        "Basic Average Shares": NaN,
        "Diluted EPS": NaN,
        "Basic EPS": NaN,
        "Diluted NI Availto Com Stockholders": NaN,
        "Net Income Common Stockholders": NaN,
        "Net Income": NaN,
        "Minority Interests": 0.0,
        "Net Income Including Noncontrolling Interests": NaN,
        "Net Income Continuous Operations": NaN,
        "Tax Provision": NaN,
        "Pretax Income": NaN,
        "Other Income Expense": NaN,
        "Other Non Operating Income Expenses": NaN,
        "Operating Income": NaN,
        "Operating Expense": NaN,
        "Other Operating Expenses": NaN,
        "Depreciation Amortization Depletion Income Statement": NaN,
        "Depreciation And Amortization In Income Statement": NaN,
        "Amortization": NaN,
        "Amortization Of Intangibles Income Statement": NaN,
        "Depreciation Income Statement": NaN,
        "Selling General And Administration": NaN,
        "General And Administrative Expense": NaN,
        "Other Gand A": NaN,
        "Rent And Landing Fees": NaN,
        "Gross Profit": NaN,
        "Cost Of Revenue": NaN,
        "Total Revenue": NaN,
        "Operating Revenue": NaN
    },
    "2022-09-30": {
        "Tax Effect Of Unusual Items": NaN,
        "Tax Rate For Calcs": NaN,
        "Normalized EBITDA": NaN,
        "Net Income From Continuing Operation Net Minority Interest": NaN,
        "Reconciled Depreciation": NaN,
        "Reconciled Cost Of Revenue": NaN,
        "EBITDA": NaN,
        "EBIT": NaN,
        "Normalized Income": NaN,
        "Net Income From Continuing And Discontinued Operation": NaN,
        "Total Expenses": NaN,
        "Rent Expense Supplemental": NaN,
        "Total Operating Income As Reported": NaN,
        "Diluted Average Shares": NaN,
        "Basic Average Shares": NaN,
        "Diluted EPS": NaN,
        "Basic EPS": NaN,
        "Diluted NI Availto Com Stockholders": NaN,
        "Net Income Common Stockholders": NaN,
        "Net Income": NaN,
        "Minority Interests": NaN,
        "Net Income Including Noncontrolling Interests": NaN,
        "Net Income Continuous Operations": NaN,
        "Tax Provision": NaN,
        "Pretax Income": NaN,
        "Other Income Expense": NaN,
        "Other Non Operating Income Expenses": NaN,
        "Operating Income": NaN,
        "Operating Expense": NaN,
        "Other Operating Expenses": NaN,
        "Depreciation Amortization Depletion Income Statement": NaN,
        "Depreciation And Amortization In Income Statement": NaN,
        "Amortization": 15625000.0,
        "Amortization Of Intangibles Income Statement": 15625000.0,
        "Depreciation Income Statement": 3849000.0,
        "Selling General And Administration": NaN,
        "General And Administrative Expense": NaN,
        "Other Gand A": NaN,
        "Rent And Landing Fees": NaN,
        "Gross Profit": NaN,
        "Cost Of Revenue": NaN,
        "Total Revenue": NaN,
        "Operating Revenue": NaN
    },
    "2022-06-30": {
        "Tax Effect Of Unusual Items": 0.0,
        "Tax Rate For Calcs": 0.066,
        "Normalized EBITDA": 96713000.0,
        "Net Income From Continuing Operation Net Minority Interest": 70782000.0,
        "Reconciled Depreciation": 19143000.0,
        "Reconciled Cost Of Revenue": 265735000.0,
        "EBITDA": 96713000.0,
        "EBIT": 77570000.0,
        "Normalized Income": 70782000.0,
        "Net Income From Continuing And Discontinued Operation": 70782000.0,
        "Total Expenses": 341074000.0,
        "Rent Expense Supplemental": 11790000.0,
        "Total Operating Income As Reported": 77570000.0,
        "Diluted Average Shares": 68828246.0,
        "Basic Average Shares": 63277596.0,
        "Diluted EPS": 1.03,
        "Basic EPS": 1.12,
        "Diluted NI Availto Com Stockholders": 70782000.0,
        "Net Income Common Stockholders": 70782000.0,
        "Net Income": 70782000.0,
        "Minority Interests": NaN,
        "Net Income Including Noncontrolling Interests": 70782000.0,
        "Net Income Continuous Operations": 70782000.0,
        "Tax Provision": 5039000.0,
        "Pretax Income": 75821000.0,
        "Other Income Expense": -1749000.0,
        "Other Non Operating Income Expenses": -1749000.0,
        "Operating Income": 77570000.0,
        "Operating Expense": 75339000.0,
        "Other Operating Expenses": 26947000.0,
        "Depreciation Amortization Depletion Income Statement": 19143000.0,
        "Depreciation And Amortization In Income Statement": 19143000.0,
        "Amortization": NaN,
        "Amortization Of Intangibles Income Statement": NaN,
        "Depreciation Income Statement": NaN,
        "Selling General And Administration": 29249000.0,
        "General And Administrative Expense": 29249000.0,
        "Other Gand A": 17459000.0,
        "Rent And Landing Fees": 11790000.0,
        "Gross Profit": 152909000.0,
        "Cost Of Revenue": 265735000.0,
        "Total Revenue": 418644000.0,
        "Operating Revenue": 418644000.0
    },
    "2022-03-31": {
        "Diluted EPS": 0.97,
        "Total Revenue": 471,
        "Gross Profit": 173,
        "Operating Income": 99,
        "EBIT": 119,
        "Net Income": 65
    },
    "2021-12-31": {
        "Diluted EPS": 2.54,
        "Total Revenue": 889,
        "Gross Profit": 328,
        "Operating Income": 249,
        "EBIT": 269,
        "Net Income": 174
    },
    "2021-09-30": {
        "Diluted EPS": 1.65,
        "Total Revenue": 537,
        "Gross Profit": 199,
        "Operating Income": 157,
        "EBIT": 162,
        "Net Income": 113
    },
    "2021-06-30": {
        "Diluted EPS": 1.25,
        "Total Revenue": 373,
        "Gross Profit": 139,
        "Operating Income": 108,
        "EBIT": 112,
        "Net Income": 86
    },
    "2021-03-31": {
        "Diluted EPS": 1.45,
        "Total Revenue": 501,
        "Gross Profit": 182,
        "Operating Income": 140,
        "EBIT": 144,
        "Net Income": 99
    },
    "2020-12-31": {
        "Diluted EPS": 1.71,
        "Total Revenue": 538,
        "Gross Profit": 197,
        "Operating Income": 158,
        "EBIT": 162,
        "Net Income": 119
    },
    "2020-09-30": {
        "Diluted EPS": 0.7,
        "Total Revenue": 276,
        "Gross Profit": 98,
        "Operating Income": 67,
        "EBIT": 71,
        "Net Income": 49
    },
    "2020-06-30": {
        "Diluted EPS": 0.69,
        "Total Revenue": 211,
        "Gross Profit": 72,
        "Operating Income": 43,
        "EBIT": 46,
        "Net Income": 46
    },
    "2020-03-31": {
        "Diluted EPS": 0.9,
        "Total Revenue": 303,
        "Gross Profit": 107,
        "Operating Income": 69,
        "EBIT": 74,
        "Net Income": 59
    },
    "2019-12-31": {
        "Diluted EPS": 0.75,
        "Total Revenue": 334,
        "Gross Profit": 107,
        "Operating Income": 68,
        "EBIT": 72,
        "Net Income": 49
    },
    "2019-09-30": {
        "Diluted EPS": 0.5,
        "Total Revenue": 273,
        "Gross Profit": 88,
        "Operating Income": 45,
        "EBIT": 49,
        "Net Income": 33
    },
    "2019-06-30": {
        "Diluted EPS": 0.65,
        "Total Revenue": 250,
        "Gross Profit": 77,
        "Operating Income": 48,
        "EBIT": 52,
        "Net Income": 43
    },
    "2019-03-31": {
        "Diluted EPS": 0.69,
        "Total Revenue": 291,
        "Gross Profit": 91,
        "Operating Income": 61,
        "EBIT": 64,
        "Net Income": 45
    },
    "2018-12-31": {
        "Diluted EPS": 0.67,
        "Total Revenue": 298,
        "Gross Profit": 98,
        "Operating Income": 62,
        "EBIT": 66,
        "Net Income": 44
    },
    "2018-09-30": {
        "Diluted EPS": 0.61,
        "Total Revenue": 275,
        "Gross Profit": 90,
        "Operating Income": 56,
        "EBIT": 60,
        "Net Income": 40
    },
    "2018-06-30": {
        "Diluted EPS": 0.45,
        "Total Revenue": 220,
        "Gross Profit": 71,
        "Operating Income": 40,
        "EBIT": 44,
        "Net Income": 30
    },
    "2018-03-31": {
        "Diluted EPS": 0.58,
        "Total Revenue": 245,
        "Gross Profit": 83,
        "Operating Income": 60,
        "EBIT": 62,
        "Net Income": 38
    },
    "2017-12-31": {
        "Diluted EPS": 0.93,
        "Total Revenue": 259,
        "Gross Profit": 77,
        "Operating Income": 54,
        "EBIT": 56,
        "Net Income": 62
    },
    "2017-09-30": {
        "Diluted EPS": 0.5,
        "Total Revenue": 242,
        "Gross Profit": 75,
        "Operating Income": 53,
        "EBIT": 56,
        "Net Income": 33
    },
    "2017-06-30": {
        "Diluted EPS": 0.59,
        "Total Revenue": 217,
        "Gross Profit": 66,
        "Operating Income": 47,
        "EBIT": 49,
        "Net Income": 39
    },
    "2017-03-31": {
        "Diluted EPS": 0.52,
        "Total Revenue": 257,
        "Gross Profit": 81,
        "Operating Income": 57,
        "EBIT": 59,
        "Net Income": 34
    },
    "2016-12-31": {
        "Diluted EPS": 0.51,
        "Total Revenue": 248,
        "Gross Profit": 78,
        "Operating Income": 57,
        "EBIT": 60,
        "Net Income": 34
    },
    "2016-09-30": {
        "Diluted EPS": 0.31,
        "Total Revenue": 187,
        "Gross Profit": 56,
        "Operating Income": 35,
        "EBIT": 37,
        "Net Income": 21
    },
    "2016-06-30": {
        "Diluted EPS": 0.29,
        "Total Revenue": 181,
        "Gross Profit": 53,
        "Operating Income": 33,
        "EBIT": 35,
        "Net Income": 19
    },
    "2016-03-31": {
        "Diluted EPS": 0.35,
        "Total Revenue": 184,
        "Gross Profit": 59,
        "Operating Income": 41,
        "EBIT": 44,
        "Net Income": 23
    },
    "2015-12-31": {
        "Diluted EPS": 0.35,
        "Total Revenue": 206,
        "Gross Profit": 63,
        "Operating Income": 44,
        "EBIT": 46,
        "Net Income": 23
    },
    "2015-09-30": {
        "Diluted EPS": 0.15,
        "Total Revenue": 158,
        "Gross Profit": 42,
        "Operating Income": 17,
        "EBIT": 19,
        "Net Income": 9
    },
    "2015-06-30": {
        "Diluted EPS": 0.25,
        "Total Revenue": 146,
        "Gross Profit": 48,
        "Operating Income": 24,
        "EBIT": 25,
        "Net Income": 15
    },
    "2015-03-31": {
        "Diluted EPS": 0.41,
        "Total Revenue": 186,
        "Gross Profit": 53,
        "Operating Income": 41,
        "EBIT": 42,
        "Net Income": 25
    },
    "2014-12-31": {
        "Diluted EPS": 0.4,
        "Total Revenue": 197,
        "Gross Profit": 53,
        "Operating Income": 37,
        "EBIT": 38,
        "Net Income": 24
    },
    "2014-09-30": {
        "Diluted EPS": 0.27,
        "Total Revenue": 156,
        "Gross Profit": 43,
        "Operating Income": 27,
        "EBIT": 29,
        "Net Income": 17
    },
    "2014-06-30": {
        "Diluted EPS": 24.42,
        "Total Revenue": 142,
        "Gross Profit": 38,
        "Operating Income": 24,
        "EBIT": 25,
        "Net Income": 14
    },
    "2014-03-31": {
        "Diluted EPS": 0.0,
        "Total Revenue": NaN,
        "Gross Profit": NaN,
        "Operating Income": NaN,
        "EBIT": NaN,
        "Net Income": NaN
    },
    "2023-09-30": {
        "Tax Effect Of Unusual Items": NaN,
        "Tax Rate For Calcs": NaN,
        "Normalized EBITDA": NaN,
        "Total Unusual Items": -9342000.0,
        "Total Unusual Items Excluding Goodwill": -9342000.0,
        "Net Income From Continuing Operation Net Minority Interest": NaN,
        "Reconciled Depreciation": NaN,
        "Reconciled Cost Of Revenue": NaN,
        "EBITDA": NaN,
        "EBIT": NaN,
        "Normalized Income": NaN,
        "Net Income From Continuing And Discontinued Operation": NaN,
        "Total Expenses": NaN,
        "Rent Expense Supplemental": NaN,
        "Total Operating Income As Reported": NaN,
        "Diluted Average Shares": NaN,
        "Basic Average Shares": NaN,
        "Diluted EPS": NaN,
        "Basic EPS": NaN,
        "Diluted NI Availto Com Stockholders": NaN,
        "Net Income Common Stockholders": NaN,
        "Net Income": NaN,
        "Net Income Including Noncontrolling Interests": NaN,
        "Net Income Continuous Operations": NaN,
        "Tax Provision": NaN,
        "Pretax Income": NaN,
        "Other Income Expense": NaN,
        "Other Non Operating Income Expenses": NaN,
        "Special Income Charges": -9342000.0,
        "Restructuring And Mergern Acquisition": 9342000.0,
        "Operating Income": NaN,
        "Operating Expense": NaN,
        "Other Operating Expenses": NaN,
        "Depreciation Amortization Depletion Income Statement": NaN,
        "Depreciation And Amortization In Income Statement": NaN,
        "Amortization": 3360000.0,
        "Amortization Of Intangibles Income Statement": 3360000.0,
        "Depreciation Income Statement": 3727000.0,
        "Selling General And Administration": NaN,
        "General And Administrative Expense": NaN,
        "Other Gand A": NaN,
        "Rent And Landing Fees": NaN,
        "Gross Profit": NaN,
        "Cost Of Revenue": NaN,
        "Total Revenue": NaN,
        "Operating Revenue": NaN
    },
    "2023-12-31": {
        "Tax Effect Of Unusual Items": NaN,
        "Tax Rate For Calcs": NaN,
        "Normalized EBITDA": NaN,
        "Total Unusual Items": NaN,
        "Total Unusual Items Excluding Goodwill": NaN,
        "Net Income From Continuing Operation Net Minority Interest": NaN,
        "Reconciled Depreciation": NaN,
        "Reconciled Cost Of Revenue": NaN,
        "EBITDA": NaN,
        "EBIT": NaN,
        "Normalized Income": NaN,
        "Net Income From Continuing And Discontinued Operation": NaN,
        "Total Expenses": NaN,
        "Rent Expense Supplemental": NaN,
        "Total Operating Income As Reported": NaN,
        "Diluted Average Shares": NaN,
        "Basic Average Shares": NaN,
        "Diluted EPS": NaN,
        "Basic EPS": NaN,
        "Diluted NI Availto Com Stockholders": NaN,
        "Net Income Common Stockholders": NaN,
        "Net Income": NaN,
        "Net Income Including Noncontrolling Interests": NaN,
        "Net Income Continuous Operations": NaN,
        "Tax Provision": NaN,
        "Pretax Income": NaN,
        "Other Income Expense": NaN,
        "Other Non Operating Income Expenses": NaN,
        "Special Income Charges": NaN,
        "Restructuring And Mergern Acquisition": NaN,
        "Operating Income": NaN,
        "Operating Expense": NaN,
        "Other Operating Expenses": NaN,
        "Depreciation Amortization Depletion Income Statement": NaN,
        "Depreciation And Amortization In Income Statement": NaN,
        "Amortization": 1560000.0,
        "Amortization Of Intangibles Income Statement": 1560000.0,
        "Depreciation Income Statement": 5097000.0,
        "Selling General And Administration": NaN,
        "General And Administrative Expense": NaN,
        "Other Gand A": NaN,
        "Rent And Landing Fees": NaN,
        "Gross Profit": NaN,
        "Cost Of Revenue": NaN,
        "Total Revenue": NaN,
        "Operating Revenue": NaN
    },
    "2024-03-31": {
        "Tax Effect Of Unusual Items": NaN,
        "Tax Rate For Calcs": NaN,
        "Normalized EBITDA": NaN,
        "Total Unusual Items": NaN,
        "Total Unusual Items Excluding Goodwill": NaN,
        "Net Income From Continuing Operation Net Minority Interest": NaN,
        "Reconciled Depreciation": NaN,
        "Reconciled Cost Of Revenue": NaN,
        "EBITDA": NaN,
        "EBIT": NaN,
        "Normalized Income": NaN,
        "Net Income From Continuing And Discontinued Operation": NaN,
        "Total Expenses": NaN,
        "Rent Expense Supplemental": NaN,
        "Total Operating Income As Reported": NaN,
        "Diluted Average Shares": 68492023.0,
        "Basic Average Shares": 64579004.0,
        "Diluted EPS": 1.18,
        "Basic EPS": 1.26,
        "Diluted NI Availto Com Stockholders": NaN,
        "Net Income Common Stockholders": NaN,
        "Net Income": NaN,
        "Net Income Including Noncontrolling Interests": NaN,
        "Net Income Continuous Operations": NaN,
        "Tax Provision": NaN,
        "Pretax Income": NaN,
        "Other Income Expense": NaN,
        "Other Non Operating Income Expenses": NaN,
        "Special Income Charges": NaN,
        "Restructuring And Mergern Acquisition": NaN,
        "Operating Income": NaN,
        "Operating Expense": NaN,
        "Other Operating Expenses": NaN,
        "Depreciation Amortization Depletion Income Statement": NaN,
        "Depreciation And Amortization In Income Statement": NaN,
        "Amortization": NaN,
        "Amortization Of Intangibles Income Statement": NaN,
        "Depreciation Income Statement": NaN,
        "Selling General And Administration": NaN,
        "General And Administrative Expense": NaN,
        "Other Gand A": NaN,
        "Rent And Landing Fees": NaN,
        "Gross Profit": NaN,
        "Cost Of Revenue": NaN,
        "Total Revenue": NaN,
        "Operating Revenue": NaN
    },
    "2024-06-30": {
        "Tax Effect Of Unusual Items": NaN,
        "Tax Rate For Calcs": NaN,
        "Normalized EBITDA": NaN,
        "Total Unusual Items": NaN,
        "Total Unusual Items Excluding Goodwill": NaN,
        "Net Income From Continuing Operation Net Minority Interest": NaN,
        "Reconciled Depreciation": NaN,
        "Reconciled Cost Of Revenue": NaN,
        "EBITDA": NaN,
        "EBIT": NaN,
        "Normalized Income": NaN,
        "Net Income From Continuing And Discontinued Operation": NaN,
        "Total Expenses": NaN,
        "Rent Expense Supplemental": NaN,
        "Total Operating Income As Reported": NaN,
        "Diluted Average Shares": NaN,
        "Basic Average Shares": NaN,
        "Diluted EPS": NaN,
        "Basic EPS": NaN,
        "Diluted NI Availto Com Stockholders": NaN,
        "Net Income Common Stockholders": NaN,
        "Net Income": NaN,
        "Net Income Including Noncontrolling Interests": NaN,
        "Net Income Continuous Operations": NaN,
        "Tax Provision": NaN,
        "Pretax Income": NaN,
        "Other Income Expense": NaN,
        "Other Non Operating Income Expenses": NaN,
        "Special Income Charges": NaN,
        "Restructuring And Mergern Acquisition": NaN,
        "Operating Income": NaN,
        "Operating Expense": NaN,
        "Other Operating Expenses": NaN,
        "Depreciation Amortization Depletion Income Statement": NaN,
        "Depreciation And Amortization In Income Statement": NaN,
        "Amortization": 3541000.0,
        "Amortization Of Intangibles Income Statement": 3541000.0,
        "Depreciation Income Statement": 5315000.0,
        "Selling General And Administration": NaN,
        "General And Administrative Expense": NaN,
        "Other Gand A": NaN,
        "Rent And Landing Fees": NaN,
        "Gross Profit": NaN,
        "Cost Of Revenue": NaN,
        "Total Revenue": NaN,
        "Operating Revenue": NaN
    },
    "2024-09-30": {
        "Tax Effect Of Unusual Items": -2199969.740168,
        "Tax Rate For Calcs": 0.312585,
        "Normalized EBITDA": 152189000.0,
        "Total Unusual Items": -7038000.0,
        "Total Unusual Items Excluding Goodwill": -7038000.0,
        "Net Income From Continuing Operation Net Minority Interest": 93549000.0,
        "Reconciled Depreciation": 7444000.0,
        "Reconciled Cost Of Revenue": 353599000.0,
        "EBITDA": 145151000.0,
        "EBIT": 137707000.0,
        "Normalized Income": 98387030.259832,
        "Net Income From Continuing And Discontinued Operation": 93549000.0,
        "Total Expenses": 437250000.0,
        "Rent Expense Supplemental": 15174000.0,
        "Total Operating Income As Reported": 130669000.0,
        "Diluted Average Shares": NaN,
        "Basic Average Shares": NaN,
        "Diluted EPS": NaN,
        "Basic EPS": NaN,
        "Diluted NI Availto Com Stockholders": 93549000.0,
        "Net Income Common Stockholders": 93549000.0,
        "Net Income": 93549000.0,
        "Net Income Including Noncontrolling Interests": 93549000.0,
        "Net Income Continuous Operations": 93549000.0,
        "Tax Provision": 42539000.0,
        "Pretax Income": 136088000.0,
        "Other Income Expense": -1619000.0,
        "Other Non Operating Income Expenses": 5419000.0,
        "Special Income Charges": -7038000.0,
        "Restructuring And Mergern Acquisition": 7038000.0,
        "Operating Income": 137707000.0,
        "Operating Expense": 83651000.0,
        "Other Operating Expenses": 33601000.0,
        "Depreciation Amortization Depletion Income Statement": 7444000.0,
        "Depreciation And Amortization In Income Statement": 7444000.0,
        "Amortization": 2067000.0,
        "Amortization Of Intangibles Income Statement": 2067000.0,
        "Depreciation Income Statement": 5377000.0,
        "Selling General And Administration": 42606000.0,
        "General And Administrative Expense": 42606000.0,
        "Other Gand A": 27432000.0,
        "Rent And Landing Fees": 15174000.0,
        "Gross Profit": 221358000.0,
        "Cost Of Revenue": 353599000.0,
        "Total Revenue": 574957000.0,
        "Operating Revenue": 574957000.0
    },
    "2024-12-31": {
        "Tax Effect Of Unusual Items": -4389714.0,
        "Tax Rate For Calcs": 0.343,
        "Normalized EBITDA": 171259000.0,
        "Total Unusual Items": -12798000.0,
        "Total Unusual Items Excluding Goodwill": -12798000.0,
        "Net Income From Continuing Operation Net Minority Interest": 95302000.0,
        "Reconciled Depreciation": 9561000.0,
        "Reconciled Cost Of Revenue": 390173000.0,
        "EBITDA": 158461000.0,
        "EBIT": 148900000.0,
        "Normalized Income": 103710286.0,
        "Net Income From Continuing And Discontinued Operation": 95302000.0,
        "Total Expenses": 485528000.0,
        "Rent Expense Supplemental": 22259000.0,
        "Total Operating Income As Reported": 136102000.0,
        "Diluted Average Shares": 68760959.0,
        "Basic Average Shares": 65831122.0,
        "Diluted EPS": 1.39,
        "Basic EPS": 1.45,
        "Diluted NI Availto Com Stockholders": 95302000.0,
        "Net Income Common Stockholders": 95302000.0,
        "Net Income": 95302000.0,
        "Net Income Including Noncontrolling Interests": 95302000.0,
        "Net Income Continuous Operations": 95302000.0,
        "Tax Provision": 49816000.0,
        "Pretax Income": 145118000.0,
        "Other Income Expense": -3782000.0,
        "Other Non Operating Income Expenses": 9016000.0,
        "Special Income Charges": -12798000.0,
        "Restructuring And Mergern Acquisition": 12798000.0,
        "Operating Income": 148900000.0,
        "Operating Expense": 95355000.0,
        "Other Operating Expenses": 34846000.0,
        "Depreciation Amortization Depletion Income Statement": 9561000.0,
        "Depreciation And Amortization In Income Statement": 9561000.0,
        "Amortization": 4066000.0,
        "Amortization Of Intangibles Income Statement": 4066000.0,
        "Depreciation Income Statement": 5495000.0,
        "Selling General And Administration": 50948000.0,
        "General And Administrative Expense": 50948000.0,
        "Other Gand A": 28689000.0,
        "Rent And Landing Fees": 22259000.0,
        "Gross Profit": 244255000.0,
        "Cost Of Revenue": 390173000.0,
        "Total Revenue": 634428000.0,
        "Operating Revenue": 634428000.0
    },
    "2025-03-31": {
        "Tax Effect Of Unusual Items": -3902462.413896,
        "Tax Rate For Calcs": 0.188579,
        "Normalized EBITDA": 196002000.0,
        "Total Unusual Items": -20694000.0,
        "Total Unusual Items Excluding Goodwill": -20694000.0,
        "Net Income From Continuing Operation Net Minority Interest": 121920000.0,
        "Reconciled Depreciation": 15409000.0,
        "Reconciled Cost Of Revenue": 409850000.0,
        "EBITDA": 175308000.0,
        "EBIT": 159899000.0,
        "Normalized Income": 138711537.586104,
        "Net Income From Continuing And Discontinued Operation": 121920000.0,
        "Total Expenses": 506523000.0,
        "Rent Expense Supplemental": 21165000.0,
        "Total Operating Income As Reported": 139205000.0,
        "Diluted Average Shares": 69183454.0,
        "Basic Average Shares": 66216014.0,
        "Diluted EPS": 1.76,
        "Basic EPS": 1.84,
        "Diluted NI Availto Com Stockholders": 121920000.0,
        "Net Income Common Stockholders": 121920000.0,
        "Net Income": 121920000.0,
        "Net Income Including Noncontrolling Interests": 121920000.0,
        "Net Income Continuous Operations": 121920000.0,
        "Tax Provision": 28335000.0,
        "Pretax Income": 150255000.0,
        "Other Income Expense": -9644000.0,
        "Other Non Operating Income Expenses": 11050000.0,
        "Special Income Charges": -20694000.0,
        "Restructuring And Mergern Acquisition": 20694000.0,
        "Operating Income": 159899000.0,
        "Operating Expense": 96673000.0,
        "Other Operating Expenses": 30284000.0,
        "Depreciation Amortization Depletion Income Statement": 15409000.0,
        "Depreciation And Amortization In Income Statement": 15409000.0,
        "Amortization": NaN,
        "Amortization Of Intangibles Income Statement": NaN,
        "Depreciation Income Statement": NaN,
        "Selling General And Administration": 50980000.0,
        "General And Administrative Expense": 50980000.0,
        "Other Gand A": 29815000.0,
        "Rent And Landing Fees": 21165000.0,
        "Gross Profit": 256572000.0,
        "Cost Of Revenue": 409850000.0,
        "Total Revenue": 666422000.0,
        "Operating Revenue": 666422000.0
    },
    "2025-06-30": {
        "Tax Effect Of Unusual Items": -202703.018868,
        "Tax Rate For Calcs": 0.005273,
        "Normalized EBITDA": 182676000.0,
        "Total Unusual Items": -38443000.0,
        "Total Unusual Items Excluding Goodwill": -38443000.0,
        "Net Income From Continuing Operation Net Minority Interest": 97533000.0,
        "Reconciled Depreciation": 15990000.0,
        "Reconciled Cost Of Revenue": 372289000.0,
        "EBITDA": 144233000.0,
        "EBIT": 128243000.0,
        "Normalized Income": 135773296.981132,
        "Net Income From Continuing And Discontinued Operation": 97533000.0,
        "Total Expenses": 477106000.0,
        "Rent Expense Supplemental": 18229000.0,
        "Total Operating Income As Reported": 89800000.0,
        "Diluted Average Shares": 68887970.0,
        "Basic Average Shares": 66244178.0,
        "Diluted EPS": 1.42,
        "Basic EPS": 1.47,
        "Diluted NI Availto Com Stockholders": 97533000.0,
        "Net Income Common Stockholders": 97533000.0,
        "Net Income": 97533000.0,
        "Net Income Including Noncontrolling Interests": 97533000.0,
        "Net Income Continuous Operations": 97533000.0,
        "Tax Provision": 517000.0,
        "Pretax Income": 98050000.0,
        "Other Income Expense": -30193000.0,
        "Other Non Operating Income Expenses": 8250000.0,
        "Special Income Charges": -38443000.0,
        "Restructuring And Mergern Acquisition": 38443000.0,
        "Operating Income": 128243000.0,
        "Operating Expense": 104817000.0,
        "Other Operating Expenses": 41114000.0,
        "Depreciation Amortization Depletion Income Statement": 15990000.0,
        "Depreciation And Amortization In Income Statement": 15990000.0,
        "Amortization": 9474000.0,
        "Amortization Of Intangibles Income Statement": 9474000.0,
        "Depreciation Income Statement": 6516000.0,
        "Selling General And Administration": 47713000.0,
        "General And Administrative Expense": 47713000.0,
        "Other Gand A": 29484000.0,
        "Rent And Landing Fees": 18229000.0,
        "Gross Profit": 233060000.0,
        "Cost Of Revenue": 372289000.0,
        "Total Revenue": 605349000.0,
        "Operating Revenue": 605349000.0
    },
    "2025-09-30": {
        "Tax Effect Of Unusual Items": -5320225.675245,
        "Tax Rate For Calcs": 0.3016,
        "Normalized EBITDA": 196924000.0,
        "Total Unusual Items": -17640000.0,
        "Total Unusual Items Excluding Goodwill": -17640000.0,
        "Net Income From Continuing Operation Net Minority Interest": 111781000.0,
        "Reconciled Depreciation": 10303000.0,
        "Reconciled Cost Of Revenue": 405562000.0,
        "EBITDA": 179284000.0,
        "EBIT": 168981000.0,
        "Normalized Income": 124100774.324755,
        "Net Income From Continuing And Discontinued Operation": 111781000.0,
        "Total Expenses": 490471000.0,
        "Rent Expense Supplemental": 17750000.0,
        "Total Operating Income As Reported": 151341000.0,
        "Diluted Average Shares": 68591031.0,
        "Basic Average Shares": 66963260.0,
        "Diluted EPS": 1.63,
        "Basic EPS": 1.67,
        "Diluted NI Availto Com Stockholders": 111781000.0,
        "Net Income Common Stockholders": 111781000.0,
        "Net Income": 111781000.0,
        "Net Income Including Noncontrolling Interests": 111781000.0,
        "Net Income Continuous Operations": 111781000.0,
        "Tax Provision": 48272000.0,
        "Pretax Income": 160053000.0,
        "Other Income Expense": -8928000.0,
        "Other Non Operating Income Expenses": 8712000.0,
        "Special Income Charges": -17640000.0,
        "Restructuring And Mergern Acquisition": 17640000.0,
        "Operating Income": 168981000.0,
        "Operating Expense": 84909000.0,
        "Other Operating Expenses": 29831000.0,
        "Depreciation Amortization Depletion Income Statement": 10303000.0,
        "Depreciation And Amortization In Income Statement": 10303000.0,
        "Amortization": 2590000.0,
        "Amortization Of Intangibles Income Statement": 2590000.0,
        "Depreciation Income Statement": 7713000.0,
        "Selling General And Administration": 44775000.0,
        "General And Administrative Expense": 44775000.0,
        "Other Gand A": 27025000.0,
        "Rent And Landing Fees": 17750000.0,
        "Gross Profit": 253890000.0,
        "Cost Of Revenue": 405562000.0,
        "Total Revenue": 659452000.0,
        "Operating Revenue": 659452000.0
    },
    "2025-12-31": {
        "Tax Effect Of Unusual Items": NaN,
        "Tax Rate For Calcs": NaN,
        "Normalized EBITDA": NaN,
        "Total Unusual Items": NaN,
        "Total Unusual Items Excluding Goodwill": NaN,
        "Net Income From Continuing Operation Net Minority Interest": NaN,
        "Reconciled Depreciation": NaN,
        "Reconciled Cost Of Revenue": NaN,
        "EBITDA": NaN,
        "EBIT": NaN,
        "Normalized Income": NaN,
        "Net Income From Continuing And Discontinued Operation": NaN,
        "Total Expenses": NaN,
        "Rent Expense Supplemental": NaN,
        "Total Operating Income As Reported": NaN,
        "Diluted Average Shares": 68426644.0,
        "Basic Average Shares": 66633965.0,
        "Diluted EPS": 1.7,
        "Basic EPS": 1.75,
        "Diluted NI Availto Com Stockholders": NaN,
        "Net Income Common Stockholders": NaN,
        "Net Income": NaN,
        "Net Income Including Noncontrolling Interests": NaN,
        "Net Income Continuous Operations": NaN,
        "Tax Provision": NaN,
        "Pretax Income": NaN,
        "Other Income Expense": NaN,
        "Other Non Operating Income Expenses": NaN,
        "Special Income Charges": NaN,
        "Restructuring And Mergern Acquisition": NaN,
        "Operating Income": NaN,
        "Operating Expense": NaN,
        "Other Operating Expenses": NaN,
        "Depreciation Amortization Depletion Income Statement": NaN,
        "Depreciation And Amortization In Income Statement": NaN,
        "Amortization": NaN,
        "Amortization Of Intangibles Income Statement": NaN,
        "Depreciation Income Statement": NaN,
        "Selling General And Administration": NaN,
        "General And Administrative Expense": NaN,
        "Other Gand A": NaN,
        "Rent And Landing Fees": NaN,
        "Gross Profit": NaN,
        "Cost Of Revenue": NaN,
        "Total Revenue": NaN,
        "Operating Revenue": NaN
    }
}