{
    "2023-03-31": {
        "Tax Effect Of Unusual Items": NaN,
        "Tax Rate For Calcs": NaN,
        "Normalized EBITDA": NaN,
        "Total Unusual Items": NaN,
        "Total Unusual Items Excluding Goodwill": NaN,
        "Net Income From Continuing Operation Net Minority Interest": NaN,
        "Reconciled Depreciation": NaN,
        "Reconciled Cost Of Revenue": NaN,
        "EBITDA": NaN,
        "EBIT": NaN,
        "Net Interest Income": NaN,
        "Interest Expense": NaN,
        "Normalized Income": NaN,
        "Net Income From Continuing And Discontinued Operation": NaN,
        "Total Expenses": NaN,
        "Total Operating Income As Reported": NaN,
        "Diluted Average Shares": NaN,
        "Basic Average Shares": NaN,
        "Diluted EPS": NaN,
        "Basic EPS": NaN,
        "Diluted NI Availto Com Stockholders": NaN,
        "Net Income Common Stockholders": NaN,
        "Net Income": NaN,
        "Net Income Including Noncontrolling Interests": NaN,
        "Net Income Continuous Operations": NaN,
        "Tax Provision": NaN,
        "Pretax Income": NaN,
        "Other Income Expense": NaN,
        "Other Non Operating Income Expenses": -200000.0,
        "Gain On Sale Of Security": NaN,
        "Net Non Operating Interest Income Expense": NaN,
        "Total Other Finance Cost": NaN,
        "Interest Expense Non Operating": NaN,
        "Operating Income": NaN,
        "Operating Expense": NaN,
        "Depreciation Amortization Depletion Income Statement": NaN,
        "Depreciation And Amortization In Income Statement": NaN,
        "Amortization": NaN,
        "Amortization Of Intangibles Income Statement": NaN,
        "Selling General And Administration": NaN,
        "Gross Profit": NaN,
        "Cost Of Revenue": NaN,
        "Total Revenue": NaN,
        "Operating Revenue": NaN
    },
    "2022-12-31": {
        "Tax Effect Of Unusual Items": NaN,
        "Tax Rate For Calcs": NaN,
        "Normalized EBITDA": NaN,
        "Total Unusual Items": NaN,
        "Total Unusual Items Excluding Goodwill": NaN,
        "Net Income From Continuing Operation Net Minority Interest": NaN,
        "Reconciled Depreciation": NaN,
        "Reconciled Cost Of Revenue": NaN,
        "EBITDA": NaN,
        "EBIT": NaN,
        "Net Interest Income": NaN,
        "Interest Expense": 4981000.0,
        "Normalized Income": NaN,
        "Net Income From Continuing And Discontinued Operation": NaN,
        "Total Expenses": NaN,
        "Total Operating Income As Reported": NaN,
        "Diluted Average Shares": NaN,
        "Basic Average Shares": NaN,
        "Diluted EPS": NaN,
        "Basic EPS": NaN,
        "Diluted NI Availto Com Stockholders": NaN,
        "Net Income Common Stockholders": NaN,
        "Net Income": NaN,
        "Net Income Including Noncontrolling Interests": NaN,
        "Net Income Continuous Operations": NaN,
        "Tax Provision": NaN,
        "Pretax Income": NaN,
        "Other Income Expense": NaN,
        "Other Non Operating Income Expenses": 1808000.0,
        "Gain On Sale Of Security": NaN,
        "Net Non Operating Interest Income Expense": NaN,
        "Total Other Finance Cost": NaN,
        "Interest Expense Non Operating": 4981000.0,
        "Operating Income": NaN,
        "Operating Expense": NaN,
        "Depreciation Amortization Depletion Income Statement": NaN,
        "Depreciation And Amortization In Income Statement": NaN,
        "Amortization": NaN,
        "Amortization Of Intangibles Income Statement": NaN,
        "Selling General And Administration": NaN,
        "Gross Profit": NaN,
        "Cost Of Revenue": NaN,
        "Total Revenue": NaN,
        "Operating Revenue": NaN
    },
    "2022-09-30": {
        "Tax Effect Of Unusual Items": NaN,
        "Tax Rate For Calcs": NaN,
        "Normalized EBITDA": NaN,
        "Total Unusual Items": NaN,
        "Total Unusual Items Excluding Goodwill": NaN,
        "Net Income From Continuing Operation Net Minority Interest": NaN,
        "Reconciled Depreciation": NaN,
        "Reconciled Cost Of Revenue": NaN,
        "EBITDA": NaN,
        "EBIT": NaN,
        "Net Interest Income": NaN,
        "Interest Expense": 4098000.0,
        "Normalized Income": NaN,
        "Net Income From Continuing And Discontinued Operation": NaN,
        "Total Expenses": NaN,
        "Total Operating Income As Reported": NaN,
        "Diluted Average Shares": NaN,
        "Basic Average Shares": NaN,
        "Diluted EPS": NaN,
        "Basic EPS": NaN,
        "Diluted NI Availto Com Stockholders": NaN,
        "Net Income Common Stockholders": NaN,
        "Net Income": NaN,
        "Net Income Including Noncontrolling Interests": NaN,
        "Net Income Continuous Operations": NaN,
        "Tax Provision": NaN,
        "Pretax Income": NaN,
        "Other Income Expense": NaN,
        "Other Non Operating Income Expenses": -200000.0,
        "Gain On Sale Of Security": NaN,
        "Net Non Operating Interest Income Expense": NaN,
        "Total Other Finance Cost": 4100000.0,
        "Interest Expense Non Operating": 4098000.0,
        "Operating Income": NaN,
        "Operating Expense": NaN,
        "Depreciation Amortization Depletion Income Statement": NaN,
        "Depreciation And Amortization In Income Statement": NaN,
        "Amortization": NaN,
        "Amortization Of Intangibles Income Statement": NaN,
        "Selling General And Administration": NaN,
        "Gross Profit": NaN,
        "Cost Of Revenue": NaN,
        "Total Revenue": NaN,
        "Operating Revenue": NaN
    },
    "2022-06-30": {
        "Tax Effect Of Unusual Items": 38925.0,
        "Tax Rate For Calcs": 0.225,
        "Normalized EBITDA": 54819000.0,
        "Total Unusual Items": 173000.0,
        "Total Unusual Items Excluding Goodwill": 173000.0,
        "Net Income From Continuing Operation Net Minority Interest": 30036000.0,
        "Reconciled Depreciation": 12423000.0,
        "Reconciled Cost Of Revenue": 153734000.0,
        "EBITDA": 54992000.0,
        "EBIT": 42569000.0,
        "Net Interest Income": -3813000.0,
        "Interest Expense": 3813000.0,
        "Normalized Income": 29901925.0,
        "Net Income From Continuing And Discontinued Operation": 30036000.0,
        "Total Expenses": 198691000.0,
        "Total Operating Income As Reported": 42977000.0,
        "Diluted Average Shares": 32500000.0,
        "Basic Average Shares": 32500000.0,
        "Diluted EPS": 0.92,
        "Basic EPS": 0.92,
        "Diluted NI Availto Com Stockholders": 30036000.0,
        "Net Income Common Stockholders": 30036000.0,
        "Net Income": 30036000.0,
        "Net Income Including Noncontrolling Interests": 30036000.0,
        "Net Income Continuous Operations": 30036000.0,
        "Tax Provision": 8720000.0,
        "Pretax Income": 38756000.0,
        "Other Income Expense": -408000.0,
        "Other Non Operating Income Expenses": -581000.0,
        "Gain On Sale Of Security": 173000.0,
        "Net Non Operating Interest Income Expense": -3813000.0,
        "Interest Expense Non Operating": 3813000.0,
        "Operating Income": 42977000.0,
        "Operating Expense": 39333000.0,
        "Depreciation Amortization Depletion Income Statement": 6799000.0,
        "Depreciation And Amortization In Income Statement": 6799000.0,
        "Amortization": 6799000.0,
        "Amortization Of Intangibles Income Statement": 6799000.0,
        "Selling General And Administration": 32534000.0,
        "Gross Profit": 82310000.0,
        "Cost Of Revenue": 159358000.0,
        "Total Revenue": 241668000.0,
        "Operating Revenue": 241668000.0
    },
    "2022-03-31": {
        "Diluted EPS": 0.94,
        "Total Revenue": 241,
        "Gross Profit": 84,
        "Operating Income": 43,
        "EBIT": 56,
        "Net Income": 31
    },
    "2021-12-31": {
        "Diluted EPS": 0.72,
        "Total Revenue": 218,
        "Gross Profit": 74,
        "Operating Income": 32,
        "EBIT": 46,
        "Net Income": 24
    },
    "2021-09-30": {
        "Diluted EPS": 0.85,
        "Total Revenue": 223,
        "Gross Profit": 81,
        "Operating Income": 41,
        "EBIT": 54,
        "Net Income": 28
    },
    "2021-06-30": {
        "Diluted EPS": 0.95,
        "Total Revenue": 223,
        "Gross Profit": 82,
        "Operating Income": 42,
        "EBIT": 55,
        "Net Income": 31
    },
    "2021-03-31": {
        "Diluted EPS": 0.7,
        "Total Revenue": 205,
        "Gross Profit": 75,
        "Operating Income": 35,
        "EBIT": 50,
        "Net Income": 23
    },
    "2020-12-31": {
        "Diluted EPS": 0.18,
        "Total Revenue": 152,
        "Gross Profit": 53,
        "Operating Income": 10,
        "EBIT": 27,
        "Net Income": 6
    },
    "2020-09-30": {
        "Diluted EPS": 0.4,
        "Total Revenue": 123,
        "Gross Profit": 47,
        "Operating Income": 18,
        "EBIT": 27,
        "Net Income": 13
    },
    "2020-06-30": {
        "Diluted EPS": 0.4,
        "Total Revenue": 119,
        "Gross Profit": 45,
        "Operating Income": 17,
        "EBIT": 26,
        "Net Income": 13
    },
    "2020-03-31": {
        "Diluted EPS": -0.54,
        "Total Revenue": 129,
        "Gross Profit": 52,
        "Operating Income": -10,
        "EBIT": 30,
        "Net Income": -17
    },
    "2019-12-31": {
        "Diluted EPS": 0.43,
        "Total Revenue": 126,
        "Gross Profit": 47,
        "Operating Income": 19,
        "EBIT": 28,
        "Net Income": 14
    },
    "2019-09-30": {
        "Diluted EPS": 0.4,
        "Total Revenue": 138,
        "Gross Profit": 52,
        "Operating Income": 19,
        "EBIT": 28,
        "Net Income": 13
    },
    "2019-06-30": {
        "Diluted EPS": 0.54,
        "Total Revenue": 144,
        "Gross Profit": 56,
        "Operating Income": 26,
        "EBIT": 35,
        "Net Income": 17
    },
    "2019-03-31": {
        "Diluted EPS": 0.51,
        "Total Revenue": 147,
        "Gross Profit": 57,
        "Operating Income": 26,
        "EBIT": 35,
        "Net Income": 16
    },
    "2018-12-31": {
        "Diluted EPS": 0.51,
        "Total Revenue": 139,
        "Gross Profit": 53,
        "Operating Income": 22,
        "EBIT": 32,
        "Net Income": 16
    },
    "2018-09-30": {
        "Diluted EPS": 0.36,
        "Total Revenue": 136,
        "Gross Profit": 52,
        "Operating Income": 19,
        "EBIT": 33,
        "Net Income": 12
    },
    "2018-06-30": {
        "Diluted EPS": 0.22,
        "Total Revenue": 136,
        "Gross Profit": 50,
        "Operating Income": 17,
        "EBIT": 33,
        "Net Income": 7
    },
    "2018-03-31": {
        "Diluted EPS": 0.4,
        "Total Revenue": 97,
        "Gross Profit": 38,
        "Operating Income": 17,
        "EBIT": 22,
        "Net Income": 12
    },
    "2017-12-31": {
        "Diluted EPS": 0.1,
        "Total Revenue": 84,
        "Gross Profit": 29,
        "Operating Income": 8,
        "EBIT": 12,
        "Net Income": 3
    },
    "2017-09-30": {
        "Diluted EPS": 0.42,
        "Total Revenue": 88,
        "Gross Profit": 36,
        "Operating Income": 17,
        "EBIT": 22,
        "Net Income": 11
    },
    "2017-06-30": {
        "Diluted EPS": 0.27,
        "Total Revenue": 89,
        "Gross Profit": 39,
        "Operating Income": 21,
        "EBIT": 26,
        "Net Income": 7
    },
    "2017-03-31": {
        "Diluted EPS": 0.38,
        "Total Revenue": 81,
        "Gross Profit": 33,
        "Operating Income": 16,
        "EBIT": 23,
        "Net Income": 10
    },
    "2016-12-31": {
        "Diluted EPS": 0.11,
        "Total Revenue": 50,
        "Gross Profit": 17,
        "Operating Income": 5,
        "EBIT": 10,
        "Net Income": 3
    },
    "2016-09-30": {
        "Diluted EPS": 0.19,
        "Total Revenue": 45,
        "Gross Profit": 16,
        "Operating Income": 7,
        "EBIT": 10,
        "Net Income": 5
    },
    "2016-06-30": {
        "Diluted EPS": 0.26,
        "Total Revenue": 51,
        "Gross Profit": 19,
        "Operating Income": 10,
        "EBIT": 13,
        "Net Income": 7
    },
    "2016-03-31": {
        "Diluted EPS": 0.31,
        "Total Revenue": 51,
        "Gross Profit": 20,
        "Operating Income": 12,
        "EBIT": 14,
        "Net Income": 8
    },
    "2015-12-31": {
        "Diluted EPS": 0.18,
        "Total Revenue": 44,
        "Gross Profit": 16,
        "Operating Income": 8,
        "EBIT": 10,
        "Net Income": 5
    },
    "2015-09-30": {
        "Diluted EPS": 0.32,
        "Total Revenue": 48,
        "Gross Profit": 19,
        "Operating Income": 11,
        "EBIT": 14,
        "Net Income": 8
    },
    "2015-06-30": {
        "Diluted EPS": 0.35,
        "Total Revenue": 54,
        "Gross Profit": 21,
        "Operating Income": 14,
        "EBIT": 16,
        "Net Income": 9
    },
    "2015-03-31": {
        "Diluted EPS": 0.39,
        "Total Revenue": 54,
        "Gross Profit": 21,
        "Operating Income": 14,
        "EBIT": 16,
        "Net Income": 10
    },
    "2014-12-31": {
        "Diluted EPS": 0.39,
        "Total Revenue": 55,
        "Gross Profit": 22,
        "Operating Income": 14,
        "EBIT": 17,
        "Net Income": 10
    },
    "2014-09-30": {
        "Diluted EPS": 0.37,
        "Total Revenue": 55,
        "Gross Profit": 22,
        "Operating Income": 15,
        "EBIT": 17,
        "Net Income": 10
    },
    "2014-06-30": {
        "Diluted EPS": 0.46,
        "Total Revenue": 61,
        "Gross Profit": 26,
        "Operating Income": 18,
        "EBIT": 21,
        "Net Income": 12
    },
    "2014-03-31": {
        "Diluted EPS": 0.43,
        "Total Revenue": 57,
        "Gross Profit": 24,
        "Operating Income": 17,
        "EBIT": 19,
        "Net Income": 11
    },
    "2013-12-31": {
        "Diluted EPS": 0.31,
        "Total Revenue": 49,
        "Gross Profit": 19,
        "Operating Income": 12,
        "EBIT": 14,
        "Net Income": 8
    },
    "2013-09-30": {
        "Diluted EPS": 0.32,
        "Total Revenue": 49,
        "Gross Profit": 20,
        "Operating Income": 13,
        "EBIT": 15,
        "Net Income": 8
    },
    "2013-06-30": {
        "Diluted EPS": 0.45,
        "Total Revenue": 56,
        "Gross Profit": 23,
        "Operating Income": 17,
        "EBIT": 19,
        "Net Income": 12
    },
    "2013-03-31": {
        "Diluted EPS": 0.37,
        "Total Revenue": 51,
        "Gross Profit": 21,
        "Operating Income": 14,
        "EBIT": 16,
        "Net Income": 10
    },
    "2012-12-31": {
        "Diluted EPS": 0.26,
        "Total Revenue": 43,
        "Gross Profit": 16,
        "Operating Income": 9,
        "EBIT": 11,
        "Net Income": 7
    },
    "2012-09-30": {
        "Diluted EPS": 0.34,
        "Total Revenue": 49,
        "Gross Profit": 19,
        "Operating Income": 13,
        "EBIT": 15,
        "Net Income": 9
    },
    "2012-06-30": {
        "Diluted EPS": 0.43,
        "Total Revenue": 57,
        "Gross Profit": 23,
        "Operating Income": 16,
        "EBIT": 18,
        "Net Income": 11
    },
    "2012-03-31": {
        "Diluted EPS": 0.41,
        "Total Revenue": 55,
        "Gross Profit": 22,
        "Operating Income": 15,
        "EBIT": 17,
        "Net Income": 11
    },
    "2011-12-31": {
        "Diluted EPS": 0.24,
        "Total Revenue": 46,
        "Gross Profit": 17,
        "Operating Income": 10,
        "EBIT": 12,
        "Net Income": 6
    },
    "2011-09-30": {
        "Diluted EPS": 0.44,
        "Total Revenue": 53,
        "Gross Profit": 21,
        "Operating Income": 15,
        "EBIT": 17,
        "Net Income": 11
    },
    "2011-06-30": {
        "Diluted EPS": 0.41,
        "Total Revenue": 55,
        "Gross Profit": 22,
        "Operating Income": 15,
        "EBIT": 17,
        "Net Income": 10
    },
    "2011-03-31": {
        "Diluted EPS": 0.38,
        "Total Revenue": 51,
        "Gross Profit": 20,
        "Operating Income": 14,
        "EBIT": 16,
        "Net Income": 10
    },
    "2010-12-31": {
        "Diluted EPS": 0.25,
        "Total Revenue": 42,
        "Gross Profit": 15,
        "Operating Income": 9,
        "EBIT": 11,
        "Net Income": 6
    },
    "2010-09-30": {
        "Diluted EPS": 0.22,
        "Total Revenue": 38,
        "Gross Profit": 14,
        "Operating Income": 8,
        "EBIT": 10,
        "Net Income": 6
    },
    "2010-06-30": {
        "Diluted EPS": 0.24,
        "Total Revenue": 39,
        "Gross Profit": 14,
        "Operating Income": 9,
        "EBIT": 11,
        "Net Income": 6
    },
    "2010-03-31": {
        "Diluted EPS": 0.13,
        "Total Revenue": 32,
        "Gross Profit": 10,
        "Operating Income": 5,
        "EBIT": 7,
        "Net Income": 3
    },
    "2009-12-31": {
        "Diluted EPS": 0.05,
        "Total Revenue": 27,
        "Gross Profit": 7,
        "Operating Income": 2,
        "EBIT": 3,
        "Net Income": 1
    },
    "2009-09-30": {
        "Diluted EPS": 0.02,
        "Total Revenue": 23,
        "Gross Profit": 5,
        "Operating Income": 0,
        "EBIT": 2,
        "Net Income": 1
    },
    "2009-06-30": {
        "Diluted EPS": -0.02,
        "Total Revenue": 22,
        "Gross Profit": 4,
        "Operating Income": -1,
        "EBIT": 1,
        "Net Income": -1
    },
    "2009-03-31": {
        "Diluted EPS": 0.02,
        "Total Revenue": 25,
        "Gross Profit": 6,
        "Operating Income": 1,
        "EBIT": 3,
        "Net Income": 1
    },
    "2023-06-30": {
        "Tax Effect Of Unusual Items": NaN,
        "Tax Rate For Calcs": NaN,
        "Normalized EBITDA": NaN,
        "Total Unusual Items": NaN,
        "Total Unusual Items Excluding Goodwill": NaN,
        "Net Income From Continuing Operation Net Minority Interest": NaN,
        "Reconciled Depreciation": NaN,
        "Reconciled Cost Of Revenue": NaN,
        "EBITDA": NaN,
        "EBIT": NaN,
        "Net Interest Income": NaN,
        "Interest Expense": NaN,
        "Normalized Income": NaN,
        "Net Income From Continuing And Discontinued Operation": NaN,
        "Total Expenses": NaN,
        "Total Operating Income As Reported": NaN,
        "Diluted Average Shares": NaN,
        "Basic Average Shares": NaN,
        "Diluted EPS": NaN,
        "Basic EPS": NaN,
        "Diluted NI Availto Com Stockholders": NaN,
        "Net Income Common Stockholders": NaN,
        "Net Income": NaN,
        "Net Income Including Noncontrolling Interests": NaN,
        "Net Income Continuous Operations": NaN,
        "Tax Provision": NaN,
        "Pretax Income": NaN,
        "Other Income Expense": NaN,
        "Other Non Operating Income Expenses": 200000.0,
        "Gain On Sale Of Security": NaN,
        "Net Non Operating Interest Income Expense": NaN,
        "Total Other Finance Cost": NaN,
        "Interest Expense Non Operating": NaN,
        "Operating Income": NaN,
        "Operating Expense": NaN,
        "Depreciation Amortization Depletion Income Statement": NaN,
        "Depreciation And Amortization In Income Statement": NaN,
        "Amortization": NaN,
        "Amortization Of Intangibles Income Statement": NaN,
        "Selling General And Administration": NaN,
        "Gross Profit": NaN,
        "Cost Of Revenue": NaN,
        "Total Revenue": NaN,
        "Operating Revenue": NaN
    },
    "2023-09-30": {
        "Tax Effect Of Unusual Items": NaN,
        "Tax Rate For Calcs": NaN,
        "Normalized EBITDA": NaN,
        "Total Unusual Items": NaN,
        "Total Unusual Items Excluding Goodwill": NaN,
        "Net Income From Continuing Operation Net Minority Interest": NaN,
        "Reconciled Depreciation": NaN,
        "Reconciled Cost Of Revenue": NaN,
        "EBITDA": NaN,
        "EBIT": NaN,
        "Net Interest Income": NaN,
        "Interest Expense": NaN,
        "Normalized Income": NaN,
        "Net Income From Continuing And Discontinued Operation": NaN,
        "Total Expenses": NaN,
        "Total Operating Income As Reported": NaN,
        "Diluted Average Shares": NaN,
        "Basic Average Shares": NaN,
        "Diluted EPS": NaN,
        "Basic EPS": NaN,
        "Diluted NI Availto Com Stockholders": NaN,
        "Net Income Common Stockholders": NaN,
        "Net Income": NaN,
        "Net Income Including Noncontrolling Interests": NaN,
        "Net Income Continuous Operations": NaN,
        "Tax Provision": NaN,
        "Pretax Income": NaN,
        "Other Income Expense": NaN,
        "Other Non Operating Income Expenses": NaN,
        "Gain On Sale Of Security": NaN,
        "Net Non Operating Interest Income Expense": NaN,
        "Total Other Finance Cost": 8700000.0,
        "Interest Expense Non Operating": NaN,
        "Operating Income": NaN,
        "Operating Expense": NaN,
        "Depreciation Amortization Depletion Income Statement": NaN,
        "Depreciation And Amortization In Income Statement": NaN,
        "Amortization": NaN,
        "Amortization Of Intangibles Income Statement": NaN,
        "Selling General And Administration": NaN,
        "Gross Profit": NaN,
        "Cost Of Revenue": NaN,
        "Total Revenue": NaN,
        "Operating Revenue": NaN
    },
    "2023-12-31": {
        "Tax Effect Of Unusual Items": 0.0,
        "Tax Rate For Calcs": 0.227273,
        "Normalized EBITDA": 28500000.0,
        "Total Unusual Items": 0.0,
        "Total Unusual Items Excluding Goodwill": 0.0,
        "Net Income From Continuing Operation Net Minority Interest": 3400000.0,
        "Reconciled Depreciation": 16100000.0,
        "Reconciled Cost Of Revenue": 130300000.0,
        "EBITDA": 28500000.0,
        "EBIT": 12400000.0,
        "Net Interest Income": -8600000.0,
        "Interest Expense": NaN,
        "Normalized Income": 3400000.0,
        "Net Income From Continuing And Discontinued Operation": 3400000.0,
        "Total Expenses": 181500000.0,
        "Total Operating Income As Reported": 11900000.0,
        "Diluted Average Shares": 33100000.0,
        "Basic Average Shares": 33100000.0,
        "Diluted EPS": 0.1,
        "Basic EPS": 0.1,
        "Diluted NI Availto Com Stockholders": 3400000.0,
        "Net Income Common Stockholders": 3400000.0,
        "Net Income": 3400000.0,
        "Net Income Including Noncontrolling Interests": 3400000.0,
        "Net Income Continuous Operations": 3400000.0,
        "Tax Provision": 1000000.0,
        "Pretax Income": 4400000.0,
        "Other Income Expense": 1100000.0,
        "Other Non Operating Income Expenses": NaN,
        "Gain On Sale Of Security": 0.0,
        "Net Non Operating Interest Income Expense": -8600000.0,
        "Total Other Finance Cost": NaN,
        "Interest Expense Non Operating": NaN,
        "Operating Income": 11900000.0,
        "Operating Expense": 43300000.0,
        "Depreciation Amortization Depletion Income Statement": 8200000.0,
        "Depreciation And Amortization In Income Statement": 8200000.0,
        "Amortization": 8200000.0,
        "Amortization Of Intangibles Income Statement": 8200000.0,
        "Selling General And Administration": 35100000.0,
        "Gross Profit": 55200000.0,
        "Cost Of Revenue": 138200000.0,
        "Total Revenue": 193400000.0,
        "Operating Revenue": 193400000.0
    },
    "2024-03-31": {
        "Tax Effect Of Unusual Items": NaN,
        "Tax Rate For Calcs": NaN,
        "Normalized EBITDA": NaN,
        "Total Unusual Items": NaN,
        "Total Unusual Items Excluding Goodwill": NaN,
        "Net Income From Continuing Operation Net Minority Interest": NaN,
        "Reconciled Depreciation": NaN,
        "Reconciled Cost Of Revenue": NaN,
        "EBITDA": NaN,
        "EBIT": NaN,
        "Net Interest Income": NaN,
        "Interest Expense": NaN,
        "Normalized Income": NaN,
        "Net Income From Continuing And Discontinued Operation": NaN,
        "Total Expenses": NaN,
        "Total Operating Income As Reported": NaN,
        "Diluted Average Shares": NaN,
        "Basic Average Shares": NaN,
        "Diluted EPS": NaN,
        "Basic EPS": NaN,
        "Diluted NI Availto Com Stockholders": NaN,
        "Net Income Common Stockholders": NaN,
        "Net Income": NaN,
        "Net Income Including Noncontrolling Interests": NaN,
        "Net Income Continuous Operations": NaN,
        "Tax Provision": NaN,
        "Pretax Income": NaN,
        "Other Income Expense": -100000.0,
        "Other Non Operating Income Expenses": 200000.0,
        "Gain On Sale Of Security": NaN,
        "Net Non Operating Interest Income Expense": NaN,
        "Interest Expense Non Operating": NaN,
        "Operating Income": NaN,
        "Operating Expense": NaN,
        "Depreciation Amortization Depletion Income Statement": NaN,
        "Depreciation And Amortization In Income Statement": NaN,
        "Amortization": NaN,
        "Amortization Of Intangibles Income Statement": NaN,
        "Selling General And Administration": NaN,
        "Gross Profit": NaN,
        "Cost Of Revenue": NaN,
        "Total Revenue": NaN,
        "Operating Revenue": NaN
    },
    "2024-06-30": {
        "Tax Effect Of Unusual Items": NaN,
        "Tax Rate For Calcs": NaN,
        "Normalized EBITDA": NaN,
        "Total Unusual Items": NaN,
        "Total Unusual Items Excluding Goodwill": NaN,
        "Net Income From Continuing Operation Net Minority Interest": NaN,
        "Reconciled Depreciation": NaN,
        "Reconciled Cost Of Revenue": NaN,
        "EBITDA": NaN,
        "EBIT": NaN,
        "Net Interest Income": NaN,
        "Interest Expense": NaN,
        "Normalized Income": NaN,
        "Net Income From Continuing And Discontinued Operation": NaN,
        "Total Expenses": NaN,
        "Total Operating Income As Reported": NaN,
        "Diluted Average Shares": NaN,
        "Basic Average Shares": NaN,
        "Diluted EPS": NaN,
        "Basic EPS": NaN,
        "Diluted NI Availto Com Stockholders": NaN,
        "Net Income Common Stockholders": NaN,
        "Net Income": NaN,
        "Net Income Including Noncontrolling Interests": NaN,
        "Net Income Continuous Operations": NaN,
        "Tax Provision": NaN,
        "Pretax Income": NaN,
        "Other Income Expense": 100000.0,
        "Other Non Operating Income Expenses": 300000.0,
        "Special Income Charges": NaN,
        "Impairment Of Capital Assets": NaN,
        "Gain On Sale Of Security": NaN,
        "Net Non Operating Interest Income Expense": NaN,
        "Interest Expense Non Operating": NaN,
        "Operating Income": NaN,
        "Operating Expense": NaN,
        "Depreciation Amortization Depletion Income Statement": NaN,
        "Depreciation And Amortization In Income Statement": NaN,
        "Amortization": NaN,
        "Amortization Of Intangibles Income Statement": NaN,
        "Selling General And Administration": NaN,
        "Gross Profit": NaN,
        "Cost Of Revenue": NaN,
        "Total Revenue": NaN,
        "Operating Revenue": NaN
    },
    "2024-09-30": {
        "Tax Effect Of Unusual Items": -14285.714286,
        "Tax Rate For Calcs": 0.142857,
        "Normalized EBITDA": 38500000.0,
        "Total Unusual Items": -100000.0,
        "Total Unusual Items Excluding Goodwill": -100000.0,
        "Net Income From Continuing Operation Net Minority Interest": 11400000.0,
        "Reconciled Depreciation": 16100000.0,
        "Reconciled Cost Of Revenue": 125800000.0,
        "EBITDA": 38400000.0,
        "EBIT": 22300000.0,
        "Net Interest Income": -9000000.0,
        "Interest Expense": 9000000.0,
        "Normalized Income": 11485714.285714,
        "Net Income From Continuing And Discontinued Operation": 11400000.0,
        "Total Expenses": 172300000.0,
        "Total Operating Income As Reported": 22200000.0,
        "Diluted Average Shares": 33200000.0,
        "Basic Average Shares": 33200000.0,
        "Diluted EPS": 0.34,
        "Basic EPS": 0.34,
        "Diluted NI Availto Com Stockholders": 11400000.0,
        "Net Income Common Stockholders": 11400000.0,
        "Net Income": 11400000.0,
        "Net Income Including Noncontrolling Interests": 11400000.0,
        "Net Income Continuous Operations": 11400000.0,
        "Tax Provision": 1900000.0,
        "Pretax Income": 13300000.0,
        "Other Income Expense": 100000.0,
        "Other Non Operating Income Expenses": 200000.0,
        "Special Income Charges": NaN,
        "Impairment Of Capital Assets": NaN,
        "Gain On Sale Of Security": -100000.0,
        "Net Non Operating Interest Income Expense": -9000000.0,
        "Interest Expense Non Operating": 9000000.0,
        "Operating Income": 22200000.0,
        "Operating Expense": 38300000.0,
        "Depreciation Amortization Depletion Income Statement": 7900000.0,
        "Depreciation And Amortization In Income Statement": 7900000.0,
        "Amortization": 7900000.0,
        "Amortization Of Intangibles Income Statement": 7900000.0,
        "Selling General And Administration": 30400000.0,
        "Gross Profit": 60500000.0,
        "Cost Of Revenue": 134000000.0,
        "Total Revenue": 194500000.0,
        "Operating Revenue": 194500000.0
    },
    "2024-12-31": {
        "Tax Effect Of Unusual Items": -294736.842105,
        "Tax Rate For Calcs": 0.368421,
        "Normalized EBITDA": 32500000.0,
        "Total Unusual Items": -800000.0,
        "Total Unusual Items Excluding Goodwill": -800000.0,
        "Net Income From Continuing Operation Net Minority Interest": 4800000.0,
        "Reconciled Depreciation": 16000000.0,
        "Reconciled Cost Of Revenue": 117400000.0,
        "EBITDA": 31700000.0,
        "EBIT": 15700000.0,
        "Net Interest Income": -8100000.0,
        "Interest Expense": 8100000.0,
        "Normalized Income": 5305263.157895,
        "Net Income From Continuing And Discontinued Operation": 4800000.0,
        "Total Expenses": 166200000.0,
        "Total Operating Income As Reported": 13300000.0,
        "Diluted Average Shares": 33400000.0,
        "Basic Average Shares": 33200000.0,
        "Diluted EPS": 0.14,
        "Basic EPS": 0.14,
        "Diluted NI Availto Com Stockholders": 4800000.0,
        "Net Income Common Stockholders": 4800000.0,
        "Net Income": 4800000.0,
        "Net Income Including Noncontrolling Interests": 4800000.0,
        "Net Income Continuous Operations": 4800000.0,
        "Tax Provision": 2800000.0,
        "Pretax Income": 7600000.0,
        "Other Income Expense": 2400000.0,
        "Other Non Operating Income Expenses": 3200000.0,
        "Special Income Charges": NaN,
        "Impairment Of Capital Assets": NaN,
        "Gain On Sale Of Security": -800000.0,
        "Net Non Operating Interest Income Expense": -8100000.0,
        "Interest Expense Non Operating": 8100000.0,
        "Operating Income": 13300000.0,
        "Operating Expense": 40700000.0,
        "Depreciation Amortization Depletion Income Statement": 7900000.0,
        "Depreciation And Amortization In Income Statement": 7900000.0,
        "Amortization": 7900000.0,
        "Amortization Of Intangibles Income Statement": 7900000.0,
        "Selling General And Administration": 32800000.0,
        "Gross Profit": 54000000.0,
        "Cost Of Revenue": 125500000.0,
        "Total Revenue": 179500000.0,
        "Operating Revenue": 179500000.0
    },
    "2025-03-31": {
        "Tax Effect Of Unusual Items": -23500.0,
        "Tax Rate For Calcs": 0.235,
        "Normalized EBITDA": 33000000.0,
        "Total Unusual Items": -100000.0,
        "Total Unusual Items Excluding Goodwill": -100000.0,
        "Net Income From Continuing Operation Net Minority Interest": 7300000.0,
        "Reconciled Depreciation": 16000000.0,
        "Reconciled Cost Of Revenue": 127900000.0,
        "EBITDA": 32900000.0,
        "EBIT": 16900000.0,
        "Net Interest Income": -7400000.0,
        "Interest Expense": 7400000.0,
        "Normalized Income": 7376500.0,
        "Net Income From Continuing And Discontinued Operation": 7300000.0,
        "Total Expenses": 178500000.0,
        "Total Operating Income As Reported": 17000000.0,
        "Diluted Average Shares": 33400000.0,
        "Basic Average Shares": 33300000.0,
        "Diluted EPS": 0.22,
        "Basic EPS": 0.22,
        "Diluted NI Availto Com Stockholders": 7300000.0,
        "Net Income Common Stockholders": 7300000.0,
        "Net Income": 7300000.0,
        "Net Income Including Noncontrolling Interests": 7300000.0,
        "Net Income Continuous Operations": 7300000.0,
        "Tax Provision": 2200000.0,
        "Pretax Income": 9500000.0,
        "Other Income Expense": -100000.0,
        "Other Non Operating Income Expenses": NaN,
        "Special Income Charges": NaN,
        "Impairment Of Capital Assets": NaN,
        "Gain On Sale Of Security": -100000.0,
        "Net Non Operating Interest Income Expense": -7400000.0,
        "Interest Expense Non Operating": 7400000.0,
        "Operating Income": 17000000.0,
        "Operating Expense": 42900000.0,
        "Depreciation Amortization Depletion Income Statement": 8300000.0,
        "Depreciation And Amortization In Income Statement": 8300000.0,
        "Amortization": 8300000.0,
        "Amortization Of Intangibles Income Statement": 8300000.0,
        "Selling General And Administration": 34600000.0,
        "Gross Profit": 59900000.0,
        "Cost Of Revenue": 135600000.0,
        "Total Revenue": 195500000.0,
        "Operating Revenue": 195500000.0
    },
    "2025-06-30": {
        "Tax Effect Of Unusual Items": -119000.0,
        "Tax Rate For Calcs": 0.238,
        "Normalized EBITDA": 38300000.0,
        "Total Unusual Items": -500000.0,
        "Total Unusual Items Excluding Goodwill": -500000.0,
        "Net Income From Continuing Operation Net Minority Interest": 11400000.0,
        "Reconciled Depreciation": 15900000.0,
        "Reconciled Cost Of Revenue": 137400000.0,
        "EBITDA": 37800000.0,
        "EBIT": 21900000.0,
        "Net Interest Income": -7000000.0,
        "Interest Expense": 7000000.0,
        "Normalized Income": 11781000.0,
        "Net Income From Continuing And Discontinued Operation": 11400000.0,
        "Total Expenses": 190600000.0,
        "Total Operating Income As Reported": 21900000.0,
        "Diluted Average Shares": 33300000.0,
        "Basic Average Shares": 33300000.0,
        "Diluted EPS": 0.34,
        "Basic EPS": 0.34,
        "Diluted NI Availto Com Stockholders": 11400000.0,
        "Net Income Common Stockholders": 11400000.0,
        "Net Income": 11400000.0,
        "Net Income Including Noncontrolling Interests": 11400000.0,
        "Net Income Continuous Operations": 11400000.0,
        "Tax Provision": 3500000.0,
        "Pretax Income": 14900000.0,
        "Other Income Expense": NaN,
        "Other Non Operating Income Expenses": 500000.0,
        "Special Income Charges": NaN,
        "Impairment Of Capital Assets": NaN,
        "Gain On Sale Of Security": -500000.0,
        "Net Non Operating Interest Income Expense": -7000000.0,
        "Interest Expense Non Operating": 7000000.0,
        "Operating Income": 21900000.0,
        "Operating Expense": 45600000.0,
        "Depreciation Amortization Depletion Income Statement": 8300000.0,
        "Depreciation And Amortization In Income Statement": 8300000.0,
        "Amortization": 8300000.0,
        "Amortization Of Intangibles Income Statement": 8300000.0,
        "Selling General And Administration": 37300000.0,
        "Gross Profit": 67500000.0,
        "Cost Of Revenue": 145000000.0,
        "Total Revenue": 212500000.0,
        "Operating Revenue": 212500000.0
    },
    "2025-09-30": {
        "Tax Effect Of Unusual Items": -5175781.25,
        "Tax Rate For Calcs": 0.195313,
        "Normalized EBITDA": 62100000.0,
        "Total Unusual Items": -26500000.0,
        "Total Unusual Items Excluding Goodwill": -26500000.0,
        "Net Income From Continuing Operation Net Minority Interest": 10300000.0,
        "Reconciled Depreciation": 15900000.0,
        "Reconciled Cost Of Revenue": 139000000.0,
        "EBITDA": 35600000.0,
        "EBIT": 19700000.0,
        "Net Interest Income": -6900000.0,
        "Interest Expense": 6900000.0,
        "Normalized Income": 31624218.75,
        "Net Income From Continuing And Discontinued Operation": 10300000.0,
        "Total Expenses": 193100000.0,
        "Total Operating Income As Reported": 1300000.0,
        "Diluted Average Shares": 33300000.0,
        "Basic Average Shares": 33100000.0,
        "Diluted EPS": 0.31,
        "Basic EPS": 0.31,
        "Diluted NI Availto Com Stockholders": 10300000.0,
        "Net Income Common Stockholders": 10300000.0,
        "Net Income": 10300000.0,
        "Net Income Including Noncontrolling Interests": 10300000.0,
        "Net Income Continuous Operations": 10300000.0,
        "Tax Provision": 2500000.0,
        "Pretax Income": 12800000.0,
        "Other Income Expense": -7500000.0,
        "Other Non Operating Income Expenses": 19000000.0,
        "Special Income Charges": -25900000.0,
        "Impairment Of Capital Assets": 25900000.0,
        "Gain On Sale Of Security": -600000.0,
        "Net Non Operating Interest Income Expense": -6900000.0,
        "Interest Expense Non Operating": 6900000.0,
        "Operating Income": 27200000.0,
        "Operating Expense": 45800000.0,
        "Depreciation Amortization Depletion Income Statement": 7600000.0,
        "Depreciation And Amortization In Income Statement": 7600000.0,
        "Amortization": 7600000.0,
        "Amortization Of Intangibles Income Statement": 7600000.0,
        "Selling General And Administration": 38200000.0,
        "Gross Profit": 73000000.0,
        "Cost Of Revenue": 147300000.0,
        "Total Revenue": 220300000.0,
        "Operating Revenue": 220300000.0
    }
}