{
    "2023-06-30": {
        "Tax Effect Of Unusual Items": NaN,
        "Tax Rate For Calcs": NaN,
        "Normalized EBITDA": NaN,
        "Total Unusual Items": NaN,
        "Total Unusual Items Excluding Goodwill": NaN,
        "Net Income From Continuing Operation Net Minority Interest": NaN,
        "Reconciled Depreciation": NaN,
        "Reconciled Cost Of Revenue": NaN,
        "EBITDA": NaN,
        "EBIT": NaN,
        "Net Interest Income": NaN,
        "Interest Expense": NaN,
        "Normalized Income": NaN,
        "Net Income From Continuing And Discontinued Operation": NaN,
        "Total Expenses": NaN,
        "Total Operating Income As Reported": NaN,
        "Diluted Average Shares": NaN,
        "Basic Average Shares": NaN,
        "Diluted EPS": NaN,
        "Basic EPS": NaN,
        "Diluted NI Availto Com Stockholders": NaN,
        "Net Income Common Stockholders": NaN,
        "Net Income": NaN,
        "Net Income Including Noncontrolling Interests": NaN,
        "Net Income Continuous Operations": NaN,
        "Tax Provision": NaN,
        "Pretax Income": NaN,
        "Other Income Expense": NaN,
        "Other Non Operating Income Expenses": NaN,
        "Special Income Charges": NaN,
        "Impairment Of Capital Assets": 0.0,
        "Restructuring And Mergern Acquisition": NaN,
        "Net Non Operating Interest Income Expense": NaN,
        "Interest Expense Non Operating": NaN,
        "Operating Income": NaN,
        "Operating Expense": NaN,
        "Research And Development": NaN,
        "Selling General And Administration": NaN,
        "Gross Profit": NaN,
        "Cost Of Revenue": NaN,
        "Total Revenue": NaN,
        "Operating Revenue": NaN
    },
    "2023-03-31": {
        "Tax Effect Of Unusual Items": -17430.0,
        "Tax Rate For Calcs": 0.21,
        "Normalized EBITDA": 14000000.0,
        "Total Unusual Items": -83000.0,
        "Total Unusual Items Excluding Goodwill": -83000.0,
        "Net Income From Continuing Operation Net Minority Interest": 5093000.0,
        "Reconciled Depreciation": 3030000.0,
        "Reconciled Cost Of Revenue": 73595000.0,
        "EBITDA": 13917000.0,
        "EBIT": 10887000.0,
        "Net Interest Income": -706000.0,
        "Interest Expense": 706000.0,
        "Normalized Income": 5158570.0,
        "Net Income From Continuing And Discontinued Operation": 5093000.0,
        "Total Expenses": 146386000.0,
        "Total Operating Income As Reported": 11180000.0,
        "Diluted Average Shares": 117758000.0,
        "Basic Average Shares": 110794000.0,
        "Diluted EPS": 0.04,
        "Basic EPS": 0.05,
        "Diluted NI Availto Com Stockholders": 5093000.0,
        "Net Income Common Stockholders": 5093000.0,
        "Net Income": 5093000.0,
        "Net Income Including Noncontrolling Interests": 5093000.0,
        "Net Income Continuous Operations": 5093000.0,
        "Tax Provision": 5088000.0,
        "Pretax Income": 10181000.0,
        "Other Income Expense": -376000.0,
        "Other Non Operating Income Expenses": -293000.0,
        "Special Income Charges": -83000.0,
        "Restructuring And Mergern Acquisition": 83000.0,
        "Net Non Operating Interest Income Expense": -706000.0,
        "Interest Expense Non Operating": 706000.0,
        "Operating Income": 11263000.0,
        "Operating Expense": 72791000.0,
        "Depreciation Amortization Depletion Income Statement": NaN,
        "Depreciation And Amortization In Income Statement": NaN,
        "Amortization": NaN,
        "Amortization Of Intangibles Income Statement": NaN,
        "Research And Development": 33509000.0,
        "Selling General And Administration": 39282000.0,
        "Gross Profit": 84054000.0,
        "Cost Of Revenue": 73595000.0,
        "Total Revenue": 157649000.0,
        "Operating Revenue": 157649000.0
    },
    "2022-12-31": {
        "Tax Effect Of Unusual Items": NaN,
        "Tax Rate For Calcs": NaN,
        "Normalized EBITDA": NaN,
        "Total Unusual Items": NaN,
        "Total Unusual Items Excluding Goodwill": NaN,
        "Net Income From Continuing Operation Net Minority Interest": NaN,
        "Reconciled Depreciation": NaN,
        "Reconciled Cost Of Revenue": NaN,
        "EBITDA": NaN,
        "EBIT": NaN,
        "Net Interest Income": NaN,
        "Interest Expense": NaN,
        "Normalized Income": NaN,
        "Net Income From Continuing And Discontinued Operation": NaN,
        "Total Expenses": NaN,
        "Total Operating Income As Reported": NaN,
        "Diluted Average Shares": NaN,
        "Basic Average Shares": NaN,
        "Diluted EPS": NaN,
        "Basic EPS": NaN,
        "Diluted NI Availto Com Stockholders": NaN,
        "Net Income Common Stockholders": NaN,
        "Net Income": NaN,
        "Net Income Including Noncontrolling Interests": NaN,
        "Net Income Continuous Operations": NaN,
        "Tax Provision": NaN,
        "Pretax Income": NaN,
        "Other Income Expense": NaN,
        "Other Non Operating Income Expenses": NaN,
        "Special Income Charges": NaN,
        "Impairment Of Capital Assets": NaN,
        "Restructuring And Mergern Acquisition": NaN,
        "Net Non Operating Interest Income Expense": NaN,
        "Interest Expense Non Operating": NaN,
        "Operating Income": NaN,
        "Operating Expense": NaN,
        "Depreciation Amortization Depletion Income Statement": 0.0,
        "Depreciation And Amortization In Income Statement": 0.0,
        "Amortization": 0.0,
        "Amortization Of Intangibles Income Statement": 0.0,
        "Research And Development": NaN,
        "Selling General And Administration": NaN,
        "Gross Profit": NaN,
        "Cost Of Revenue": NaN,
        "Total Revenue": NaN,
        "Operating Revenue": NaN
    },
    "2022-09-30": {
        "Tax Effect Of Unusual Items": NaN,
        "Tax Rate For Calcs": NaN,
        "Normalized EBITDA": NaN,
        "Total Unusual Items": NaN,
        "Total Unusual Items Excluding Goodwill": NaN,
        "Net Income From Continuing Operation Net Minority Interest": NaN,
        "Reconciled Depreciation": NaN,
        "Reconciled Cost Of Revenue": NaN,
        "EBITDA": NaN,
        "EBIT": NaN,
        "Net Interest Income": NaN,
        "Interest Expense": NaN,
        "Normalized Income": NaN,
        "Net Income From Continuing And Discontinued Operation": NaN,
        "Total Expenses": NaN,
        "Total Operating Income As Reported": NaN,
        "Diluted Average Shares": NaN,
        "Basic Average Shares": NaN,
        "Diluted EPS": NaN,
        "Basic EPS": NaN,
        "Diluted NI Availto Com Stockholders": NaN,
        "Net Income Common Stockholders": NaN,
        "Net Income": NaN,
        "Net Income Including Noncontrolling Interests": NaN,
        "Net Income Continuous Operations": NaN,
        "Tax Provision": NaN,
        "Pretax Income": NaN,
        "Other Income Expense": NaN,
        "Other Non Operating Income Expenses": NaN,
        "Special Income Charges": NaN,
        "Restructuring And Mergern Acquisition": NaN,
        "Net Non Operating Interest Income Expense": NaN,
        "Interest Expense Non Operating": NaN,
        "Operating Income": NaN,
        "Operating Expense": NaN,
        "Depreciation Amortization Depletion Income Statement": 0.0,
        "Depreciation And Amortization In Income Statement": 0.0,
        "Amortization": 0.0,
        "Amortization Of Intangibles Income Statement": 0.0,
        "Research And Development": NaN,
        "Selling General And Administration": NaN,
        "Gross Profit": NaN,
        "Cost Of Revenue": NaN,
        "Total Revenue": NaN,
        "Operating Revenue": NaN
    },
    "2022-06-30": {
        "Tax Effect Of Unusual Items": -109674.980514,
        "Tax Rate For Calcs": 0.173811,
        "Normalized EBITDA": 23004000.0,
        "Total Unusual Items": -631000.0,
        "Total Unusual Items Excluding Goodwill": -631000.0,
        "Net Income From Continuing Operation Net Minority Interest": 14840000.0,
        "Reconciled Depreciation": 3017000.0,
        "Reconciled Cost Of Revenue": 72028000.0,
        "EBITDA": 22373000.0,
        "EBIT": 19356000.0,
        "Net Interest Income": -1394000.0,
        "Interest Expense": 1394000.0,
        "Normalized Income": 15361325.019486,
        "Net Income From Continuing And Discontinued Operation": 14840000.0,
        "Total Expenses": 141733000.0,
        "Total Operating Income As Reported": 15082000.0,
        "Diluted Average Shares": 108984000.0,
        "Basic Average Shares": 104630000.0,
        "Diluted EPS": 0.14,
        "Basic EPS": 0.14,
        "Diluted NI Availto Com Stockholders": 14840000.0,
        "Net Income Common Stockholders": 14840000.0,
        "Net Income": 14840000.0,
        "Net Income Including Noncontrolling Interests": 14840000.0,
        "Net Income Continuous Operations": 14840000.0,
        "Tax Provision": 3122000.0,
        "Pretax Income": 17962000.0,
        "Other Income Expense": 3643000.0,
        "Other Non Operating Income Expenses": 4274000.0,
        "Special Income Charges": -631000.0,
        "Restructuring And Mergern Acquisition": 631000.0,
        "Net Non Operating Interest Income Expense": -1394000.0,
        "Interest Expense Non Operating": 1394000.0,
        "Operating Income": 15713000.0,
        "Operating Expense": 66688000.0,
        "Depreciation Amortization Depletion Income Statement": 0.0,
        "Depreciation And Amortization In Income Statement": 0.0,
        "Amortization": 0.0,
        "Amortization Of Intangibles Income Statement": 0.0,
        "Research And Development": 29920000.0,
        "Selling General And Administration": 36768000.0,
        "Gross Profit": 82401000.0,
        "Cost Of Revenue": 75045000.0,
        "Total Revenue": 157446000.0,
        "Operating Revenue": 157446000.0
    },
    "2022-03-31": {
        "Diluted EPS": -0.01,
        "Total Revenue": 147,
        "Gross Profit": 69,
        "Operating Income": 3,
        "EBIT": 6,
        "Net Income": -2
    },
    "2021-12-31": {
        "Diluted EPS": 0.19,
        "Total Revenue": 156,
        "Gross Profit": 78,
        "Operating Income": 15,
        "EBIT": 20,
        "Net Income": 20
    },
    "2021-09-30": {
        "Diluted EPS": 0.01,
        "Total Revenue": 126,
        "Gross Profit": 66,
        "Operating Income": 5,
        "EBIT": 11,
        "Net Income": 2
    },
    "2021-06-30": {
        "Diluted EPS": -0.02,
        "Total Revenue": 113,
        "Gross Profit": 61,
        "Operating Income": 2,
        "EBIT": 7,
        "Net Income": -2
    },
    "2021-03-31": {
        "Diluted EPS": -0.06,
        "Total Revenue": 112,
        "Gross Profit": 55,
        "Operating Income": -4,
        "EBIT": 2,
        "Net Income": -6
    },
    "2020-12-31": {
        "Diluted EPS": 0.15,
        "Total Revenue": 132,
        "Gross Profit": 72,
        "Operating Income": 17,
        "EBIT": 23,
        "Net Income": 13
    },
    "2020-09-30": {
        "Diluted EPS": -0.06,
        "Total Revenue": 95,
        "Gross Profit": 49,
        "Operating Income": -2,
        "EBIT": 4,
        "Net Income": -5
    },
    "2020-06-30": {
        "Diluted EPS": -0.16,
        "Total Revenue": 74,
        "Gross Profit": 38,
        "Operating Income": -10,
        "EBIT": -4,
        "Net Income": -15
    },
    "2020-03-31": {
        "Diluted EPS": -0.23,
        "Total Revenue": 78,
        "Gross Profit": 37,
        "Operating Income": -18,
        "EBIT": -11,
        "Net Income": -22
    },
    "2019-12-31": {
        "Diluted EPS": 0.07,
        "Total Revenue": 122,
        "Gross Profit": 62,
        "Operating Income": 7,
        "EBIT": 14,
        "Net Income": 6
    },
    "2019-09-30": {
        "Diluted EPS": 0.12,
        "Total Revenue": 116,
        "Gross Profit": 76,
        "Operating Income": 23,
        "EBIT": 42,
        "Net Income": 12
    },
    "2019-06-30": {
        "Diluted EPS": -0.13,
        "Total Revenue": 85,
        "Gross Profit": 44,
        "Operating Income": -8,
        "EBIT": -1,
        "Net Income": -12
    },
    "2019-03-31": {
        "Diluted EPS": -0.13,
        "Total Revenue": 80,
        "Gross Profit": 42,
        "Operating Income": -8,
        "EBIT": -2,
        "Net Income": -11
    },
    "2018-12-31": {
        "Diluted EPS": 0.03,
        "Total Revenue": 114,
        "Gross Profit": 60,
        "Operating Income": 7,
        "EBIT": 14,
        "Net Income": 3
    },
    "2018-09-30": {
        "Diluted EPS": -0.09,
        "Total Revenue": 101,
        "Gross Profit": 50,
        "Operating Income": -4,
        "EBIT": 4,
        "Net Income": -8
    },
    "2018-06-30": {
        "Diluted EPS": -0.03,
        "Total Revenue": 99,
        "Gross Profit": 52,
        "Operating Income": 1,
        "EBIT": 8,
        "Net Income": -3
    },
    "2018-03-31": {
        "Diluted EPS": -0.16,
        "Total Revenue": 90,
        "Gross Profit": 47,
        "Operating Income": -9,
        "EBIT": -2,
        "Net Income": -14
    },
    "2017-12-31": {
        "Diluted EPS": -0.14,
        "Total Revenue": 101,
        "Gross Profit": 49,
        "Operating Income": -8,
        "EBIT": -1,
        "Net Income": -12
    },
    "2017-09-30": {
        "Diluted EPS": -0.19,
        "Total Revenue": 92,
        "Gross Profit": 47,
        "Operating Income": -14,
        "EBIT": -7,
        "Net Income": -16
    },
    "2017-06-30": {
        "Diluted EPS": -0.39,
        "Total Revenue": 82,
        "Gross Profit": 34,
        "Operating Income": -27,
        "EBIT": -20,
        "Net Income": -32
    },
    "2017-03-31": {
        "Diluted EPS": -0.3,
        "Total Revenue": 83,
        "Gross Profit": 40,
        "Operating Income": -21,
        "EBIT": -14,
        "Net Income": -24
    },
    "2016-12-31": {
        "Diluted EPS": -0.12,
        "Total Revenue": 113,
        "Gross Profit": 58,
        "Operating Income": -16,
        "EBIT": -7,
        "Net Income": -10
    },
    "2016-09-30": {
        "Diluted EPS": -0.21,
        "Total Revenue": 101,
        "Gross Profit": 51,
        "Operating Income": -12,
        "EBIT": -1,
        "Net Income": -16
    },
    "2016-06-30": {
        "Diluted EPS": -0.27,
        "Total Revenue": 110,
        "Gross Profit": 51,
        "Operating Income": -18,
        "EBIT": -7,
        "Net Income": -21
    },
    "2016-03-31": {
        "Diluted EPS": -0.33,
        "Total Revenue": 82,
        "Gross Profit": 41,
        "Operating Income": -21,
        "EBIT": -13,
        "Net Income": -25
    },
    "2015-12-31": {
        "Diluted EPS": -0.09,
        "Total Revenue": 87,
        "Gross Profit": 47,
        "Operating Income": -6,
        "EBIT": -2,
        "Net Income": -7
    },
    "2015-09-30": {
        "Diluted EPS": -0.05,
        "Total Revenue": 83,
        "Gross Profit": 46,
        "Operating Income": -6,
        "EBIT": -2,
        "Net Income": -5
    },
    "2015-06-30": {
        "Diluted EPS": -0.01,
        "Total Revenue": 103,
        "Gross Profit": 54,
        "Operating Income": 0,
        "EBIT": 5,
        "Net Income": -1
    },
    "2015-03-31": {
        "Diluted EPS": -0.03,
        "Total Revenue": 104,
        "Gross Profit": 55,
        "Operating Income": 0,
        "EBIT": 5,
        "Net Income": -3
    },
    "2014-12-31": {
        "Diluted EPS": -0.06,
        "Total Revenue": 108,
        "Gross Profit": 57,
        "Operating Income": -2,
        "EBIT": 4,
        "Net Income": -5
    },
    "2014-09-30": {
        "Diluted EPS": 0.01,
        "Total Revenue": 108,
        "Gross Profit": 53,
        "Operating Income": -4,
        "EBIT": 6,
        "Net Income": 1
    },
    "2014-06-30": {
        "Diluted EPS": -0.39,
        "Total Revenue": 110,
        "Gross Profit": 50,
        "Operating Income": -9,
        "EBIT": 2,
        "Net Income": -37
    },
    "2014-03-31": {
        "Diluted EPS": -0.06,
        "Total Revenue": 108,
        "Gross Profit": 52,
        "Operating Income": -7,
        "EBIT": 4,
        "Net Income": -5
    },
    "2013-12-31": {
        "Diluted EPS": -0.05,
        "Total Revenue": 120,
        "Gross Profit": 60,
        "Operating Income": -1,
        "EBIT": 10,
        "Net Income": -2
    },
    "2013-09-30": {
        "Diluted EPS": 0.36,
        "Total Revenue": 123,
        "Gross Profit": 57,
        "Operating Income": -3,
        "EBIT": 8,
        "Net Income": 37
    },
    "2013-06-30": {
        "Diluted EPS": -0.03,
        "Total Revenue": 117,
        "Gross Profit": 58,
        "Operating Income": -5,
        "EBIT": 6,
        "Net Income": -4
    },
    "2013-03-31": {
        "Diluted EPS": 0.06,
        "Total Revenue": 102,
        "Gross Profit": 46,
        "Operating Income": -15,
        "EBIT": -4,
        "Net Income": 6
    },
    "2012-12-31": {
        "Diluted EPS": 0.04,
        "Total Revenue": 118,
        "Gross Profit": 60,
        "Operating Income": -1,
        "EBIT": 10,
        "Net Income": 5
    },
    "2012-09-30": {
        "Diluted EPS": -0.07,
        "Total Revenue": 120,
        "Gross Profit": 55,
        "Operating Income": -4,
        "EBIT": 7,
        "Net Income": -8
    },
    "2012-06-30": {
        "Diluted EPS": 0.0,
        "Total Revenue": 122,
        "Gross Profit": 55,
        "Operating Income": -3,
        "EBIT": 8,
        "Net Income": 0
    },
    "2012-03-31": {
        "Diluted EPS": -0.06,
        "Total Revenue": 116,
        "Gross Profit": 50,
        "Operating Income": -10,
        "EBIT": 1,
        "Net Income": -8
    },
    "2011-12-31": {
        "Diluted EPS": 0.05,
        "Total Revenue": 85,
        "Gross Profit": 49,
        "Operating Income": -4,
        "EBIT": 8,
        "Net Income": 4
    },
    "2011-09-30": {
        "Diluted EPS": 0.03,
        "Total Revenue": 139,
        "Gross Profit": 64,
        "Operating Income": 4,
        "EBIT": 15,
        "Net Income": 4
    },
    "2011-06-30": {
        "Diluted EPS": 0.0,
        "Total Revenue": 134,
        "Gross Profit": 62,
        "Operating Income": 1,
        "EBIT": 13,
        "Net Income": 0
    },
    "2011-03-31": {
        "Diluted EPS": 0.0,
        "Total Revenue": 133,
        "Gross Profit": 62,
        "Operating Income": 0,
        "EBIT": 11,
        "Net Income": 1
    },
    "2010-12-31": {
        "Diluted EPS": -0.14,
        "Total Revenue": 138,
        "Gross Profit": 61,
        "Operating Income": -3,
        "EBIT": 9,
        "Net Income": -14
    },
    "2010-09-30": {
        "Diluted EPS": 0.0,
        "Total Revenue": 105,
        "Gross Profit": 48,
        "Operating Income": 2,
        "EBIT": 8,
        "Net Income": 0
    },
    "2010-06-30": {
        "Diluted EPS": 0.05,
        "Total Revenue": 96,
        "Gross Profit": 46,
        "Operating Income": 4,
        "EBIT": 9,
        "Net Income": 4
    },
    "2010-03-31": {
        "Diluted EPS": 0.05,
        "Total Revenue": 85,
        "Gross Profit": 41,
        "Operating Income": 2,
        "EBIT": 7,
        "Net Income": 5
    },
    "2009-12-31": {
        "Diluted EPS": 0.0,
        "Total Revenue": 87,
        "Gross Profit": 39,
        "Operating Income": 3,
        "EBIT": 9,
        "Net Income": 0
    },
    "2009-09-30": {
        "Diluted EPS": 0.03,
        "Total Revenue": 84,
        "Gross Profit": 36,
        "Operating Income": -1,
        "EBIT": 5,
        "Net Income": 3
    },
    "2009-06-30": {
        "Diluted EPS": -0.08,
        "Total Revenue": 81,
        "Gross Profit": 34,
        "Operating Income": -4,
        "EBIT": 2,
        "Net Income": -8
    },
    "2009-03-31": {
        "Diluted EPS": -0.2,
        "Total Revenue": 68,
        "Gross Profit": 25,
        "Operating Income": -11,
        "EBIT": -7,
        "Net Income": -19
    },
    "2023-09-30": {
        "Tax Effect Of Unusual Items": NaN,
        "Tax Rate For Calcs": NaN,
        "Normalized EBITDA": NaN,
        "Total Unusual Items": NaN,
        "Total Unusual Items Excluding Goodwill": NaN,
        "Net Income From Continuing Operation Net Minority Interest": NaN,
        "Reconciled Depreciation": NaN,
        "Reconciled Cost Of Revenue": NaN,
        "EBITDA": NaN,
        "EBIT": NaN,
        "Net Interest Income": NaN,
        "Interest Expense": NaN,
        "Normalized Income": NaN,
        "Net Income From Continuing And Discontinued Operation": NaN,
        "Total Expenses": NaN,
        "Total Operating Income As Reported": NaN,
        "Diluted Average Shares": NaN,
        "Basic Average Shares": NaN,
        "Diluted EPS": NaN,
        "Basic EPS": NaN,
        "Diluted NI Availto Com Stockholders": NaN,
        "Net Income Common Stockholders": NaN,
        "Net Income": NaN,
        "Net Income Including Noncontrolling Interests": NaN,
        "Net Income Continuous Operations": NaN,
        "Tax Provision": NaN,
        "Pretax Income": NaN,
        "Other Income Expense": NaN,
        "Other Non Operating Income Expenses": NaN,
        "Special Income Charges": NaN,
        "Impairment Of Capital Assets": 0.0,
        "Restructuring And Mergern Acquisition": NaN,
        "Net Non Operating Interest Income Expense": NaN,
        "Interest Expense Non Operating": NaN,
        "Operating Income": NaN,
        "Operating Expense": NaN,
        "Research And Development": NaN,
        "Selling General And Administration": NaN,
        "Gross Profit": NaN,
        "Cost Of Revenue": NaN,
        "Total Revenue": NaN,
        "Operating Revenue": NaN
    },
    "2023-12-31": {
        "Tax Effect Of Unusual Items": 0.0,
        "Tax Rate For Calcs": 0.21,
        "Normalized EBITDA": 12461000.0,
        "Total Unusual Items": 0.0,
        "Total Unusual Items Excluding Goodwill": 0.0,
        "Net Income From Continuing Operation Net Minority Interest": 83841000.0,
        "Reconciled Depreciation": 3077000.0,
        "Reconciled Cost Of Revenue": 85225000.0,
        "EBITDA": 12461000.0,
        "EBIT": 9384000.0,
        "Net Interest Income": -571000.0,
        "Interest Expense": 571000.0,
        "Normalized Income": 83841000.0,
        "Net Income From Continuing And Discontinued Operation": 83841000.0,
        "Total Expenses": 157459000.0,
        "Total Operating Income As Reported": 9633000.0,
        "Diluted Average Shares": 115691000.0,
        "Basic Average Shares": 112294000.0,
        "Diluted EPS": 0.72,
        "Basic EPS": 0.75,
        "Diluted NI Availto Com Stockholders": 83841000.0,
        "Net Income Common Stockholders": 83841000.0,
        "Net Income": 83841000.0,
        "Net Income Including Noncontrolling Interests": 83841000.0,
        "Net Income Continuous Operations": 83841000.0,
        "Tax Provision": -75028000.0,
        "Pretax Income": 8813000.0,
        "Other Income Expense": -249000.0,
        "Other Non Operating Income Expenses": -249000.0,
        "Special Income Charges": 0.0,
        "Impairment Of Capital Assets": NaN,
        "Restructuring And Mergern Acquisition": 0.0,
        "Net Non Operating Interest Income Expense": -571000.0,
        "Interest Expense Non Operating": 571000.0,
        "Operating Income": 9633000.0,
        "Operating Expense": 72234000.0,
        "Research And Development": 30252000.0,
        "Selling General And Administration": 41982000.0,
        "Gross Profit": 81867000.0,
        "Cost Of Revenue": 85225000.0,
        "Total Revenue": 167092000.0,
        "Operating Revenue": 167092000.0
    },
    "2024-03-31": {
        "Tax Effect Of Unusual Items": -705789.808313,
        "Tax Rate For Calcs": 0.232397,
        "Normalized EBITDA": -3693000.0,
        "Total Unusual Items": -3037000.0,
        "Total Unusual Items Excluding Goodwill": -3037000.0,
        "Net Income From Continuing Operation Net Minority Interest": -8089000.0,
        "Reconciled Depreciation": 3085000.0,
        "Reconciled Cost Of Revenue": 58979000.0,
        "EBITDA": -6730000.0,
        "EBIT": -9815000.0,
        "Net Interest Income": -723000.0,
        "Interest Expense": 723000.0,
        "Normalized Income": -5757789.808313,
        "Net Income From Continuing And Discontinued Operation": -8089000.0,
        "Total Expenses": 128549000.0,
        "Total Operating Income As Reported": -9526000.0,
        "Diluted Average Shares": 112350000.0,
        "Basic Average Shares": 112350000.0,
        "Diluted EPS": -0.07,
        "Basic EPS": -0.07,
        "Diluted NI Availto Com Stockholders": -8089000.0,
        "Net Income Common Stockholders": -8089000.0,
        "Net Income": -8089000.0,
        "Net Income Including Noncontrolling Interests": -8089000.0,
        "Net Income Continuous Operations": -8089000.0,
        "Tax Provision": -2449000.0,
        "Pretax Income": -10538000.0,
        "Other Income Expense": -3326000.0,
        "Other Non Operating Income Expenses": -289000.0,
        "Special Income Charges": -3037000.0,
        "Impairment Of Capital Assets": NaN,
        "Restructuring And Mergern Acquisition": 3037000.0,
        "Net Non Operating Interest Income Expense": -723000.0,
        "Interest Expense Non Operating": 723000.0,
        "Operating Income": -6489000.0,
        "Operating Expense": 69570000.0,
        "Research And Development": 30705000.0,
        "Selling General And Administration": 38865000.0,
        "Gross Profit": 63081000.0,
        "Cost Of Revenue": 58979000.0,
        "Total Revenue": 122060000.0,
        "Operating Revenue": 122060000.0
    },
    "2024-06-30": {
        "Tax Effect Of Unusual Items": NaN,
        "Tax Rate For Calcs": NaN,
        "Normalized EBITDA": NaN,
        "Total Unusual Items": NaN,
        "Total Unusual Items Excluding Goodwill": NaN,
        "Net Income From Continuing Operation Net Minority Interest": NaN,
        "Reconciled Depreciation": NaN,
        "Reconciled Cost Of Revenue": NaN,
        "EBITDA": NaN,
        "EBIT": NaN,
        "Net Interest Income": NaN,
        "Interest Expense": NaN,
        "Normalized Income": NaN,
        "Net Income From Continuing And Discontinued Operation": NaN,
        "Total Expenses": NaN,
        "Total Operating Income As Reported": NaN,
        "Diluted Average Shares": NaN,
        "Basic Average Shares": NaN,
        "Diluted EPS": NaN,
        "Basic EPS": NaN,
        "Diluted NI Availto Com Stockholders": NaN,
        "Net Income Common Stockholders": NaN,
        "Net Income": NaN,
        "Net Income Including Noncontrolling Interests": NaN,
        "Net Income Continuous Operations": NaN,
        "Tax Provision": NaN,
        "Pretax Income": NaN,
        "Other Income Expense": NaN,
        "Other Non Operating Income Expenses": NaN,
        "Special Income Charges": NaN,
        "Impairment Of Capital Assets": 9000000.0,
        "Restructuring And Mergern Acquisition": NaN,
        "Net Non Operating Interest Income Expense": NaN,
        "Interest Expense Non Operating": NaN,
        "Operating Income": NaN,
        "Operating Expense": NaN,
        "Research And Development": NaN,
        "Selling General And Administration": NaN,
        "Gross Profit": NaN,
        "Cost Of Revenue": NaN,
        "Total Revenue": NaN,
        "Operating Revenue": NaN
    },
    "2024-09-30": {
        "Tax Effect Of Unusual Items": -832666.527807,
        "Tax Rate For Calcs": 0.24606,
        "Normalized EBITDA": 37736000.0,
        "Total Unusual Items": -3384000.0,
        "Total Unusual Items Excluding Goodwill": -3384000.0,
        "Net Income From Continuing Operation Net Minority Interest": 21718000.0,
        "Reconciled Depreciation": 2860000.0,
        "Reconciled Cost Of Revenue": 91024000.0,
        "EBITDA": 34352000.0,
        "EBIT": 31492000.0,
        "Net Interest Income": -2686000.0,
        "Interest Expense": 2686000.0,
        "Normalized Income": 24269333.472193,
        "Net Income From Continuing And Discontinued Operation": 21718000.0,
        "Total Expenses": 156948000.0,
        "Total Operating Income As Reported": 35424000.0,
        "Diluted Average Shares": 117358000.0,
        "Basic Average Shares": 116403000.0,
        "Diluted EPS": 0.19,
        "Basic EPS": 0.19,
        "Diluted NI Availto Com Stockholders": 21718000.0,
        "Net Income Common Stockholders": 21718000.0,
        "Net Income": 21718000.0,
        "Net Income Including Noncontrolling Interests": 21718000.0,
        "Net Income Continuous Operations": 21718000.0,
        "Tax Provision": 7088000.0,
        "Pretax Income": 28806000.0,
        "Other Income Expense": -7316000.0,
        "Other Non Operating Income Expenses": -3932000.0,
        "Special Income Charges": -3384000.0,
        "Impairment Of Capital Assets": 3103000.0,
        "Restructuring And Mergern Acquisition": 281000.0,
        "Net Non Operating Interest Income Expense": -2686000.0,
        "Interest Expense Non Operating": 2686000.0,
        "Operating Income": 38808000.0,
        "Operating Expense": 65924000.0,
        "Research And Development": 30073000.0,
        "Selling General And Administration": 35851000.0,
        "Gross Profit": 104732000.0,
        "Cost Of Revenue": 91024000.0,
        "Total Revenue": 195756000.0,
        "Operating Revenue": 195756000.0
    },
    "2024-12-31": {
        "Tax Effect Of Unusual Items": -571449.910873,
        "Tax Rate For Calcs": 0.320499,
        "Normalized EBITDA": 63344000.0,
        "Total Unusual Items": -1783000.0,
        "Total Unusual Items Excluding Goodwill": -1783000.0,
        "Net Income From Continuing Operation Net Minority Interest": 38120000.0,
        "Reconciled Depreciation": 2968000.0,
        "Reconciled Cost Of Revenue": 97515000.0,
        "EBITDA": 61561000.0,
        "EBIT": 58593000.0,
        "Net Interest Income": -2493000.0,
        "Interest Expense": 2493000.0,
        "Normalized Income": 39331550.089127,
        "Net Income From Continuing And Discontinued Operation": 38120000.0,
        "Total Expenses": 167515000.0,
        "Total Operating Income As Reported": 52868000.0,
        "Diluted Average Shares": 117699000.0,
        "Basic Average Shares": 116619000.0,
        "Diluted EPS": 0.32,
        "Basic EPS": 0.33,
        "Diluted NI Availto Com Stockholders": 38120000.0,
        "Net Income Common Stockholders": 38120000.0,
        "Net Income": 38120000.0,
        "Net Income Including Noncontrolling Interests": 38120000.0,
        "Net Income Continuous Operations": 38120000.0,
        "Tax Provision": 17980000.0,
        "Pretax Income": 56100000.0,
        "Other Income Expense": 3942000.0,
        "Other Non Operating Income Expenses": 5725000.0,
        "Special Income Charges": -1783000.0,
        "Impairment Of Capital Assets": 610000.0,
        "Restructuring And Mergern Acquisition": 1173000.0,
        "Net Non Operating Interest Income Expense": -2493000.0,
        "Interest Expense Non Operating": 2493000.0,
        "Operating Income": 54651000.0,
        "Operating Expense": 70000000.0,
        "Research And Development": 31413000.0,
        "Selling General And Administration": 38587000.0,
        "Gross Profit": 124651000.0,
        "Cost Of Revenue": 97515000.0,
        "Total Revenue": 222166000.0,
        "Operating Revenue": 222166000.0
    },
    "2025-03-31": {
        "Tax Effect Of Unusual Items": 0.0,
        "Tax Rate For Calcs": 0.299611,
        "Normalized EBITDA": 12675000.0,
        "Total Unusual Items": 0.0,
        "Total Unusual Items Excluding Goodwill": 0.0,
        "Net Income From Continuing Operation Net Minority Interest": 5940000.0,
        "Reconciled Depreciation": 2720000.0,
        "Reconciled Cost Of Revenue": 54561000.0,
        "EBITDA": 12675000.0,
        "EBIT": 9955000.0,
        "Net Interest Income": -1474000.0,
        "Interest Expense": 1474000.0,
        "Normalized Income": 5940000.0,
        "Net Income From Continuing And Discontinued Operation": 5940000.0,
        "Total Expenses": 123008000.0,
        "Total Operating Income As Reported": 10127000.0,
        "Diluted Average Shares": 117021000.0,
        "Basic Average Shares": 116319000.0,
        "Diluted EPS": 0.05,
        "Basic EPS": 0.05,
        "Diluted NI Availto Com Stockholders": 5940000.0,
        "Net Income Common Stockholders": 5940000.0,
        "Net Income": 5940000.0,
        "Net Income Including Noncontrolling Interests": 5940000.0,
        "Net Income Continuous Operations": 5940000.0,
        "Tax Provision": 2541000.0,
        "Pretax Income": 8481000.0,
        "Other Income Expense": -172000.0,
        "Other Non Operating Income Expenses": -172000.0,
        "Special Income Charges": 0.0,
        "Impairment Of Capital Assets": NaN,
        "Restructuring And Mergern Acquisition": 0.0,
        "Net Non Operating Interest Income Expense": -1474000.0,
        "Interest Expense Non Operating": 1474000.0,
        "Operating Income": 10127000.0,
        "Operating Expense": 68447000.0,
        "Research And Development": 31349000.0,
        "Selling General And Administration": 37098000.0,
        "Gross Profit": 78574000.0,
        "Cost Of Revenue": 54561000.0,
        "Total Revenue": 133135000.0,
        "Operating Revenue": 133135000.0
    },
    "2025-06-30": {
        "Tax Effect Of Unusual Items": -80690.524194,
        "Tax Rate For Calcs": 0.035282,
        "Normalized EBITDA": 9188000.0,
        "Total Unusual Items": -2287000.0,
        "Total Unusual Items Excluding Goodwill": -2287000.0,
        "Net Income From Continuing Operation Net Minority Interest": 2871000.0,
        "Reconciled Depreciation": 2672000.0,
        "Reconciled Cost Of Revenue": 64234000.0,
        "EBITDA": 6901000.0,
        "EBIT": 4229000.0,
        "Net Interest Income": -1253000.0,
        "Interest Expense": 1253000.0,
        "Normalized Income": 5077309.475806,
        "Net Income From Continuing And Discontinued Operation": 2871000.0,
        "Total Expenses": 131870000.0,
        "Total Operating Income As Reported": 3870000.0,
        "Diluted Average Shares": 113493000.0,
        "Basic Average Shares": 113392000.0,
        "Diluted EPS": 0.03,
        "Basic EPS": 0.03,
        "Diluted NI Availto Com Stockholders": 2871000.0,
        "Net Income Common Stockholders": 2871000.0,
        "Net Income": 2871000.0,
        "Net Income Including Noncontrolling Interests": 2871000.0,
        "Net Income Continuous Operations": 2871000.0,
        "Tax Provision": 105000.0,
        "Pretax Income": 2976000.0,
        "Other Income Expense": -1928000.0,
        "Other Non Operating Income Expenses": 359000.0,
        "Special Income Charges": -2287000.0,
        "Impairment Of Capital Assets": 1637000.0,
        "Restructuring And Mergern Acquisition": 650000.0,
        "Net Non Operating Interest Income Expense": -1253000.0,
        "Interest Expense Non Operating": 1253000.0,
        "Operating Income": 6157000.0,
        "Operating Expense": 67636000.0,
        "Research And Development": 29442000.0,
        "Selling General And Administration": 38194000.0,
        "Gross Profit": 73793000.0,
        "Cost Of Revenue": 64234000.0,
        "Total Revenue": 138027000.0,
        "Operating Revenue": 138027000.0
    },
    "2025-09-30": {
        "Tax Effect Of Unusual Items": -228270.0,
        "Tax Rate For Calcs": 0.21,
        "Normalized EBITDA": 13842000.0,
        "Total Unusual Items": -1087000.0,
        "Total Unusual Items Excluding Goodwill": -1087000.0,
        "Net Income From Continuing Operation Net Minority Interest": 2694000.0,
        "Reconciled Depreciation": 2823000.0,
        "Reconciled Cost Of Revenue": 65253000.0,
        "EBITDA": 12755000.0,
        "EBIT": 9932000.0,
        "Net Interest Income": -1184000.0,
        "Interest Expense": 1184000.0,
        "Normalized Income": 3552730.0,
        "Net Income From Continuing And Discontinued Operation": 2694000.0,
        "Total Expenses": 131476000.0,
        "Total Operating Income As Reported": 9819000.0,
        "Diluted Average Shares": 113323000.0,
        "Basic Average Shares": 112982000.0,
        "Diluted EPS": 0.02,
        "Basic EPS": 0.02,
        "Diluted NI Availto Com Stockholders": 2694000.0,
        "Net Income Common Stockholders": 2694000.0,
        "Net Income": 2694000.0,
        "Net Income Including Noncontrolling Interests": 2694000.0,
        "Net Income Continuous Operations": 2694000.0,
        "Tax Provision": 6054000.0,
        "Pretax Income": 8748000.0,
        "Other Income Expense": -974000.0,
        "Other Non Operating Income Expenses": 113000.0,
        "Special Income Charges": -1087000.0,
        "Impairment Of Capital Assets": 0.0,
        "Restructuring And Mergern Acquisition": 1087000.0,
        "Net Non Operating Interest Income Expense": -1184000.0,
        "Interest Expense Non Operating": 1184000.0,
        "Operating Income": 10906000.0,
        "Operating Expense": 66223000.0,
        "Research And Development": 29699000.0,
        "Selling General And Administration": 36524000.0,
        "Gross Profit": 77129000.0,
        "Cost Of Revenue": 65253000.0,
        "Total Revenue": 142382000.0,
        "Operating Revenue": 142382000.0
    }
}