{
    "2023-03-31": {
        "Tax Effect Of Unusual Items": -861338.0,
        "Tax Rate For Calcs": 0.269,
        "Normalized EBITDA": 34848000.0,
        "Total Unusual Items": -3202000.0,
        "Total Unusual Items Excluding Goodwill": -3202000.0,
        "Net Income From Continuing Operation Net Minority Interest": 4247000.0,
        "Reconciled Depreciation": 7535000.0,
        "Reconciled Cost Of Revenue": 100636000.0,
        "EBITDA": 31646000.0,
        "EBIT": 24111000.0,
        "Net Interest Income": -18298000.0,
        "Interest Expense": 18298000.0,
        "Normalized Income": 6587662.0,
        "Net Income From Continuing And Discontinued Operation": 4247000.0,
        "Total Expenses": 144892000.0,
        "Total Operating Income As Reported": 25974000.0,
        "Diluted Average Shares": 117244762.0,
        "Basic Average Shares": 117153525.0,
        "Diluted EPS": 0.04,
        "Basic EPS": 0.04,
        "Diluted NI Availto Com Stockholders": 4247000.0,
        "Average Dilution Earnings": NaN,
        "Net Income Common Stockholders": 4247000.0,
        "Net Income": 4247000.0,
        "Net Income Including Noncontrolling Interests": 4247000.0,
        "Net Income Continuous Operations": 4247000.0,
        "Tax Provision": 1566000.0,
        "Pretax Income": 5813000.0,
        "Other Income Expense": -3202000.0,
        "Special Income Charges": -1767000.0,
        "Other Special Charges": NaN,
        "Impairment Of Capital Assets": NaN,
        "Restructuring And Mergern Acquisition": 1767000.0,
        "Gain On Sale Of Security": -1435000.0,
        "Net Non Operating Interest Income Expense": -18298000.0,
        "Interest Expense Non Operating": 18298000.0,
        "Operating Income": 27313000.0,
        "Operating Expense": 40400000.0,
        "Other Operating Expenses": 51000.0,
        "Depreciation Amortization Depletion Income Statement": 3679000.0,
        "Depreciation And Amortization In Income Statement": 3679000.0,
        "Amortization": 3679000.0,
        "Amortization Of Intangibles Income Statement": 3679000.0,
        "Research And Development": 6653000.0,
        "Selling General And Administration": 30017000.0,
        "Gross Profit": 67713000.0,
        "Cost Of Revenue": 104492000.0,
        "Total Revenue": 172205000.0,
        "Operating Revenue": 172205000.0
    },
    "2022-12-31": {
        "Tax Effect Of Unusual Items": NaN,
        "Tax Rate For Calcs": NaN,
        "Normalized EBITDA": NaN,
        "Total Unusual Items": NaN,
        "Total Unusual Items Excluding Goodwill": NaN,
        "Net Income From Continuing Operation Net Minority Interest": NaN,
        "Reconciled Depreciation": NaN,
        "Reconciled Cost Of Revenue": NaN,
        "EBITDA": NaN,
        "EBIT": NaN,
        "Net Interest Income": NaN,
        "Interest Expense": NaN,
        "Normalized Income": NaN,
        "Net Income From Continuing And Discontinued Operation": NaN,
        "Total Expenses": NaN,
        "Total Operating Income As Reported": NaN,
        "Diluted Average Shares": NaN,
        "Basic Average Shares": NaN,
        "Diluted EPS": NaN,
        "Basic EPS": NaN,
        "Diluted NI Availto Com Stockholders": NaN,
        "Average Dilution Earnings": NaN,
        "Net Income Common Stockholders": NaN,
        "Net Income": NaN,
        "Net Income Including Noncontrolling Interests": NaN,
        "Net Income Continuous Operations": NaN,
        "Tax Provision": NaN,
        "Pretax Income": NaN,
        "Other Income Expense": NaN,
        "Special Income Charges": NaN,
        "Other Special Charges": NaN,
        "Impairment Of Capital Assets": 0.0,
        "Restructuring And Mergern Acquisition": NaN,
        "Gain On Sale Of Security": NaN,
        "Net Non Operating Interest Income Expense": NaN,
        "Interest Expense Non Operating": NaN,
        "Operating Income": NaN,
        "Operating Expense": NaN,
        "Other Operating Expenses": NaN,
        "Depreciation Amortization Depletion Income Statement": NaN,
        "Depreciation And Amortization In Income Statement": NaN,
        "Amortization": NaN,
        "Amortization Of Intangibles Income Statement": NaN,
        "Research And Development": NaN,
        "Selling General And Administration": NaN,
        "Gross Profit": NaN,
        "Cost Of Revenue": NaN,
        "Total Revenue": NaN,
        "Operating Revenue": NaN
    },
    "2022-09-30": {
        "Tax Effect Of Unusual Items": NaN,
        "Tax Rate For Calcs": NaN,
        "Normalized EBITDA": NaN,
        "Total Unusual Items": NaN,
        "Total Unusual Items Excluding Goodwill": NaN,
        "Net Income From Continuing Operation Net Minority Interest": NaN,
        "Reconciled Depreciation": NaN,
        "Reconciled Cost Of Revenue": NaN,
        "EBITDA": NaN,
        "EBIT": NaN,
        "Net Interest Income": NaN,
        "Interest Expense": NaN,
        "Normalized Income": NaN,
        "Net Income From Continuing And Discontinued Operation": NaN,
        "Total Expenses": NaN,
        "Total Operating Income As Reported": NaN,
        "Diluted Average Shares": NaN,
        "Basic Average Shares": NaN,
        "Diluted EPS": NaN,
        "Basic EPS": NaN,
        "Diluted NI Availto Com Stockholders": NaN,
        "Average Dilution Earnings": 0.0,
        "Net Income Common Stockholders": NaN,
        "Net Income": NaN,
        "Net Income Including Noncontrolling Interests": NaN,
        "Net Income Continuous Operations": NaN,
        "Tax Provision": NaN,
        "Pretax Income": NaN,
        "Other Income Expense": NaN,
        "Special Income Charges": NaN,
        "Other Special Charges": NaN,
        "Impairment Of Capital Assets": 2395000.0,
        "Restructuring And Mergern Acquisition": NaN,
        "Gain On Sale Of Security": NaN,
        "Net Non Operating Interest Income Expense": NaN,
        "Interest Expense Non Operating": NaN,
        "Operating Income": NaN,
        "Operating Expense": NaN,
        "Other Operating Expenses": NaN,
        "Depreciation Amortization Depletion Income Statement": NaN,
        "Depreciation And Amortization In Income Statement": NaN,
        "Amortization": NaN,
        "Amortization Of Intangibles Income Statement": NaN,
        "Research And Development": NaN,
        "Selling General And Administration": NaN,
        "Gross Profit": NaN,
        "Cost Of Revenue": NaN,
        "Total Revenue": NaN,
        "Operating Revenue": NaN
    },
    "2022-06-30": {
        "Tax Effect Of Unusual Items": 1774059.0,
        "Tax Rate For Calcs": 0.069,
        "Normalized EBITDA": 34426000.0,
        "Total Unusual Items": 25711000.0,
        "Total Unusual Items Excluding Goodwill": 25711000.0,
        "Net Income From Continuing Operation Net Minority Interest": 40563000.0,
        "Reconciled Depreciation": 7590000.0,
        "Reconciled Cost Of Revenue": 100204000.0,
        "EBITDA": 60137000.0,
        "EBIT": 52547000.0,
        "Net Interest Income": -8961000.0,
        "Interest Expense": 8961000.0,
        "Normalized Income": 16626059.0,
        "Net Income From Continuing And Discontinued Operation": 40563000.0,
        "Total Expenses": 152584000.0,
        "Total Operating Income As Reported": 25145000.0,
        "Diluted Average Shares": 117114553.0,
        "Basic Average Shares": 116931623.0,
        "Diluted EPS": 0.35,
        "Basic EPS": 0.35,
        "Diluted NI Availto Com Stockholders": 40563000.0,
        "Average Dilution Earnings": 0.0,
        "Net Income Common Stockholders": 40563000.0,
        "Net Income": 40563000.0,
        "Net Income Including Noncontrolling Interests": 40563000.0,
        "Net Income Continuous Operations": 40563000.0,
        "Tax Provision": 3023000.0,
        "Pretax Income": 43586000.0,
        "Other Income Expense": 25711000.0,
        "Special Income Charges": 2543000.0,
        "Impairment Of Capital Assets": NaN,
        "Restructuring And Mergern Acquisition": -2543000.0,
        "Gain On Sale Of Security": 23168000.0,
        "Net Non Operating Interest Income Expense": -8961000.0,
        "Interest Expense Non Operating": 8961000.0,
        "Operating Income": 26836000.0,
        "Operating Expense": 48452000.0,
        "Other Operating Expenses": 325000.0,
        "Depreciation Amortization Depletion Income Statement": 3662000.0,
        "Depreciation And Amortization In Income Statement": 3662000.0,
        "Amortization": 3662000.0,
        "Amortization Of Intangibles Income Statement": 3662000.0,
        "Research And Development": 8196000.0,
        "Selling General And Administration": 36269000.0,
        "Gross Profit": 75288000.0,
        "Cost Of Revenue": 104132000.0,
        "Total Revenue": 179420000.0,
        "Operating Revenue": 179420000.0
    },
    "2022-03-31": {
        "Diluted EPS": 0.15,
        "Total Revenue": 200,
        "Gross Profit": 83,
        "Operating Income": 36,
        "EBIT": 44,
        "Net Income": 17
    },
    "2021-12-31": {
        "Diluted EPS": -0.33,
        "Total Revenue": 180,
        "Gross Profit": 75,
        "Operating Income": 23,
        "EBIT": 31,
        "Net Income": -18
    },
    "2021-09-30": {
        "Diluted EPS": -0.28,
        "Total Revenue": 160,
        "Gross Profit": 65,
        "Operating Income": 2,
        "EBIT": 9,
        "Net Income": -30
    },
    "2021-06-30": {
        "Diluted EPS": 0.34,
        "Total Revenue": 193,
        "Gross Profit": 81,
        "Operating Income": 40,
        "EBIT": 47,
        "Net Income": 23
    },
    "2021-03-31": {
        "Diluted EPS": -0.03,
        "Total Revenue": 160,
        "Gross Profit": 66,
        "Operating Income": 13,
        "EBIT": 19,
        "Net Income": -2
    },
    "2020-12-31": {
        "Diluted EPS": 0.0,
        "Total Revenue": NaN,
        "Gross Profit": NaN,
        "Operating Income": NaN,
        "EBIT": NaN,
        "Net Income": NaN
    },
    "2020-09-30": {
        "Diluted EPS": 0.2,
        "Total Revenue": 133,
        "Gross Profit": 56,
        "Operating Income": 28,
        "EBIT": 28,
        "Net Income": 14
    },
    "2019-12-31": {
        "Diluted EPS": 0.0,
        "Total Revenue": NaN,
        "Gross Profit": NaN,
        "Operating Income": NaN,
        "EBIT": NaN,
        "Net Income": NaN
    },
    "2023-06-30": {
        "Tax Effect Of Unusual Items": NaN,
        "Tax Rate For Calcs": NaN,
        "Normalized EBITDA": NaN,
        "Total Unusual Items": NaN,
        "Total Unusual Items Excluding Goodwill": NaN,
        "Net Income From Continuing Operation Net Minority Interest": NaN,
        "Reconciled Depreciation": NaN,
        "Reconciled Cost Of Revenue": NaN,
        "EBITDA": NaN,
        "EBIT": NaN,
        "Net Interest Income": NaN,
        "Interest Expense": NaN,
        "Normalized Income": NaN,
        "Net Income From Continuing And Discontinued Operation": NaN,
        "Total Expenses": NaN,
        "Total Operating Income As Reported": NaN,
        "Diluted Average Shares": NaN,
        "Basic Average Shares": NaN,
        "Diluted EPS": NaN,
        "Basic EPS": NaN,
        "Diluted NI Availto Com Stockholders": NaN,
        "Average Dilution Earnings": 0.0,
        "Net Income Common Stockholders": NaN,
        "Net Income": NaN,
        "Net Income Including Noncontrolling Interests": NaN,
        "Net Income Continuous Operations": NaN,
        "Tax Provision": NaN,
        "Pretax Income": NaN,
        "Other Income Expense": NaN,
        "Special Income Charges": NaN,
        "Other Special Charges": NaN,
        "Write Off": NaN,
        "Impairment Of Capital Assets": NaN,
        "Restructuring And Mergern Acquisition": NaN,
        "Gain On Sale Of Security": NaN,
        "Net Non Operating Interest Income Expense": NaN,
        "Interest Expense Non Operating": NaN,
        "Operating Income": NaN,
        "Operating Expense": NaN,
        "Other Operating Expenses": NaN,
        "Depreciation Amortization Depletion Income Statement": NaN,
        "Depreciation And Amortization In Income Statement": NaN,
        "Amortization": NaN,
        "Amortization Of Intangibles Income Statement": NaN,
        "Research And Development": NaN,
        "Selling General And Administration": NaN,
        "Gross Profit": NaN,
        "Cost Of Revenue": NaN,
        "Total Revenue": NaN,
        "Operating Revenue": NaN
    },
    "2023-09-30": {
        "Tax Effect Of Unusual Items": NaN,
        "Tax Rate For Calcs": NaN,
        "Normalized EBITDA": NaN,
        "Total Unusual Items": NaN,
        "Total Unusual Items Excluding Goodwill": NaN,
        "Net Income From Continuing Operation Net Minority Interest": NaN,
        "Reconciled Depreciation": NaN,
        "Reconciled Cost Of Revenue": NaN,
        "EBITDA": NaN,
        "EBIT": NaN,
        "Net Interest Income": NaN,
        "Interest Expense": NaN,
        "Normalized Income": NaN,
        "Net Income From Continuing And Discontinued Operation": NaN,
        "Total Expenses": NaN,
        "Total Operating Income As Reported": NaN,
        "Diluted Average Shares": NaN,
        "Basic Average Shares": NaN,
        "Diluted EPS": NaN,
        "Basic EPS": NaN,
        "Diluted NI Availto Com Stockholders": NaN,
        "Average Dilution Earnings": 0.0,
        "Net Income Common Stockholders": NaN,
        "Net Income": NaN,
        "Net Income Including Noncontrolling Interests": NaN,
        "Net Income Continuous Operations": NaN,
        "Tax Provision": NaN,
        "Pretax Income": NaN,
        "Other Income Expense": NaN,
        "Special Income Charges": NaN,
        "Other Special Charges": NaN,
        "Write Off": 0.0,
        "Impairment Of Capital Assets": 0.0,
        "Restructuring And Mergern Acquisition": NaN,
        "Gain On Sale Of Security": NaN,
        "Net Non Operating Interest Income Expense": NaN,
        "Interest Expense Non Operating": NaN,
        "Operating Income": NaN,
        "Operating Expense": NaN,
        "Other Operating Expenses": NaN,
        "Depreciation Amortization Depletion Income Statement": NaN,
        "Depreciation And Amortization In Income Statement": NaN,
        "Amortization": NaN,
        "Amortization Of Intangibles Income Statement": NaN,
        "Research And Development": NaN,
        "Selling General And Administration": NaN,
        "Gross Profit": NaN,
        "Cost Of Revenue": NaN,
        "Total Revenue": NaN,
        "Operating Revenue": NaN
    },
    "2023-12-31": {
        "Tax Effect Of Unusual Items": NaN,
        "Tax Rate For Calcs": NaN,
        "Normalized EBITDA": NaN,
        "Total Unusual Items": NaN,
        "Total Unusual Items Excluding Goodwill": NaN,
        "Net Income From Continuing Operation Net Minority Interest": NaN,
        "Reconciled Depreciation": NaN,
        "Reconciled Cost Of Revenue": NaN,
        "EBITDA": NaN,
        "EBIT": NaN,
        "Net Interest Income": NaN,
        "Interest Expense": NaN,
        "Normalized Income": NaN,
        "Net Income From Continuing And Discontinued Operation": NaN,
        "Total Expenses": NaN,
        "Total Operating Income As Reported": NaN,
        "Diluted Average Shares": NaN,
        "Basic Average Shares": NaN,
        "Diluted EPS": NaN,
        "Basic EPS": NaN,
        "Diluted NI Availto Com Stockholders": NaN,
        "Average Dilution Earnings": 0.0,
        "Net Income Common Stockholders": NaN,
        "Net Income": NaN,
        "Net Income Including Noncontrolling Interests": NaN,
        "Net Income Continuous Operations": NaN,
        "Tax Provision": NaN,
        "Pretax Income": NaN,
        "Other Income Expense": NaN,
        "Special Income Charges": NaN,
        "Other Special Charges": NaN,
        "Write Off": NaN,
        "Impairment Of Capital Assets": 0.0,
        "Restructuring And Mergern Acquisition": NaN,
        "Gain On Sale Of Security": NaN,
        "Net Non Operating Interest Income Expense": NaN,
        "Interest Expense Non Operating": NaN,
        "Operating Income": NaN,
        "Operating Expense": NaN,
        "Other Operating Expenses": NaN,
        "Depreciation Amortization Depletion Income Statement": NaN,
        "Depreciation And Amortization In Income Statement": NaN,
        "Amortization": NaN,
        "Amortization Of Intangibles Income Statement": NaN,
        "Research And Development": NaN,
        "Selling General And Administration": NaN,
        "Gross Profit": NaN,
        "Cost Of Revenue": NaN,
        "Total Revenue": NaN,
        "Operating Revenue": NaN
    },
    "2024-03-31": {
        "Tax Effect Of Unusual Items": NaN,
        "Tax Rate For Calcs": NaN,
        "Normalized EBITDA": NaN,
        "Total Unusual Items": NaN,
        "Total Unusual Items Excluding Goodwill": NaN,
        "Net Income From Continuing Operation Net Minority Interest": NaN,
        "Reconciled Depreciation": NaN,
        "Reconciled Cost Of Revenue": NaN,
        "EBITDA": NaN,
        "EBIT": NaN,
        "Net Interest Income": NaN,
        "Interest Expense": NaN,
        "Normalized Income": NaN,
        "Net Income From Continuing And Discontinued Operation": NaN,
        "Total Expenses": NaN,
        "Total Operating Income As Reported": NaN,
        "Diluted Average Shares": NaN,
        "Basic Average Shares": NaN,
        "Diluted EPS": NaN,
        "Basic EPS": NaN,
        "Diluted NI Availto Com Stockholders": NaN,
        "Net Income Common Stockholders": NaN,
        "Net Income": NaN,
        "Net Income Including Noncontrolling Interests": NaN,
        "Net Income Continuous Operations": NaN,
        "Tax Provision": NaN,
        "Pretax Income": NaN,
        "Other Income Expense": NaN,
        "Special Income Charges": NaN,
        "Other Special Charges": 141000.0,
        "Write Off": NaN,
        "Restructuring And Mergern Acquisition": NaN,
        "Gain On Sale Of Security": NaN,
        "Net Non Operating Interest Income Expense": NaN,
        "Interest Expense Non Operating": NaN,
        "Operating Income": NaN,
        "Operating Expense": NaN,
        "Other Operating Expenses": NaN,
        "Depreciation Amortization Depletion Income Statement": NaN,
        "Depreciation And Amortization In Income Statement": NaN,
        "Amortization": NaN,
        "Amortization Of Intangibles Income Statement": NaN,
        "Research And Development": NaN,
        "Selling General And Administration": NaN,
        "Gross Profit": NaN,
        "Cost Of Revenue": NaN,
        "Total Revenue": NaN,
        "Operating Revenue": NaN
    },
    "2024-06-30": {
        "Tax Effect Of Unusual Items": 478677.713987,
        "Tax Rate For Calcs": 0.107255,
        "Normalized EBITDA": 35368000.0,
        "Total Unusual Items": 4463000.0,
        "Total Unusual Items Excluding Goodwill": 4463000.0,
        "Net Income From Continuing Operation Net Minority Interest": 17105000.0,
        "Reconciled Depreciation": 7493000.0,
        "Reconciled Cost Of Revenue": 95145000.0,
        "EBITDA": 39831000.0,
        "EBIT": 32338000.0,
        "Net Interest Income": -13178000.0,
        "Interest Expense": 13178000.0,
        "Normalized Income": 13120677.713987,
        "Net Income From Continuing And Discontinued Operation": 17105000.0,
        "Total Expenses": 141621000.0,
        "Total Operating Income As Reported": 27878000.0,
        "Diluted Average Shares": 119261236.0,
        "Basic Average Shares": 118470358.0,
        "Diluted EPS": 0.14,
        "Basic EPS": 0.14,
        "Diluted NI Availto Com Stockholders": 17105000.0,
        "Net Income Common Stockholders": 17105000.0,
        "Net Income": 17105000.0,
        "Net Income Including Noncontrolling Interests": 17105000.0,
        "Net Income Continuous Operations": 17105000.0,
        "Tax Provision": 2055000.0,
        "Pretax Income": 19160000.0,
        "Other Income Expense": 4463000.0,
        "Special Income Charges": 1061000.0,
        "Other Special Charges": NaN,
        "Write Off": NaN,
        "Restructuring And Mergern Acquisition": -1061000.0,
        "Gain On Sale Of Security": 3402000.0,
        "Net Non Operating Interest Income Expense": -13178000.0,
        "Interest Expense Non Operating": 13178000.0,
        "Operating Income": 27875000.0,
        "Operating Expense": 42418000.0,
        "Other Operating Expenses": 102000.0,
        "Depreciation Amortization Depletion Income Statement": 3435000.0,
        "Depreciation And Amortization In Income Statement": 3435000.0,
        "Amortization": 3435000.0,
        "Amortization Of Intangibles Income Statement": 3435000.0,
        "Research And Development": 4311000.0,
        "Selling General And Administration": 34570000.0,
        "Gross Profit": 70293000.0,
        "Cost Of Revenue": 99203000.0,
        "Total Revenue": 169496000.0,
        "Operating Revenue": 169496000.0
    },
    "2024-09-30": {
        "Tax Effect Of Unusual Items": -1295349.459599,
        "Tax Rate For Calcs": 0.190942,
        "Normalized EBITDA": 20982000.0,
        "Total Unusual Items": -6784000.0,
        "Total Unusual Items Excluding Goodwill": -6784000.0,
        "Net Income From Continuing Operation Net Minority Interest": -6288000.0,
        "Reconciled Depreciation": 6960000.0,
        "Reconciled Cost Of Revenue": 78208000.0,
        "EBITDA": 14198000.0,
        "EBIT": 7238000.0,
        "Net Interest Income": -15010000.0,
        "Interest Expense": 15010000.0,
        "Normalized Income": -799349.459599,
        "Net Income From Continuing And Discontinued Operation": -6288000.0,
        "Total Expenses": 120016000.0,
        "Total Operating Income As Reported": 5563000.0,
        "Diluted Average Shares": 118694139.0,
        "Basic Average Shares": 118694139.0,
        "Diluted EPS": -0.05,
        "Basic EPS": -0.05,
        "Diluted NI Availto Com Stockholders": -6288000.0,
        "Net Income Common Stockholders": -6288000.0,
        "Net Income": -6288000.0,
        "Net Income Including Noncontrolling Interests": -6288000.0,
        "Net Income Continuous Operations": -6288000.0,
        "Tax Provision": -1484000.0,
        "Pretax Income": -7772000.0,
        "Other Income Expense": -6784000.0,
        "Special Income Charges": -7825000.0,
        "Other Special Charges": NaN,
        "Write Off": 7505000.0,
        "Restructuring And Mergern Acquisition": 320000.0,
        "Gain On Sale Of Security": 1041000.0,
        "Net Non Operating Interest Income Expense": -15010000.0,
        "Interest Expense Non Operating": 15010000.0,
        "Operating Income": 14022000.0,
        "Operating Expense": 38284000.0,
        "Other Operating Expenses": 119000.0,
        "Depreciation Amortization Depletion Income Statement": 3436000.0,
        "Depreciation And Amortization In Income Statement": 3436000.0,
        "Amortization": 3436000.0,
        "Amortization Of Intangibles Income Statement": 3436000.0,
        "Research And Development": 4620000.0,
        "Selling General And Administration": 30109000.0,
        "Gross Profit": 52306000.0,
        "Cost Of Revenue": 81732000.0,
        "Total Revenue": 134038000.0,
        "Operating Revenue": 134038000.0
    },
    "2024-12-31": {
        "Tax Effect Of Unusual Items": -3363160.767654,
        "Tax Rate For Calcs": 0.066812,
        "Normalized EBITDA": 29244000.0,
        "Total Unusual Items": -50338000.0,
        "Total Unusual Items Excluding Goodwill": -50338000.0,
        "Net Income From Continuing Operation Net Minority Interest": -37782000.0,
        "Reconciled Depreciation": 7895000.0,
        "Reconciled Cost Of Revenue": 71850000.0,
        "EBITDA": -21094000.0,
        "EBIT": -28989000.0,
        "Net Interest Income": -11498000.0,
        "Interest Expense": 11498000.0,
        "Normalized Income": 9192839.232346,
        "Net Income From Continuing And Discontinued Operation": -37782000.0,
        "Total Expenses": 118705000.0,
        "Total Operating Income As Reported": -28981000.0,
        "Diluted Average Shares": 118724000.0,
        "Basic Average Shares": 118724000.0,
        "Diluted EPS": -0.32,
        "Basic EPS": -0.32,
        "Diluted NI Availto Com Stockholders": -37782000.0,
        "Net Income Common Stockholders": -37782000.0,
        "Net Income": -37782000.0,
        "Net Income Including Noncontrolling Interests": -37782000.0,
        "Net Income Continuous Operations": -37782000.0,
        "Tax Provision": -2705000.0,
        "Pretax Income": -40487000.0,
        "Other Income Expense": -50338000.0,
        "Special Income Charges": -50338000.0,
        "Other Special Charges": 0.0,
        "Write Off": NaN,
        "Restructuring And Mergern Acquisition": 8000.0,
        "Gain On Sale Of Security": 0.0,
        "Net Non Operating Interest Income Expense": -11498000.0,
        "Interest Expense Non Operating": 11498000.0,
        "Operating Income": 21349000.0,
        "Operating Expense": 42537000.0,
        "Other Operating Expenses": -481000.0,
        "Depreciation Amortization Depletion Income Statement": 3577000.0,
        "Depreciation And Amortization In Income Statement": 3577000.0,
        "Amortization": 3577000.0,
        "Amortization Of Intangibles Income Statement": 3577000.0,
        "Research And Development": 4967000.0,
        "Selling General And Administration": 34474000.0,
        "Gross Profit": 63886000.0,
        "Cost Of Revenue": 76168000.0,
        "Total Revenue": 140054000.0,
        "Operating Revenue": 140054000.0
    },
    "2025-03-31": {
        "Tax Effect Of Unusual Items": -56580.0,
        "Tax Rate For Calcs": 0.276,
        "Normalized EBITDA": 26953000.0,
        "Total Unusual Items": -205000.0,
        "Total Unusual Items Excluding Goodwill": -205000.0,
        "Net Income From Continuing Operation Net Minority Interest": 2817000.0,
        "Reconciled Depreciation": 7147000.0,
        "Reconciled Cost Of Revenue": 85341000.0,
        "EBITDA": 26748000.0,
        "EBIT": 19601000.0,
        "Net Interest Income": -15708000.0,
        "Interest Expense": 15708000.0,
        "Normalized Income": 2965420.0,
        "Net Income From Continuing And Discontinued Operation": 2817000.0,
        "Total Expenses": 133238000.0,
        "Total Operating Income As Reported": 19343000.0,
        "Diluted Average Shares": 119559217.0,
        "Basic Average Shares": 118845487.0,
        "Diluted EPS": 0.02,
        "Basic EPS": 0.02,
        "Diluted NI Availto Com Stockholders": 2817000.0,
        "Net Income Common Stockholders": 2817000.0,
        "Net Income": 2817000.0,
        "Net Income Including Noncontrolling Interests": 2817000.0,
        "Net Income Continuous Operations": 2817000.0,
        "Tax Provision": 1076000.0,
        "Pretax Income": 3893000.0,
        "Other Income Expense": -205000.0,
        "Special Income Charges": -278000.0,
        "Other Special Charges": NaN,
        "Write Off": NaN,
        "Restructuring And Mergern Acquisition": 278000.0,
        "Gain On Sale Of Security": 73000.0,
        "Net Non Operating Interest Income Expense": -15708000.0,
        "Interest Expense Non Operating": 15708000.0,
        "Operating Income": 19806000.0,
        "Operating Expense": 44282000.0,
        "Other Operating Expenses": -42000.0,
        "Depreciation Amortization Depletion Income Statement": 3532000.0,
        "Depreciation And Amortization In Income Statement": 3532000.0,
        "Amortization": 3532000.0,
        "Amortization Of Intangibles Income Statement": 3532000.0,
        "Research And Development": 4093000.0,
        "Selling General And Administration": 36699000.0,
        "Gross Profit": 64088000.0,
        "Cost Of Revenue": 88956000.0,
        "Total Revenue": 153044000.0,
        "Operating Revenue": 153044000.0
    },
    "2025-06-30": {
        "Tax Effect Of Unusual Items": -31455.311151,
        "Tax Rate For Calcs": 0.24384,
        "Normalized EBITDA": 34760000.0,
        "Total Unusual Items": -129000.0,
        "Total Unusual Items Excluding Goodwill": -129000.0,
        "Net Income From Continuing Operation Net Minority Interest": 10863000.0,
        "Reconciled Depreciation": 6891000.0,
        "Reconciled Cost Of Revenue": 93562000.0,
        "EBITDA": 34631000.0,
        "EBIT": 27740000.0,
        "Net Interest Income": -13374000.0,
        "Interest Expense": 13374000.0,
        "Normalized Income": 10960544.688849,
        "Net Income From Continuing And Discontinued Operation": 10863000.0,
        "Total Expenses": 138792000.0,
        "Total Operating Income As Reported": 27514000.0,
        "Diluted Average Shares": 119791000.0,
        "Basic Average Shares": 119163000.0,
        "Diluted EPS": 0.09,
        "Basic EPS": 0.09,
        "Diluted NI Availto Com Stockholders": 10863000.0,
        "Net Income Common Stockholders": 10863000.0,
        "Net Income": 10863000.0,
        "Net Income Including Noncontrolling Interests": 10863000.0,
        "Net Income Continuous Operations": 10863000.0,
        "Tax Provision": 3503000.0,
        "Pretax Income": 14366000.0,
        "Other Income Expense": -129000.0,
        "Special Income Charges": -136000.0,
        "Other Special Charges": NaN,
        "Write Off": NaN,
        "Restructuring And Mergern Acquisition": 136000.0,
        "Gain On Sale Of Security": 7000.0,
        "Net Non Operating Interest Income Expense": -13374000.0,
        "Interest Expense Non Operating": 13374000.0,
        "Operating Income": 27869000.0,
        "Operating Expense": 41689000.0,
        "Other Operating Expenses": 299000.0,
        "Depreciation Amortization Depletion Income Statement": 3350000.0,
        "Depreciation And Amortization In Income Statement": 3350000.0,
        "Amortization": 3350000.0,
        "Amortization Of Intangibles Income Statement": 3350000.0,
        "Research And Development": 5086000.0,
        "Selling General And Administration": 32954000.0,
        "Gross Profit": 69558000.0,
        "Cost Of Revenue": 97103000.0,
        "Total Revenue": 166661000.0,
        "Operating Revenue": 166661000.0
    },
    "2025-09-30": {
        "Tax Effect Of Unusual Items": -1156050.0,
        "Tax Rate For Calcs": 0.21,
        "Normalized EBITDA": 24700000.0,
        "Total Unusual Items": -5505000.0,
        "Total Unusual Items Excluding Goodwill": -5505000.0,
        "Net Income From Continuing Operation Net Minority Interest": -806000.0,
        "Reconciled Depreciation": 7473000.0,
        "Reconciled Cost Of Revenue": 74517000.0,
        "EBITDA": 19195000.0,
        "EBIT": 11722000.0,
        "Net Interest Income": -11259000.0,
        "Interest Expense": 11259000.0,
        "Normalized Income": 3542950.0,
        "Net Income From Continuing And Discontinued Operation": -806000.0,
        "Total Expenses": 121146000.0,
        "Total Operating Income As Reported": 15867000.0,
        "Diluted Average Shares": 119405911.0,
        "Basic Average Shares": 119405911.0,
        "Diluted EPS": -0.01,
        "Basic EPS": -0.01,
        "Diluted NI Availto Com Stockholders": -806000.0,
        "Net Income Common Stockholders": -806000.0,
        "Net Income": -806000.0,
        "Net Income Including Noncontrolling Interests": -806000.0,
        "Net Income Continuous Operations": -806000.0,
        "Tax Provision": 1269000.0,
        "Pretax Income": 463000.0,
        "Other Income Expense": -5505000.0,
        "Special Income Charges": -2486000.0,
        "Other Special Charges": NaN,
        "Write Off": 0.0,
        "Restructuring And Mergern Acquisition": 2486000.0,
        "Gain On Sale Of Security": -3019000.0,
        "Net Non Operating Interest Income Expense": -11259000.0,
        "Interest Expense Non Operating": 11259000.0,
        "Operating Income": 17227000.0,
        "Operating Expense": 42612000.0,
        "Other Operating Expenses": 975000.0,
        "Depreciation Amortization Depletion Income Statement": 3456000.0,
        "Depreciation And Amortization In Income Statement": 3456000.0,
        "Amortization": 3456000.0,
        "Amortization Of Intangibles Income Statement": 3456000.0,
        "Research And Development": 4715000.0,
        "Selling General And Administration": 33466000.0,
        "Gross Profit": 59839000.0,
        "Cost Of Revenue": 78534000.0,
        "Total Revenue": 138373000.0,
        "Operating Revenue": 138373000.0
    }
}