{
    "2023-03-31": {
        "Tax Effect Of Unusual Items": NaN,
        "Tax Rate For Calcs": NaN,
        "Normalized EBITDA": NaN,
        "Total Unusual Items": NaN,
        "Total Unusual Items Excluding Goodwill": NaN,
        "Net Income From Continuing Operation Net Minority Interest": NaN,
        "Reconciled Depreciation": NaN,
        "Reconciled Cost Of Revenue": NaN,
        "EBITDA": NaN,
        "EBIT": NaN,
        "Net Interest Income": NaN,
        "Interest Expense": NaN,
        "Normalized Income": NaN,
        "Net Income From Continuing And Discontinued Operation": NaN,
        "Total Expenses": NaN,
        "Total Operating Income As Reported": NaN,
        "Diluted Average Shares": NaN,
        "Basic Average Shares": NaN,
        "Diluted EPS": NaN,
        "Basic EPS": NaN,
        "Diluted NI Availto Com Stockholders": NaN,
        "Average Dilution Earnings": 0.0,
        "Net Income Common Stockholders": NaN,
        "Net Income": NaN,
        "Net Income Including Noncontrolling Interests": NaN,
        "Net Income Continuous Operations": NaN,
        "Tax Provision": NaN,
        "Pretax Income": NaN,
        "Other Income Expense": NaN,
        "Special Income Charges": NaN,
        "Other Special Charges": NaN,
        "Net Non Operating Interest Income Expense": NaN,
        "Total Other Finance Cost": NaN,
        "Interest Expense Non Operating": NaN,
        "Operating Income": NaN,
        "Operating Expense": NaN,
        "Other Operating Expenses": NaN,
        "Depreciation Amortization Depletion Income Statement": NaN,
        "Depreciation And Amortization In Income Statement": NaN,
        "Amortization": NaN,
        "Amortization Of Intangibles Income Statement": NaN,
        "Depreciation Income Statement": NaN,
        "Selling General And Administration": NaN,
        "Gross Profit": NaN,
        "Cost Of Revenue": NaN,
        "Total Revenue": NaN,
        "Operating Revenue": NaN
    },
    "2022-12-31": {
        "Tax Effect Of Unusual Items": 0.0,
        "Tax Rate For Calcs": 0.21,
        "Normalized EBITDA": 35348000.0,
        "Net Income From Continuing Operation Net Minority Interest": -13899000.0,
        "Reconciled Depreciation": 31628000.0,
        "Reconciled Cost Of Revenue": 198330000.0,
        "EBITDA": 35348000.0,
        "EBIT": 3720000.0,
        "Net Interest Income": -15703000.0,
        "Interest Expense": 15703000.0,
        "Normalized Income": -13899000.0,
        "Net Income From Continuing And Discontinued Operation": -13899000.0,
        "Total Expenses": 346943000.0,
        "Total Operating Income As Reported": 3720000.0,
        "Diluted Average Shares": 194468000.0,
        "Basic Average Shares": 194468000.0,
        "Diluted EPS": -0.07,
        "Basic EPS": -0.07,
        "Diluted NI Availto Com Stockholders": -13899000.0,
        "Net Income Common Stockholders": -13899000.0,
        "Net Income": -13899000.0,
        "Net Income Including Noncontrolling Interests": -13899000.0,
        "Net Income Continuous Operations": -13899000.0,
        "Tax Provision": 1916000.0,
        "Pretax Income": -11983000.0,
        "Net Non Operating Interest Income Expense": -15703000.0,
        "Interest Expense Non Operating": 15703000.0,
        "Operating Income": 3720000.0,
        "Operating Expense": 148613000.0,
        "Other Operating Expenses": 2005000.0,
        "Depreciation Amortization Depletion Income Statement": 31628000.0,
        "Depreciation And Amortization In Income Statement": 31628000.0,
        "Amortization": 15551000.0,
        "Amortization Of Intangibles Income Statement": 15551000.0,
        "Depreciation Income Statement": 16077000.0,
        "Selling General And Administration": 114980000.0,
        "Gross Profit": 152333000.0,
        "Cost Of Revenue": 198330000.0,
        "Total Revenue": 350663000.0,
        "Operating Revenue": 350663000.0
    },
    "2022-09-30": {
        "Tax Effect Of Unusual Items": NaN,
        "Tax Rate For Calcs": NaN,
        "Normalized EBITDA": NaN,
        "Net Income From Continuing Operation Net Minority Interest": NaN,
        "Reconciled Depreciation": NaN,
        "Reconciled Cost Of Revenue": NaN,
        "EBITDA": NaN,
        "EBIT": NaN,
        "Net Interest Income": NaN,
        "Interest Expense": NaN,
        "Normalized Income": NaN,
        "Net Income From Continuing And Discontinued Operation": NaN,
        "Total Expenses": NaN,
        "Total Operating Income As Reported": NaN,
        "Diluted Average Shares": NaN,
        "Basic Average Shares": NaN,
        "Diluted EPS": NaN,
        "Basic EPS": NaN,
        "Diluted NI Availto Com Stockholders": NaN,
        "Average Dilution Earnings": NaN,
        "Net Income Common Stockholders": NaN,
        "Net Income": NaN,
        "Net Income Including Noncontrolling Interests": NaN,
        "Net Income Continuous Operations": NaN,
        "Tax Provision": NaN,
        "Pretax Income": NaN,
        "Net Non Operating Interest Income Expense": NaN,
        "Total Other Finance Cost": NaN,
        "Interest Expense Non Operating": NaN,
        "Operating Income": NaN,
        "Operating Expense": NaN,
        "Other Operating Expenses": NaN,
        "Depreciation Amortization Depletion Income Statement": NaN,
        "Depreciation And Amortization In Income Statement": NaN,
        "Amortization": NaN,
        "Amortization Of Intangibles Income Statement": NaN,
        "Depreciation Income Statement": NaN,
        "Selling General And Administration": NaN,
        "General And Administrative Expense": 133246000.0,
        "Other Gand A": 133246000.0,
        "Gross Profit": NaN,
        "Cost Of Revenue": NaN,
        "Total Revenue": NaN,
        "Operating Revenue": NaN
    },
    "2022-06-30": {
        "Tax Effect Of Unusual Items": 0.0,
        "Tax Rate For Calcs": 0.4,
        "Normalized EBITDA": 57511000.0,
        "Net Income From Continuing Operation Net Minority Interest": 8816000.0,
        "Reconciled Depreciation": 29738000.0,
        "Reconciled Cost Of Revenue": 220146000.0,
        "EBITDA": 57511000.0,
        "EBIT": 27773000.0,
        "Net Interest Income": -12533000.0,
        "Interest Expense": 12533000.0,
        "Normalized Income": 8816000.0,
        "Net Income From Continuing And Discontinued Operation": 8816000.0,
        "Total Expenses": 366341000.0,
        "Total Operating Income As Reported": 27773000.0,
        "Diluted Average Shares": 196686000.0,
        "Basic Average Shares": 194135000.0,
        "Diluted EPS": 0.04,
        "Basic EPS": 0.05,
        "Diluted NI Availto Com Stockholders": 8816000.0,
        "Net Income Common Stockholders": 8816000.0,
        "Net Income": 8816000.0,
        "Net Income Including Noncontrolling Interests": 8816000.0,
        "Net Income Continuous Operations": 8816000.0,
        "Tax Provision": 6424000.0,
        "Pretax Income": 15240000.0,
        "Net Non Operating Interest Income Expense": -12533000.0,
        "Interest Expense Non Operating": 12533000.0,
        "Operating Income": 27773000.0,
        "Operating Expense": 146195000.0,
        "Other Operating Expenses": -1772000.0,
        "Depreciation Amortization Depletion Income Statement": 29738000.0,
        "Depreciation And Amortization In Income Statement": 29738000.0,
        "Amortization": 15566000.0,
        "Amortization Of Intangibles Income Statement": 15566000.0,
        "Depreciation Income Statement": 14172000.0,
        "Selling General And Administration": 118229000.0,
        "General And Administrative Expense": 118229000.0,
        "Other Gand A": 118229000.0,
        "Gross Profit": 173968000.0,
        "Cost Of Revenue": 220146000.0,
        "Total Revenue": 394114000.0,
        "Operating Revenue": 394114000.0
    },
    "2022-03-31": {
        "Diluted EPS": -0.01,
        "Total Revenue": 363,
        "Gross Profit": 150,
        "Operating Income": 9,
        "EBIT": 39,
        "Net Income": -2
    },
    "2021-12-31": {
        "Diluted EPS": 0.05,
        "Total Revenue": 344,
        "Gross Profit": 139,
        "Operating Income": -2,
        "EBIT": 28,
        "Net Income": 7
    },
    "2021-09-30": {
        "Diluted EPS": -0.19,
        "Total Revenue": 364,
        "Gross Profit": 127,
        "Operating Income": -13,
        "EBIT": 18,
        "Net Income": -33
    },
    "2021-06-30": {
        "Diluted EPS": -0.04,
        "Total Revenue": 376,
        "Gross Profit": 160,
        "Operating Income": 20,
        "EBIT": 51,
        "Net Income": -3
    },
    "2021-03-31": {
        "Diluted EPS": -0.1,
        "Total Revenue": 341,
        "Gross Profit": 140,
        "Operating Income": 6,
        "EBIT": 38,
        "Net Income": -9
    },
    "2020-12-31": {
        "Diluted EPS": 0.0,
        "Total Revenue": NaN,
        "Gross Profit": NaN,
        "Operating Income": NaN,
        "EBIT": NaN,
        "Net Income": NaN
    },
    "2020-09-30": {
        "Diluted EPS": 0.1,
        "Total Revenue": 399,
        "Gross Profit": 171,
        "Operating Income": 35,
        "EBIT": 35,
        "Net Income": 9
    },
    "2019-12-31": {
        "Diluted EPS": 0.0,
        "Total Revenue": NaN,
        "Gross Profit": NaN,
        "Operating Income": NaN,
        "EBIT": NaN,
        "Net Income": NaN
    },
    "2019-09-30": {
        "Diluted EPS": 0.0,
        "Total Revenue": NaN,
        "Gross Profit": NaN,
        "Operating Income": NaN,
        "EBIT": NaN,
        "Net Income": NaN
    },
    "2023-06-30": {
        "Tax Effect Of Unusual Items": NaN,
        "Tax Rate For Calcs": NaN,
        "Normalized EBITDA": NaN,
        "Total Unusual Items": 0.0,
        "Total Unusual Items Excluding Goodwill": 0.0,
        "Net Income From Continuing Operation Net Minority Interest": NaN,
        "Reconciled Depreciation": NaN,
        "Reconciled Cost Of Revenue": NaN,
        "EBITDA": NaN,
        "EBIT": NaN,
        "Net Interest Income": NaN,
        "Interest Expense": NaN,
        "Normalized Income": NaN,
        "Net Income From Continuing And Discontinued Operation": NaN,
        "Total Expenses": NaN,
        "Total Operating Income As Reported": NaN,
        "Diluted Average Shares": NaN,
        "Basic Average Shares": NaN,
        "Diluted EPS": NaN,
        "Basic EPS": NaN,
        "Diluted NI Availto Com Stockholders": NaN,
        "Average Dilution Earnings": 0.0,
        "Net Income Common Stockholders": NaN,
        "Net Income": NaN,
        "Net Income Including Noncontrolling Interests": NaN,
        "Net Income Continuous Operations": NaN,
        "Tax Provision": NaN,
        "Pretax Income": NaN,
        "Other Income Expense": NaN,
        "Special Income Charges": 0.0,
        "Other Special Charges": NaN,
        "Net Non Operating Interest Income Expense": NaN,
        "Total Other Finance Cost": NaN,
        "Interest Expense Non Operating": NaN,
        "Operating Income": NaN,
        "Operating Expense": NaN,
        "Other Operating Expenses": NaN,
        "Depreciation Amortization Depletion Income Statement": NaN,
        "Depreciation And Amortization In Income Statement": NaN,
        "Amortization": NaN,
        "Amortization Of Intangibles Income Statement": NaN,
        "Depreciation Income Statement": NaN,
        "Selling General And Administration": NaN,
        "Gross Profit": NaN,
        "Cost Of Revenue": NaN,
        "Total Revenue": NaN,
        "Operating Revenue": NaN
    },
    "2023-09-30": {
        "Tax Effect Of Unusual Items": NaN,
        "Tax Rate For Calcs": NaN,
        "Normalized EBITDA": NaN,
        "Total Unusual Items": 0.0,
        "Total Unusual Items Excluding Goodwill": 0.0,
        "Net Income From Continuing Operation Net Minority Interest": NaN,
        "Reconciled Depreciation": NaN,
        "Reconciled Cost Of Revenue": NaN,
        "EBITDA": NaN,
        "EBIT": NaN,
        "Net Interest Income": NaN,
        "Interest Expense": NaN,
        "Normalized Income": NaN,
        "Net Income From Continuing And Discontinued Operation": NaN,
        "Total Expenses": NaN,
        "Total Operating Income As Reported": NaN,
        "Diluted Average Shares": NaN,
        "Basic Average Shares": NaN,
        "Diluted EPS": NaN,
        "Basic EPS": NaN,
        "Diluted NI Availto Com Stockholders": NaN,
        "Average Dilution Earnings": NaN,
        "Net Income Common Stockholders": NaN,
        "Net Income": NaN,
        "Net Income Including Noncontrolling Interests": NaN,
        "Net Income Continuous Operations": NaN,
        "Tax Provision": NaN,
        "Pretax Income": NaN,
        "Other Income Expense": NaN,
        "Special Income Charges": 0.0,
        "Other Special Charges": NaN,
        "Net Non Operating Interest Income Expense": NaN,
        "Total Other Finance Cost": NaN,
        "Interest Expense Non Operating": NaN,
        "Operating Income": NaN,
        "Operating Expense": NaN,
        "Other Operating Expenses": NaN,
        "Depreciation Amortization Depletion Income Statement": NaN,
        "Depreciation And Amortization In Income Statement": NaN,
        "Amortization": NaN,
        "Amortization Of Intangibles Income Statement": NaN,
        "Depreciation Income Statement": NaN,
        "Selling General And Administration": NaN,
        "Gross Profit": NaN,
        "Cost Of Revenue": NaN,
        "Total Revenue": NaN,
        "Operating Revenue": NaN
    },
    "2023-12-31": {
        "Tax Effect Of Unusual Items": 0.0,
        "Tax Rate For Calcs": 0.096226,
        "Normalized EBITDA": 34268000.0,
        "Total Unusual Items": NaN,
        "Total Unusual Items Excluding Goodwill": NaN,
        "Net Income From Continuing Operation Net Minority Interest": -10059000.0,
        "Reconciled Depreciation": 29968000.0,
        "Reconciled Cost Of Revenue": 185304000.0,
        "EBITDA": 34268000.0,
        "EBIT": 4300000.0,
        "Net Interest Income": -15430000.0,
        "Interest Expense": 15430000.0,
        "Normalized Income": -10059000.0,
        "Net Income From Continuing And Discontinued Operation": -10059000.0,
        "Total Expenses": 343508000.0,
        "Total Operating Income As Reported": 4300000.0,
        "Diluted Average Shares": 194903000.0,
        "Basic Average Shares": 194903000.0,
        "Diluted EPS": -0.05,
        "Basic EPS": -0.05,
        "Diluted NI Availto Com Stockholders": -10059000.0,
        "Average Dilution Earnings": NaN,
        "Net Income Common Stockholders": -10059000.0,
        "Net Income": -10059000.0,
        "Net Income Including Noncontrolling Interests": -10059000.0,
        "Net Income Continuous Operations": -10059000.0,
        "Tax Provision": -1071000.0,
        "Pretax Income": -11130000.0,
        "Other Income Expense": NaN,
        "Special Income Charges": NaN,
        "Other Special Charges": NaN,
        "Net Non Operating Interest Income Expense": -15430000.0,
        "Total Other Finance Cost": NaN,
        "Interest Expense Non Operating": 15430000.0,
        "Operating Income": 4300000.0,
        "Operating Expense": 158204000.0,
        "Other Operating Expenses": 12002000.0,
        "Depreciation Amortization Depletion Income Statement": 29968000.0,
        "Depreciation And Amortization In Income Statement": 29968000.0,
        "Amortization": 15576000.0,
        "Amortization Of Intangibles Income Statement": 15576000.0,
        "Depreciation Income Statement": 14392000.0,
        "Selling General And Administration": 116234000.0,
        "Gross Profit": 162504000.0,
        "Cost Of Revenue": 185304000.0,
        "Total Revenue": 347808000.0,
        "Operating Revenue": 347808000.0
    },
    "2024-03-31": {
        "Tax Effect Of Unusual Items": NaN,
        "Tax Rate For Calcs": NaN,
        "Normalized EBITDA": NaN,
        "Total Unusual Items": -3008000.0,
        "Total Unusual Items Excluding Goodwill": -3008000.0,
        "Net Income From Continuing Operation Net Minority Interest": NaN,
        "Reconciled Depreciation": NaN,
        "Reconciled Cost Of Revenue": NaN,
        "EBITDA": NaN,
        "EBIT": NaN,
        "Net Interest Income": NaN,
        "Interest Expense": NaN,
        "Normalized Income": NaN,
        "Net Income From Continuing And Discontinued Operation": NaN,
        "Total Expenses": NaN,
        "Total Operating Income As Reported": NaN,
        "Diluted Average Shares": NaN,
        "Basic Average Shares": NaN,
        "Diluted EPS": NaN,
        "Basic EPS": NaN,
        "Diluted NI Availto Com Stockholders": NaN,
        "Average Dilution Earnings": 0.0,
        "Net Income Common Stockholders": NaN,
        "Net Income": NaN,
        "Net Income Including Noncontrolling Interests": NaN,
        "Net Income Continuous Operations": NaN,
        "Tax Provision": NaN,
        "Pretax Income": NaN,
        "Other Income Expense": -3008000.0,
        "Special Income Charges": -3008000.0,
        "Other Special Charges": 3008000.0,
        "Net Non Operating Interest Income Expense": NaN,
        "Total Other Finance Cost": 3008000.0,
        "Interest Expense Non Operating": NaN,
        "Operating Income": NaN,
        "Operating Expense": NaN,
        "Other Operating Expenses": NaN,
        "Depreciation Amortization Depletion Income Statement": NaN,
        "Depreciation And Amortization In Income Statement": NaN,
        "Amortization": NaN,
        "Amortization Of Intangibles Income Statement": NaN,
        "Depreciation Income Statement": NaN,
        "Selling General And Administration": NaN,
        "Gross Profit": NaN,
        "Cost Of Revenue": NaN,
        "Total Revenue": NaN,
        "Operating Revenue": NaN
    },
    "2024-06-30": {
        "Tax Effect Of Unusual Items": 0.0,
        "Tax Rate For Calcs": 0.289761,
        "Normalized EBITDA": 63132000.0,
        "Total Unusual Items": 0.0,
        "Total Unusual Items Excluding Goodwill": 0.0,
        "Net Income From Continuing Operation Net Minority Interest": 12535000.0,
        "Reconciled Depreciation": 31546000.0,
        "Reconciled Cost Of Revenue": 194672000.0,
        "EBITDA": 63132000.0,
        "EBIT": 31586000.0,
        "Net Interest Income": -13937000.0,
        "Interest Expense": 13937000.0,
        "Normalized Income": 12535000.0,
        "Net Income From Continuing And Discontinued Operation": 12535000.0,
        "Total Expenses": 347846000.0,
        "Total Operating Income As Reported": 31586000.0,
        "Diluted Average Shares": 198420000.0,
        "Basic Average Shares": 196075000.0,
        "Diluted EPS": 0.06,
        "Basic EPS": 0.06,
        "Diluted NI Availto Com Stockholders": 12535000.0,
        "Average Dilution Earnings": 0.0,
        "Net Income Common Stockholders": 12535000.0,
        "Net Income": 12535000.0,
        "Net Income Including Noncontrolling Interests": 12535000.0,
        "Net Income Continuous Operations": 12535000.0,
        "Tax Provision": 5114000.0,
        "Pretax Income": 17649000.0,
        "Other Income Expense": NaN,
        "Special Income Charges": 0.0,
        "Other Special Charges": NaN,
        "Net Non Operating Interest Income Expense": -13937000.0,
        "Total Other Finance Cost": NaN,
        "Interest Expense Non Operating": 13937000.0,
        "Operating Income": 31586000.0,
        "Operating Expense": 153174000.0,
        "Other Operating Expenses": 474000.0,
        "Depreciation Amortization Depletion Income Statement": 31546000.0,
        "Depreciation And Amortization In Income Statement": 31546000.0,
        "Amortization": 15249000.0,
        "Amortization Of Intangibles Income Statement": 15249000.0,
        "Depreciation Income Statement": 16297000.0,
        "Selling General And Administration": 121154000.0,
        "Gross Profit": 184760000.0,
        "Cost Of Revenue": 194672000.0,
        "Total Revenue": 379432000.0,
        "Operating Revenue": 379432000.0
    },
    "2024-09-30": {
        "Tax Effect Of Unusual Items": 0.0,
        "Tax Rate For Calcs": 0.37,
        "Normalized EBITDA": 60216000.0,
        "Total Unusual Items": 0.0,
        "Total Unusual Items Excluding Goodwill": 0.0,
        "Net Income From Continuing Operation Net Minority Interest": 7434000.0,
        "Reconciled Depreciation": 33302000.0,
        "Reconciled Cost Of Revenue": 203700000.0,
        "EBITDA": 60216000.0,
        "EBIT": 26914000.0,
        "Net Interest Income": -15108000.0,
        "Interest Expense": 15108000.0,
        "Normalized Income": 7434000.0,
        "Net Income From Continuing And Discontinued Operation": 7434000.0,
        "Total Expenses": 366382000.0,
        "Total Operating Income As Reported": 26914000.0,
        "Diluted Average Shares": 199034000.0,
        "Basic Average Shares": 196297000.0,
        "Diluted EPS": 0.04,
        "Basic EPS": 0.04,
        "Diluted NI Availto Com Stockholders": 7434000.0,
        "Average Dilution Earnings": NaN,
        "Net Income Common Stockholders": 7434000.0,
        "Net Income": 7434000.0,
        "Net Income Including Noncontrolling Interests": 7434000.0,
        "Net Income Continuous Operations": 7434000.0,
        "Tax Provision": 4372000.0,
        "Pretax Income": 11806000.0,
        "Other Income Expense": NaN,
        "Special Income Charges": 0.0,
        "Other Special Charges": NaN,
        "Net Non Operating Interest Income Expense": -15108000.0,
        "Total Other Finance Cost": NaN,
        "Interest Expense Non Operating": 15108000.0,
        "Operating Income": 26914000.0,
        "Operating Expense": 162682000.0,
        "Other Operating Expenses": -881000.0,
        "Depreciation Amortization Depletion Income Statement": 33302000.0,
        "Depreciation And Amortization In Income Statement": 33302000.0,
        "Amortization": 15354000.0,
        "Amortization Of Intangibles Income Statement": 15354000.0,
        "Depreciation Income Statement": 17948000.0,
        "Selling General And Administration": 130261000.0,
        "Gross Profit": 189596000.0,
        "Cost Of Revenue": 203700000.0,
        "Total Revenue": 393296000.0,
        "Operating Revenue": 393296000.0
    },
    "2024-12-31": {
        "Tax Effect Of Unusual Items": 0.0,
        "Tax Rate For Calcs": 0.21,
        "Normalized EBITDA": 47597000.0,
        "Total Unusual Items": NaN,
        "Total Unusual Items Excluding Goodwill": NaN,
        "Net Income From Continuing Operation Net Minority Interest": -1222000.0,
        "Reconciled Depreciation": 33600000.0,
        "Reconciled Cost Of Revenue": 182885000.0,
        "EBITDA": 47597000.0,
        "EBIT": 13997000.0,
        "Net Interest Income": -14925000.0,
        "Interest Expense": 14925000.0,
        "Normalized Income": -1222000.0,
        "Net Income From Continuing And Discontinued Operation": -1222000.0,
        "Total Expenses": 335565000.0,
        "Total Operating Income As Reported": 13997000.0,
        "Diluted Average Shares": 196689000.0,
        "Basic Average Shares": 196689000.0,
        "Diluted EPS": -0.01,
        "Basic EPS": -0.01,
        "Diluted NI Availto Com Stockholders": -1222000.0,
        "Average Dilution Earnings": NaN,
        "Net Income Common Stockholders": -1222000.0,
        "Net Income": -1222000.0,
        "Net Income Including Noncontrolling Interests": -1222000.0,
        "Net Income Continuous Operations": -1222000.0,
        "Tax Provision": 294000.0,
        "Pretax Income": -928000.0,
        "Other Income Expense": NaN,
        "Special Income Charges": NaN,
        "Other Special Charges": NaN,
        "Net Non Operating Interest Income Expense": -14925000.0,
        "Total Other Finance Cost": 0.0,
        "Interest Expense Non Operating": 14925000.0,
        "Operating Income": 13997000.0,
        "Operating Expense": 152680000.0,
        "Other Operating Expenses": 358000.0,
        "Depreciation Amortization Depletion Income Statement": 33600000.0,
        "Depreciation And Amortization In Income Statement": 33600000.0,
        "Amortization": 15417000.0,
        "Amortization Of Intangibles Income Statement": 15417000.0,
        "Depreciation Income Statement": 18183000.0,
        "Selling General And Administration": 118722000.0,
        "Gross Profit": 166677000.0,
        "Cost Of Revenue": 182885000.0,
        "Total Revenue": 349562000.0,
        "Operating Revenue": 349562000.0
    },
    "2025-03-31": {
        "Tax Effect Of Unusual Items": 0.0,
        "Tax Rate For Calcs": 0.097,
        "Normalized EBITDA": 48919000.0,
        "Total Unusual Items": -906000.0,
        "Total Unusual Items Excluding Goodwill": -906000.0,
        "Net Income From Continuing Operation Net Minority Interest": -317000.0,
        "Reconciled Depreciation": 34810000.0,
        "Reconciled Cost Of Revenue": 190740000.0,
        "EBITDA": 48919000.0,
        "EBIT": 14109000.0,
        "Net Interest Income": -15366000.0,
        "Interest Expense": 14460000.0,
        "Normalized Income": -317000.0,
        "Net Income From Continuing And Discontinued Operation": -317000.0,
        "Total Expenses": 344328000.0,
        "Total Operating Income As Reported": 15015000.0,
        "Diluted Average Shares": 197284000.0,
        "Basic Average Shares": 197284000.0,
        "Diluted EPS": 0.0,
        "Basic EPS": 0.0,
        "Diluted NI Availto Com Stockholders": -317000.0,
        "Average Dilution Earnings": NaN,
        "Net Income Common Stockholders": -317000.0,
        "Net Income": -317000.0,
        "Net Income Including Noncontrolling Interests": -317000.0,
        "Net Income Continuous Operations": -317000.0,
        "Tax Provision": -34000.0,
        "Pretax Income": -351000.0,
        "Other Income Expense": -906000.0,
        "Special Income Charges": -906000.0,
        "Other Special Charges": 906000.0,
        "Net Non Operating Interest Income Expense": -15366000.0,
        "Total Other Finance Cost": 906000.0,
        "Interest Expense Non Operating": 14460000.0,
        "Operating Income": 15015000.0,
        "Operating Expense": 153588000.0,
        "Other Operating Expenses": -274000.0,
        "Depreciation Amortization Depletion Income Statement": 34810000.0,
        "Depreciation And Amortization In Income Statement": 34810000.0,
        "Amortization": 15415000.0,
        "Amortization Of Intangibles Income Statement": 15415000.0,
        "Depreciation Income Statement": 19395000.0,
        "Selling General And Administration": 119052000.0,
        "Gross Profit": 168603000.0,
        "Cost Of Revenue": 190740000.0,
        "Total Revenue": 359343000.0,
        "Operating Revenue": 359343000.0
    },
    "2025-06-30": {
        "Tax Effect Of Unusual Items": 0.0,
        "Tax Rate For Calcs": 0.294002,
        "Normalized EBITDA": 71422000.0,
        "Total Unusual Items": NaN,
        "Total Unusual Items Excluding Goodwill": NaN,
        "Net Income From Continuing Operation Net Minority Interest": 15832000.0,
        "Reconciled Depreciation": 35105000.0,
        "Reconciled Cost Of Revenue": 208338000.0,
        "EBITDA": 71422000.0,
        "EBIT": 36317000.0,
        "Net Interest Income": -13892000.0,
        "Interest Expense": 13892000.0,
        "Normalized Income": 15832000.0,
        "Net Income From Continuing And Discontinued Operation": 15832000.0,
        "Total Expenses": 366486000.0,
        "Total Operating Income As Reported": 36317000.0,
        "Diluted Average Shares": 198676000.0,
        "Basic Average Shares": 197593000.0,
        "Diluted EPS": 0.08,
        "Basic EPS": 0.08,
        "Diluted NI Availto Com Stockholders": 15832000.0,
        "Average Dilution Earnings": 0.0,
        "Net Income Common Stockholders": 15832000.0,
        "Net Income": 15832000.0,
        "Net Income Including Noncontrolling Interests": 15832000.0,
        "Net Income Continuous Operations": 15832000.0,
        "Tax Provision": 6593000.0,
        "Pretax Income": 22425000.0,
        "Other Income Expense": NaN,
        "Special Income Charges": NaN,
        "Other Special Charges": NaN,
        "Net Non Operating Interest Income Expense": -13892000.0,
        "Total Other Finance Cost": NaN,
        "Interest Expense Non Operating": 13892000.0,
        "Operating Income": 36317000.0,
        "Operating Expense": 158148000.0,
        "Other Operating Expenses": -664000.0,
        "Depreciation Amortization Depletion Income Statement": 35105000.0,
        "Depreciation And Amortization In Income Statement": 35105000.0,
        "Amortization": 15257000.0,
        "Amortization Of Intangibles Income Statement": 15257000.0,
        "Depreciation Income Statement": 19848000.0,
        "Selling General And Administration": 123707000.0,
        "Gross Profit": 194465000.0,
        "Cost Of Revenue": 208338000.0,
        "Total Revenue": 402803000.0,
        "Operating Revenue": 402803000.0
    }
}