{
    "2023-03-31": {
        "Tax Effect Of Unusual Items": 0.0,
        "Tax Rate For Calcs": 0.244647,
        "Normalized EBITDA": 72527000.0,
        "Net Income From Continuing Operation Net Minority Interest": 31086000.0,
        "Reconciled Depreciation": 1843000.0,
        "Reconciled Cost Of Revenue": 32769000.0,
        "EBITDA": 72527000.0,
        "EBIT": 70684000.0,
        "Net Interest Income": -1304000.0,
        "Interest Expense": 2590000.0,
        "Interest Income": 1286000.0,
        "Normalized Income": 31086000.0,
        "Net Income From Continuing And Discontinued Operation": 31086000.0,
        "Total Expenses": 63471000.0,
        "Diluted Average Shares": NaN,
        "Basic Average Shares": NaN,
        "Diluted EPS": NaN,
        "Basic EPS": NaN,
        "Diluted NI Availto Com Stockholders": 83709000.0,
        "Average Dilution Earnings": NaN,
        "Net Income Common Stockholders": 34894000.0,
        "Otherunder Preferred Stock Dividend": NaN,
        "Net Income": 31086000.0,
        "Minority Interests": -20349000.0,
        "Net Income Including Noncontrolling Interests": 51435000.0,
        "Net Income Continuous Operations": 51435000.0,
        "Tax Provision": 16659000.0,
        "Pretax Income": 68094000.0,
        "Other Income Expense": 20081000.0,
        "Other Non Operating Income Expenses": 6635000.0,
        "Earnings From Equity Interest": 13446000.0,
        "Net Non Operating Interest Income Expense": -1304000.0,
        "Interest Expense Non Operating": 2590000.0,
        "Interest Income Non Operating": 1286000.0,
        "Operating Income": 49317000.0,
        "Operating Expense": 30702000.0,
        "Selling General And Administration": 30702000.0,
        "General And Administrative Expense": 30702000.0,
        "Other Gand A": 23294000.0,
        "Salaries And Wages": 7408000.0,
        "Gross Profit": 80019000.0,
        "Cost Of Revenue": 32769000.0,
        "Total Revenue": 112788000.0,
        "Operating Revenue": 112788000.0
    },
    "2022-12-31": {
        "Tax Effect Of Unusual Items": NaN,
        "Tax Rate For Calcs": NaN,
        "Normalized EBITDA": NaN,
        "Net Income From Continuing Operation Net Minority Interest": NaN,
        "Reconciled Depreciation": NaN,
        "Reconciled Cost Of Revenue": NaN,
        "EBITDA": NaN,
        "EBIT": NaN,
        "Net Interest Income": NaN,
        "Interest Expense": NaN,
        "Interest Income": NaN,
        "Normalized Income": NaN,
        "Net Income From Continuing And Discontinued Operation": NaN,
        "Total Expenses": NaN,
        "Diluted Average Shares": 53769379.0,
        "Basic Average Shares": 37025416.0,
        "Diluted EPS": 0.31,
        "Basic EPS": 0.32,
        "Diluted NI Availto Com Stockholders": NaN,
        "Average Dilution Earnings": NaN,
        "Net Income Common Stockholders": NaN,
        "Otherunder Preferred Stock Dividend": -2095000.0,
        "Net Income": NaN,
        "Minority Interests": NaN,
        "Net Income Including Noncontrolling Interests": NaN,
        "Net Income Continuous Operations": NaN,
        "Tax Provision": NaN,
        "Pretax Income": NaN,
        "Other Income Expense": NaN,
        "Other Non Operating Income Expenses": NaN,
        "Earnings From Equity Interest": NaN,
        "Net Non Operating Interest Income Expense": NaN,
        "Interest Expense Non Operating": NaN,
        "Interest Income Non Operating": NaN,
        "Operating Income": NaN,
        "Operating Expense": NaN,
        "Selling General And Administration": NaN,
        "General And Administrative Expense": NaN,
        "Other Gand A": NaN,
        "Salaries And Wages": NaN,
        "Gross Profit": NaN,
        "Cost Of Revenue": NaN,
        "Total Revenue": NaN,
        "Operating Revenue": NaN
    },
    "2022-09-30": {
        "Tax Effect Of Unusual Items": NaN,
        "Tax Rate For Calcs": NaN,
        "Normalized EBITDA": NaN,
        "Net Income From Continuing Operation Net Minority Interest": NaN,
        "Reconciled Depreciation": NaN,
        "Reconciled Cost Of Revenue": NaN,
        "EBITDA": NaN,
        "EBIT": NaN,
        "Net Interest Income": NaN,
        "Interest Expense": NaN,
        "Interest Income": NaN,
        "Normalized Income": NaN,
        "Net Income From Continuing And Discontinued Operation": NaN,
        "Total Expenses": NaN,
        "Diluted Average Shares": 53745933.0,
        "Basic Average Shares": 37009309.0,
        "Diluted EPS": 0.97,
        "Basic EPS": 0.98,
        "Diluted NI Availto Com Stockholders": NaN,
        "Average Dilution Earnings": 15842000.0,
        "Net Income Common Stockholders": NaN,
        "Otherunder Preferred Stock Dividend": -1333000.0,
        "Net Income": NaN,
        "Minority Interests": NaN,
        "Net Income Including Noncontrolling Interests": NaN,
        "Net Income Continuous Operations": NaN,
        "Tax Provision": NaN,
        "Pretax Income": NaN,
        "Other Income Expense": NaN,
        "Other Non Operating Income Expenses": NaN,
        "Earnings From Equity Interest": NaN,
        "Net Non Operating Interest Income Expense": NaN,
        "Interest Expense Non Operating": NaN,
        "Interest Income Non Operating": NaN,
        "Operating Income": NaN,
        "Operating Expense": NaN,
        "Selling General And Administration": NaN,
        "General And Administrative Expense": NaN,
        "Other Gand A": NaN,
        "Salaries And Wages": NaN,
        "Gross Profit": NaN,
        "Cost Of Revenue": NaN,
        "Total Revenue": NaN,
        "Operating Revenue": NaN
    },
    "2022-06-30": {
        "Tax Effect Of Unusual Items": 0.0,
        "Tax Rate For Calcs": 0.17,
        "Normalized EBITDA": 70873000.0,
        "Net Income From Continuing Operation Net Minority Interest": 33484000.0,
        "Reconciled Depreciation": 1764000.0,
        "Reconciled Cost Of Revenue": 52194000.0,
        "EBITDA": 70873000.0,
        "EBIT": 69109000.0,
        "Net Interest Income": -1327000.0,
        "Interest Expense": 1495000.0,
        "Interest Income": 168000.0,
        "Normalized Income": 33484000.0,
        "Net Income From Continuing And Discontinued Operation": 33484000.0,
        "Total Expenses": 72984000.0,
        "Diluted Average Shares": 53706941.0,
        "Basic Average Shares": 36999561.0,
        "Diluted EPS": 0.91,
        "Basic EPS": 0.92,
        "Diluted NI Availto Com Stockholders": 49052000.0,
        "Average Dilution Earnings": 15188000.0,
        "Net Income Common Stockholders": 33864000.0,
        "Otherunder Preferred Stock Dividend": -380000.0,
        "Net Income": 33484000.0,
        "Minority Interests": -22642000.0,
        "Net Income Including Noncontrolling Interests": 56126000.0,
        "Net Income Continuous Operations": 56126000.0,
        "Tax Provision": 11488000.0,
        "Pretax Income": 67614000.0,
        "Other Income Expense": 6416000.0,
        "Other Non Operating Income Expenses": 4343000.0,
        "Earnings From Equity Interest": 2073000.0,
        "Net Non Operating Interest Income Expense": -1327000.0,
        "Interest Expense Non Operating": 1495000.0,
        "Interest Income Non Operating": 168000.0,
        "Operating Income": 62525000.0,
        "Operating Expense": 20790000.0,
        "Selling General And Administration": 20790000.0,
        "General And Administrative Expense": 20790000.0,
        "Other Gand A": 20790000.0,
        "Salaries And Wages": NaN,
        "Gross Profit": 83315000.0,
        "Cost Of Revenue": 52194000.0,
        "Total Revenue": 135509000.0,
        "Operating Revenue": 135509000.0
    },
    "2023-06-30": {
        "Tax Effect Of Unusual Items": NaN,
        "Tax Rate For Calcs": NaN,
        "Normalized EBITDA": NaN,
        "Net Income From Continuing Operation Net Minority Interest": NaN,
        "Reconciled Depreciation": NaN,
        "Reconciled Cost Of Revenue": NaN,
        "EBITDA": NaN,
        "EBIT": NaN,
        "Net Interest Income": NaN,
        "Interest Expense": NaN,
        "Interest Income": NaN,
        "Normalized Income": NaN,
        "Net Income From Continuing And Discontinued Operation": NaN,
        "Total Expenses": NaN,
        "Diluted Average Shares": 53855751.0,
        "Basic Average Shares": 37707809.0,
        "Diluted EPS": 0.81,
        "Basic EPS": 0.82,
        "Diluted NI Availto Com Stockholders": NaN,
        "Average Dilution Earnings": NaN,
        "Net Income Common Stockholders": NaN,
        "Otherunder Preferred Stock Dividend": NaN,
        "Net Income": NaN,
        "Minority Interests": NaN,
        "Net Income Including Noncontrolling Interests": NaN,
        "Net Income Continuous Operations": NaN,
        "Tax Provision": NaN,
        "Pretax Income": NaN,
        "Other Income Expense": NaN,
        "Other Non Operating Income Expenses": NaN,
        "Earnings From Equity Interest": NaN,
        "Net Non Operating Interest Income Expense": NaN,
        "Interest Expense Non Operating": NaN,
        "Interest Income Non Operating": NaN,
        "Operating Income": NaN,
        "Operating Expense": NaN,
        "Selling General And Administration": NaN,
        "General And Administrative Expense": NaN,
        "Other Gand A": NaN,
        "Salaries And Wages": NaN,
        "Gross Profit": NaN,
        "Cost Of Revenue": NaN,
        "Total Revenue": NaN,
        "Operating Revenue": NaN
    },
    "2022-03-31": {
        "Diluted EPS": 0.39,
        "Total Revenue": 101,
        "Gross Profit": 101,
        "Operating Income": 46,
        "EBIT": 48,
        "Net Income": 14
    },
    "2021-12-31": {
        "Diluted EPS": 1.4,
        "Total Revenue": 92,
        "Gross Profit": 92,
        "Operating Income": 41,
        "EBIT": 42,
        "Net Income": 52
    },
    "2021-09-30": {
        "Diluted EPS": 1.41,
        "Total Revenue": 96,
        "Gross Profit": 96,
        "Operating Income": 47,
        "EBIT": 48,
        "Net Income": 52
    },
    "2021-06-30": {
        "Diluted EPS": 0.78,
        "Total Revenue": 79,
        "Gross Profit": 79,
        "Operating Income": 36,
        "EBIT": 37,
        "Net Income": 28
    },
    "2021-03-31": {
        "Diluted EPS": 1.08,
        "Total Revenue": 103,
        "Gross Profit": 103,
        "Operating Income": 46,
        "EBIT": 47,
        "Net Income": 40
    },
    "2020-12-31": {
        "Diluted EPS": 0.96,
        "Total Revenue": 85,
        "Gross Profit": 85,
        "Operating Income": 43,
        "EBIT": 44,
        "Net Income": 33
    },
    "2020-09-30": {
        "Diluted EPS": 0.66,
        "Total Revenue": 84,
        "Gross Profit": 84,
        "Operating Income": 38,
        "EBIT": 39,
        "Net Income": 22
    },
    "2020-06-30": {
        "Diluted EPS": 0.11,
        "Total Revenue": 70,
        "Gross Profit": 70,
        "Operating Income": 29,
        "EBIT": 30,
        "Net Income": 3
    },
    "2020-03-31": {
        "Diluted EPS": 0.71,
        "Total Revenue": 77,
        "Gross Profit": 77,
        "Operating Income": 34,
        "EBIT": 35,
        "Net Income": 21
    },
    "2019-12-31": {
        "Diluted EPS": 0.46,
        "Total Revenue": 68,
        "Gross Profit": 68,
        "Operating Income": 29,
        "EBIT": 30,
        "Net Income": 13
    },
    "2019-09-30": {
        "Diluted EPS": 0.56,
        "Total Revenue": 64,
        "Gross Profit": 64,
        "Operating Income": 27,
        "EBIT": 28,
        "Net Income": 15
    },
    "2019-06-30": {
        "Diluted EPS": 0.42,
        "Total Revenue": 65,
        "Gross Profit": 65,
        "Operating Income": 27,
        "EBIT": 28,
        "Net Income": 11
    },
    "2019-03-31": {
        "Diluted EPS": 0.3,
        "Total Revenue": 67,
        "Gross Profit": 67,
        "Operating Income": 29,
        "EBIT": 30,
        "Net Income": 8
    },
    "2018-12-31": {
        "Diluted EPS": 0.22,
        "Total Revenue": 66,
        "Gross Profit": 66,
        "Operating Income": 28,
        "EBIT": 29,
        "Net Income": 5
    },
    "2018-09-30": {
        "Diluted EPS": 0.49,
        "Total Revenue": 56,
        "Gross Profit": 56,
        "Operating Income": 21,
        "EBIT": 22,
        "Net Income": 11
    },
    "2018-06-30": {
        "Diluted EPS": 0.39,
        "Total Revenue": 63,
        "Gross Profit": 63,
        "Operating Income": 26,
        "EBIT": 26,
        "Net Income": 9
    },
    "2018-03-31": {
        "Diluted EPS": 0.72,
        "Total Revenue": 78,
        "Gross Profit": 78,
        "Operating Income": 44,
        "EBIT": 45,
        "Net Income": 13
    },
    "2017-12-31": {
        "Diluted EPS": -0.35,
        "Total Revenue": 65,
        "Gross Profit": 65,
        "Operating Income": 34,
        "EBIT": 35,
        "Net Income": -6
    },
    "2017-09-30": {
        "Diluted EPS": 0.26,
        "Total Revenue": 49,
        "Gross Profit": 49,
        "Operating Income": 20,
        "EBIT": 21,
        "Net Income": 5
    },
    "2017-06-30": {
        "Diluted EPS": 0.3,
        "Total Revenue": 53,
        "Gross Profit": 53,
        "Operating Income": 24,
        "EBIT": 25,
        "Net Income": 5
    },
    "2017-03-31": {
        "Diluted EPS": 0.03,
        "Total Revenue": 47,
        "Gross Profit": 47,
        "Operating Income": 19,
        "EBIT": 20,
        "Net Income": 1
    },
    "2016-12-31": {
        "Diluted EPS": 0.0,
        "Total Revenue": 42,
        "Gross Profit": 42,
        "Operating Income": 17,
        "EBIT": 17,
        "Net Income": NaN
    },
    "2016-09-30": {
        "Diluted EPS": 0.0,
        "Total Revenue": 51,
        "Gross Profit": 51,
        "Operating Income": 23,
        "EBIT": 24,
        "Net Income": NaN
    },
    "2016-06-30": {
        "Diluted EPS": 0.0,
        "Total Revenue": 40,
        "Gross Profit": 40,
        "Operating Income": 17,
        "EBIT": 18,
        "Net Income": NaN
    },
    "2016-03-31": {
        "Diluted EPS": 0.0,
        "Total Revenue": NaN,
        "Gross Profit": NaN,
        "Operating Income": NaN,
        "EBIT": NaN,
        "Net Income": NaN
    },
    "2015-03-31": {
        "Diluted EPS": 0.0,
        "Total Revenue": NaN,
        "Gross Profit": NaN,
        "Operating Income": NaN,
        "EBIT": NaN,
        "Net Income": NaN
    },
    "2023-09-30": {
        "Tax Effect Of Unusual Items": NaN,
        "Tax Rate For Calcs": NaN,
        "Normalized EBITDA": NaN,
        "Net Income From Continuing Operation Net Minority Interest": NaN,
        "Reconciled Depreciation": NaN,
        "Reconciled Cost Of Revenue": NaN,
        "EBITDA": NaN,
        "EBIT": NaN,
        "Net Interest Income": NaN,
        "Interest Expense": NaN,
        "Interest Income": NaN,
        "Normalized Income": NaN,
        "Net Income From Continuing And Discontinued Operation": NaN,
        "Total Expenses": NaN,
        "Diluted Average Shares": NaN,
        "Basic Average Shares": NaN,
        "Diluted EPS": NaN,
        "Basic EPS": NaN,
        "Diluted NI Availto Com Stockholders": NaN,
        "Average Dilution Earnings": NaN,
        "Net Income Common Stockholders": NaN,
        "Otherunder Preferred Stock Dividend": 0.0,
        "Net Income": NaN,
        "Minority Interests": NaN,
        "Net Income Including Noncontrolling Interests": NaN,
        "Net Income Continuous Operations": NaN,
        "Tax Provision": NaN,
        "Pretax Income": NaN,
        "Other Income Expense": NaN,
        "Other Non Operating Income Expenses": NaN,
        "Earnings From Equity Interest": NaN,
        "Net Non Operating Interest Income Expense": NaN,
        "Interest Expense Non Operating": NaN,
        "Interest Income Non Operating": NaN,
        "Operating Income": NaN,
        "Operating Expense": NaN,
        "Selling General And Administration": NaN,
        "General And Administrative Expense": NaN,
        "Other Gand A": NaN,
        "Salaries And Wages": NaN,
        "Gross Profit": NaN,
        "Cost Of Revenue": NaN,
        "Total Revenue": NaN,
        "Operating Revenue": NaN
    },
    "2023-12-31": {
        "Tax Effect Of Unusual Items": NaN,
        "Tax Rate For Calcs": NaN,
        "Normalized EBITDA": NaN,
        "Net Income From Continuing Operation Net Minority Interest": NaN,
        "Reconciled Depreciation": NaN,
        "Reconciled Cost Of Revenue": NaN,
        "EBITDA": NaN,
        "EBIT": NaN,
        "Net Interest Income": NaN,
        "Interest Expense": NaN,
        "Interest Income": NaN,
        "Normalized Income": NaN,
        "Net Income From Continuing And Discontinued Operation": NaN,
        "Total Expenses": NaN,
        "Diluted Average Shares": NaN,
        "Basic Average Shares": NaN,
        "Diluted EPS": NaN,
        "Basic EPS": NaN,
        "Diluted NI Availto Com Stockholders": NaN,
        "Average Dilution Earnings": NaN,
        "Net Income Common Stockholders": NaN,
        "Otherunder Preferred Stock Dividend": 0.0,
        "Net Income": NaN,
        "Minority Interests": NaN,
        "Net Income Including Noncontrolling Interests": NaN,
        "Net Income Continuous Operations": NaN,
        "Tax Provision": NaN,
        "Pretax Income": NaN,
        "Other Income Expense": NaN,
        "Other Non Operating Income Expenses": NaN,
        "Earnings From Equity Interest": NaN,
        "Net Non Operating Interest Income Expense": NaN,
        "Interest Expense Non Operating": NaN,
        "Interest Income Non Operating": NaN,
        "Operating Income": NaN,
        "Operating Expense": NaN,
        "Selling General And Administration": NaN,
        "General And Administrative Expense": NaN,
        "Other Gand A": NaN,
        "Salaries And Wages": NaN,
        "Gross Profit": NaN,
        "Cost Of Revenue": NaN,
        "Total Revenue": NaN,
        "Operating Revenue": NaN
    },
    "2024-03-31": {
        "Tax Effect Of Unusual Items": NaN,
        "Tax Rate For Calcs": NaN,
        "Normalized EBITDA": NaN,
        "Total Unusual Items": NaN,
        "Total Unusual Items Excluding Goodwill": NaN,
        "Net Income From Continuing Operation Net Minority Interest": NaN,
        "Reconciled Depreciation": NaN,
        "Reconciled Cost Of Revenue": NaN,
        "EBITDA": NaN,
        "EBIT": NaN,
        "Net Interest Income": NaN,
        "Interest Expense": NaN,
        "Interest Income": NaN,
        "Normalized Income": NaN,
        "Net Income From Continuing And Discontinued Operation": NaN,
        "Total Expenses": NaN,
        "Diluted Average Shares": NaN,
        "Basic Average Shares": NaN,
        "Diluted EPS": NaN,
        "Basic EPS": NaN,
        "Diluted NI Availto Com Stockholders": NaN,
        "Average Dilution Earnings": NaN,
        "Net Income Common Stockholders": NaN,
        "Otherunder Preferred Stock Dividend": 0.0,
        "Net Income": NaN,
        "Minority Interests": NaN,
        "Net Income Including Noncontrolling Interests": NaN,
        "Net Income Continuous Operations": NaN,
        "Tax Provision": NaN,
        "Pretax Income": NaN,
        "Other Income Expense": NaN,
        "Other Non Operating Income Expenses": NaN,
        "Earnings From Equity Interest": NaN,
        "Gain On Sale Of Security": NaN,
        "Net Non Operating Interest Income Expense": NaN,
        "Interest Expense Non Operating": NaN,
        "Interest Income Non Operating": NaN,
        "Operating Income": NaN,
        "Operating Expense": NaN,
        "Selling General And Administration": NaN,
        "General And Administrative Expense": NaN,
        "Other Gand A": NaN,
        "Salaries And Wages": NaN,
        "Gross Profit": NaN,
        "Cost Of Revenue": NaN,
        "Total Revenue": NaN,
        "Operating Revenue": NaN
    },
    "2024-06-30": {
        "Tax Effect Of Unusual Items": 0.0,
        "Tax Rate For Calcs": 0.184,
        "Normalized EBITDA": 112034000.0,
        "Net Income From Continuing Operation Net Minority Interest": 58964000.0,
        "Reconciled Depreciation": 2313000.0,
        "Reconciled Cost Of Revenue": 61020000.0,
        "EBITDA": 112034000.0,
        "EBIT": 109721000.0,
        "Net Interest Income": -2165000.0,
        "Interest Expense": 2947000.0,
        "Interest Income": 782000.0,
        "Normalized Income": 58964000.0,
        "Net Income From Continuing And Discontinued Operation": 58964000.0,
        "Total Expenses": 107120000.0,
        "Diluted Average Shares": 54049746.0,
        "Basic Average Shares": 39695677.0,
        "Diluted EPS": 1.47,
        "Basic EPS": 1.49,
        "Diluted NI Availto Com Stockholders": 79689000.0,
        "Average Dilution Earnings": 20725000.0,
        "Net Income Common Stockholders": 58964000.0,
        "Otherunder Preferred Stock Dividend": NaN,
        "Net Income": 58964000.0,
        "Minority Interests": -28123000.0,
        "Net Income Including Noncontrolling Interests": 87087000.0,
        "Net Income Continuous Operations": 87087000.0,
        "Tax Provision": 19687000.0,
        "Pretax Income": 106774000.0,
        "Other Income Expense": 19328000.0,
        "Other Non Operating Income Expenses": 9814000.0,
        "Earnings From Equity Interest": 9514000.0,
        "Net Non Operating Interest Income Expense": -2165000.0,
        "Interest Expense Non Operating": 2947000.0,
        "Interest Income Non Operating": 782000.0,
        "Operating Income": 89611000.0,
        "Operating Expense": 46100000.0,
        "Selling General And Administration": 46100000.0,
        "General And Administrative Expense": 46100000.0,
        "Other Gand A": 28685000.0,
        "Salaries And Wages": 17415000.0,
        "Gross Profit": 135711000.0,
        "Cost Of Revenue": 61020000.0,
        "Total Revenue": 196731000.0,
        "Operating Revenue": 196731000.0
    },
    "2024-09-30": {
        "Tax Effect Of Unusual Items": 0.0,
        "Tax Rate For Calcs": 0.015,
        "Normalized EBITDA": 82165000.0,
        "Total Unusual Items": NaN,
        "Total Unusual Items Excluding Goodwill": NaN,
        "Net Income From Continuing Operation Net Minority Interest": 54982000.0,
        "Reconciled Depreciation": 2367000.0,
        "Reconciled Cost Of Revenue": 42843000.0,
        "EBITDA": 82165000.0,
        "EBIT": 79798000.0,
        "Net Interest Income": -1206000.0,
        "Interest Expense": 2704000.0,
        "Interest Income": 1498000.0,
        "Normalized Income": 54982000.0,
        "Net Income From Continuing And Discontinued Operation": 54982000.0,
        "Total Expenses": 82807000.0,
        "Diluted Average Shares": 54180960.0,
        "Basic Average Shares": 39704607.0,
        "Diluted EPS": 1.37,
        "Basic EPS": 1.38,
        "Diluted NI Availto Com Stockholders": 74419000.0,
        "Average Dilution Earnings": 19437000.0,
        "Net Income Common Stockholders": 54982000.0,
        "Net Income": 54982000.0,
        "Minority Interests": -20940000.0,
        "Net Income Including Noncontrolling Interests": 75922000.0,
        "Net Income Continuous Operations": 75922000.0,
        "Tax Provision": 1172000.0,
        "Pretax Income": 77094000.0,
        "Other Income Expense": 11108000.0,
        "Other Non Operating Income Expenses": 1437000.0,
        "Earnings From Equity Interest": 9671000.0,
        "Gain On Sale Of Security": NaN,
        "Net Non Operating Interest Income Expense": -1206000.0,
        "Interest Expense Non Operating": 2704000.0,
        "Interest Income Non Operating": 1498000.0,
        "Operating Income": 67192000.0,
        "Operating Expense": 39964000.0,
        "Selling General And Administration": 39964000.0,
        "General And Administrative Expense": 39964000.0,
        "Other Gand A": 27737000.0,
        "Salaries And Wages": 12227000.0,
        "Gross Profit": 107156000.0,
        "Cost Of Revenue": 42843000.0,
        "Total Revenue": 149999000.0,
        "Operating Revenue": 149999000.0
    },
    "2024-12-31": {
        "Tax Effect Of Unusual Items": 0.0,
        "Tax Rate For Calcs": 0.141,
        "Normalized EBITDA": 96402000.0,
        "Total Unusual Items": NaN,
        "Total Unusual Items Excluding Goodwill": NaN,
        "Net Income From Continuing Operation Net Minority Interest": 52972000.0,
        "Reconciled Depreciation": 2385000.0,
        "Reconciled Cost Of Revenue": 39633000.0,
        "EBITDA": 96402000.0,
        "EBIT": 94017000.0,
        "Net Interest Income": -1068000.0,
        "Interest Expense": 3866000.0,
        "Interest Income": 2798000.0,
        "Normalized Income": 52972000.0,
        "Net Income From Continuing And Discontinued Operation": 52972000.0,
        "Total Expenses": 92539000.0,
        "Diluted Average Shares": 54453665.0,
        "Basic Average Shares": 39722780.0,
        "Diluted EPS": 1.32,
        "Basic EPS": 1.33,
        "Diluted NI Availto Com Stockholders": 71653000.0,
        "Average Dilution Earnings": 18681000.0,
        "Net Income Common Stockholders": 52972000.0,
        "Net Income": 52972000.0,
        "Minority Interests": -24483000.0,
        "Net Income Including Noncontrolling Interests": 77455000.0,
        "Net Income Continuous Operations": 77455000.0,
        "Tax Provision": 12696000.0,
        "Pretax Income": 90151000.0,
        "Other Income Expense": 15497000.0,
        "Other Non Operating Income Expenses": 453000.0,
        "Earnings From Equity Interest": 15044000.0,
        "Gain On Sale Of Security": NaN,
        "Net Non Operating Interest Income Expense": -1068000.0,
        "Interest Expense Non Operating": 3866000.0,
        "Interest Income Non Operating": 2798000.0,
        "Operating Income": 75722000.0,
        "Operating Expense": 52906000.0,
        "Selling General And Administration": 52906000.0,
        "General And Administrative Expense": 52906000.0,
        "Other Gand A": 30634000.0,
        "Salaries And Wages": 22272000.0,
        "Gross Profit": 128628000.0,
        "Cost Of Revenue": 39633000.0,
        "Total Revenue": 168261000.0,
        "Operating Revenue": 168261000.0
    },
    "2025-03-31": {
        "Tax Effect Of Unusual Items": 0.0,
        "Tax Rate For Calcs": 0.169433,
        "Normalized EBITDA": 94294000.0,
        "Total Unusual Items": NaN,
        "Total Unusual Items Excluding Goodwill": NaN,
        "Net Income From Continuing Operation Net Minority Interest": 50499000.0,
        "Reconciled Depreciation": 2220000.0,
        "Reconciled Cost Of Revenue": 64727000.0,
        "EBITDA": 94294000.0,
        "EBIT": 92074000.0,
        "Net Interest Income": -814000.0,
        "Interest Expense": 3815000.0,
        "Interest Income": 3001000.0,
        "Normalized Income": 50499000.0,
        "Net Income From Continuing And Discontinued Operation": 50499000.0,
        "Total Expenses": 113942000.0,
        "Diluted Average Shares": 41008195.0,
        "Basic Average Shares": 40577570.0,
        "Diluted EPS": 1.23,
        "Basic EPS": 1.24,
        "Diluted NI Availto Com Stockholders": -7785000.0,
        "Average Dilution Earnings": -58284000.0,
        "Net Income Common Stockholders": 50499000.0,
        "Net Income": 50499000.0,
        "Minority Interests": -22806000.0,
        "Net Income Including Noncontrolling Interests": 73305000.0,
        "Net Income Continuous Operations": 73305000.0,
        "Tax Provision": 14954000.0,
        "Pretax Income": 88259000.0,
        "Other Income Expense": 5043000.0,
        "Other Non Operating Income Expenses": -3271000.0,
        "Earnings From Equity Interest": 8314000.0,
        "Gain On Sale Of Security": NaN,
        "Net Non Operating Interest Income Expense": -814000.0,
        "Interest Expense Non Operating": 3815000.0,
        "Interest Income Non Operating": 3001000.0,
        "Operating Income": 84030000.0,
        "Operating Expense": 49215000.0,
        "Selling General And Administration": 49215000.0,
        "General And Administrative Expense": 49215000.0,
        "Other Gand A": 34854000.0,
        "Salaries And Wages": 14361000.0,
        "Gross Profit": 133245000.0,
        "Cost Of Revenue": 64727000.0,
        "Total Revenue": 197972000.0,
        "Operating Revenue": 197972000.0
    },
    "2025-06-30": {
        "Tax Effect Of Unusual Items": 0.0,
        "Tax Rate For Calcs": 0.193,
        "Normalized EBITDA": 101833000.0,
        "Total Unusual Items": NaN,
        "Total Unusual Items Excluding Goodwill": NaN,
        "Net Income From Continuing Operation Net Minority Interest": 53745000.0,
        "Reconciled Depreciation": 2528000.0,
        "Reconciled Cost Of Revenue": 53515000.0,
        "EBITDA": 101833000.0,
        "EBIT": 99305000.0,
        "Net Interest Income": -822000.0,
        "Interest Expense": 3856000.0,
        "Interest Income": 3034000.0,
        "Normalized Income": 53745000.0,
        "Net Income From Continuing And Discontinued Operation": 53745000.0,
        "Total Expenses": 98983000.0,
        "Diluted Average Shares": 54472249.0,
        "Basic Average Shares": 41374860.0,
        "Diluted EPS": 1.28,
        "Basic EPS": 1.3,
        "Diluted NI Availto Com Stockholders": 69781000.0,
        "Average Dilution Earnings": 16036000.0,
        "Net Income Common Stockholders": 53745000.0,
        "Net Income": 53745000.0,
        "Minority Interests": -23325000.0,
        "Net Income Including Noncontrolling Interests": 77070000.0,
        "Net Income Continuous Operations": 77070000.0,
        "Tax Provision": 18379000.0,
        "Pretax Income": 95449000.0,
        "Other Income Expense": 19296000.0,
        "Other Non Operating Income Expenses": 447000.0,
        "Earnings From Equity Interest": 18849000.0,
        "Gain On Sale Of Security": NaN,
        "Net Non Operating Interest Income Expense": -822000.0,
        "Interest Expense Non Operating": 3856000.0,
        "Interest Income Non Operating": 3034000.0,
        "Operating Income": 76975000.0,
        "Operating Expense": 45468000.0,
        "Selling General And Administration": 45468000.0,
        "General And Administrative Expense": 45468000.0,
        "Other Gand A": 29427000.0,
        "Salaries And Wages": 16041000.0,
        "Gross Profit": 122443000.0,
        "Cost Of Revenue": 53515000.0,
        "Total Revenue": 175958000.0,
        "Operating Revenue": 175958000.0
    },
    "2025-09-30": {
        "Tax Effect Of Unusual Items": 2133313.0,
        "Tax Rate For Calcs": 0.119,
        "Normalized EBITDA": 106004000.0,
        "Total Unusual Items": 17927000.0,
        "Total Unusual Items Excluding Goodwill": 17927000.0,
        "Net Income From Continuing Operation Net Minority Interest": 70889000.0,
        "Reconciled Depreciation": 2519000.0,
        "Reconciled Cost Of Revenue": 55734000.0,
        "EBITDA": 123931000.0,
        "EBIT": 121412000.0,
        "Net Interest Income": -715000.0,
        "Interest Expense": 3830000.0,
        "Interest Income": 3115000.0,
        "Normalized Income": 55095313.0,
        "Net Income From Continuing And Discontinued Operation": 70889000.0,
        "Total Expenses": 111165000.0,
        "Diluted Average Shares": 54495410.0,
        "Basic Average Shares": 41497552.0,
        "Diluted EPS": 1.69,
        "Basic EPS": 1.71,
        "Diluted NI Availto Com Stockholders": 92224000.0,
        "Average Dilution Earnings": 21335000.0,
        "Net Income Common Stockholders": 70889000.0,
        "Net Income": 70889000.0,
        "Minority Interests": -32715000.0,
        "Net Income Including Noncontrolling Interests": 103604000.0,
        "Net Income Continuous Operations": 103604000.0,
        "Tax Provision": 13978000.0,
        "Pretax Income": 117582000.0,
        "Other Income Expense": 38582000.0,
        "Other Non Operating Income Expenses": 35000.0,
        "Earnings From Equity Interest": 20620000.0,
        "Gain On Sale Of Security": 17927000.0,
        "Net Non Operating Interest Income Expense": -715000.0,
        "Interest Expense Non Operating": 3830000.0,
        "Interest Income Non Operating": 3115000.0,
        "Operating Income": 79715000.0,
        "Operating Expense": 55431000.0,
        "Selling General And Administration": 55431000.0,
        "General And Administrative Expense": 55431000.0,
        "Other Gand A": 34179000.0,
        "Salaries And Wages": 21252000.0,
        "Gross Profit": 135146000.0,
        "Cost Of Revenue": 55734000.0,
        "Total Revenue": 190880000.0,
        "Operating Revenue": 190880000.0
    },
    "2025-12-31": {
        "Tax Effect Of Unusual Items": 4467587.0,
        "Tax Rate For Calcs": 0.227,
        "Normalized EBITDA": 106485000.0,
        "Total Unusual Items": 19681000.0,
        "Total Unusual Items Excluding Goodwill": 19681000.0,
        "Net Income From Continuing Operation Net Minority Interest": 58372000.0,
        "Reconciled Depreciation": 2428000.0,
        "Reconciled Cost Of Revenue": 60886000.0,
        "EBITDA": 126166000.0,
        "EBIT": 123738000.0,
        "Net Interest Income": 10000.0,
        "Interest Expense": 3688000.0,
        "Interest Income": 3698000.0,
        "Normalized Income": 43158587.0,
        "Net Income From Continuing And Discontinued Operation": 58372000.0,
        "Total Expenses": 112583000.0,
        "Diluted Average Shares": 54463537.0,
        "Basic Average Shares": 41795343.0,
        "Diluted EPS": 1.37,
        "Basic EPS": 1.4,
        "Diluted NI Availto Com Stockholders": 74573000.0,
        "Average Dilution Earnings": 16201000.0,
        "Net Income Common Stockholders": 58372000.0,
        "Net Income": 58372000.0,
        "Minority Interests": -34425000.0,
        "Net Income Including Noncontrolling Interests": 92797000.0,
        "Net Income Continuous Operations": 92797000.0,
        "Tax Provision": 27253000.0,
        "Pretax Income": 120050000.0,
        "Other Income Expense": 34034000.0,
        "Other Non Operating Income Expenses": 2613000.0,
        "Earnings From Equity Interest": 11740000.0,
        "Gain On Sale Of Security": 19681000.0,
        "Net Non Operating Interest Income Expense": 10000.0,
        "Interest Expense Non Operating": 3688000.0,
        "Interest Income Non Operating": 3698000.0,
        "Operating Income": 86006000.0,
        "Operating Expense": 51697000.0,
        "Selling General And Administration": 51697000.0,
        "General And Administrative Expense": 51697000.0,
        "Other Gand A": 34639000.0,
        "Salaries And Wages": 17058000.0,
        "Gross Profit": 137703000.0,
        "Cost Of Revenue": 60886000.0,
        "Total Revenue": 198589000.0,
        "Operating Revenue": 198589000.0
    }
}