{
    "2023-06-30": {
        "Tax Effect Of Unusual Items": 0.0,
        "Tax Rate For Calcs": 0.285571,
        "Total Unusual Items": 0.0,
        "Total Unusual Items Excluding Goodwill": 0.0,
        "Net Income From Continuing Operation Net Minority Interest": 1421000.0,
        "Reconciled Depreciation": 494000.0,
        "Net Interest Income": 7728000.0,
        "Interest Expense": 2769000.0,
        "Interest Income": 10497000.0,
        "Normalized Income": 1421000.0,
        "Net Income From Continuing And Discontinued Operation": 1421000.0,
        "Diluted Average Shares": 4440625.0,
        "Basic Average Shares": 4306061.0,
        "Diluted EPS": 0.32,
        "Basic EPS": 0.33,
        "Diluted NI Availto Com Stockholders": 1421000.0,
        "Net Income Common Stockholders": 1421000.0,
        "Net Income": 1421000.0,
        "Net Income Including Noncontrolling Interests": 1421000.0,
        "Net Income Continuous Operations": 1421000.0,
        "Tax Provision": 568000.0,
        "Pretax Income": 1989000.0,
        "Special Income Charges": 0.0,
        "Impairment Of Capital Assets": 0.0,
        "Selling General And Administration": 4459000.0,
        "General And Administrative Expense": 4459000.0,
        "Salaries And Wages": 4459000.0,
        "Total Revenue": 9702000.0,
        "Operating Revenue": 9702000.0,
        "Occupancy And Equipment": 914000.0,
        "Professional Expense And Contract Services Expense": 292000.0,
        "Other Non Interest Expense": 1792000.0
    },
    "2023-03-31": {
        "Tax Effect Of Unusual Items": 0.0,
        "Tax Rate For Calcs": 0.291414,
        "Net Income From Continuing Operation Net Minority Interest": 1634000.0,
        "Reconciled Depreciation": 481000.0,
        "Net Interest Income": 8063000.0,
        "Interest Expense": 1850000.0,
        "Interest Income": 9913000.0,
        "Normalized Income": 1634000.0,
        "Net Income From Continuing And Discontinued Operation": 1634000.0,
        "Diluted Average Shares": 4368034.0,
        "Basic Average Shares": 4338922.0,
        "Diluted EPS": 0.37,
        "Basic EPS": 0.38,
        "Diluted NI Availto Com Stockholders": 1634000.0,
        "Net Income Common Stockholders": 1634000.0,
        "Net Income": 1634000.0,
        "Net Income Including Noncontrolling Interests": 1634000.0,
        "Net Income Continuous Operations": 1634000.0,
        "Tax Provision": 672000.0,
        "Pretax Income": 2306000.0,
        "Selling General And Administration": 4805000.0,
        "General And Administrative Expense": 4805000.0,
        "Salaries And Wages": 4805000.0,
        "Total Revenue": 9991000.0,
        "Operating Revenue": 9991000.0,
        "Occupancy And Equipment": 950000.0,
        "Professional Expense And Contract Services Expense": 237000.0,
        "Other Non Interest Expense": 1701000.0
    },
    "2022-12-31": {
        "Tax Effect Of Unusual Items": 0.0,
        "Tax Rate For Calcs": 0.269623,
        "Net Income From Continuing Operation Net Minority Interest": 2438000.0,
        "Reconciled Depreciation": 509000.0,
        "Net Interest Income": 8918000.0,
        "Interest Expense": 1084000.0,
        "Interest Income": 10002000.0,
        "Normalized Income": 2438000.0,
        "Net Income From Continuing And Discontinued Operation": 2438000.0,
        "Diluted Average Shares": 4353571.0,
        "Basic Average Shares": 4353571.0,
        "Diluted EPS": 0.56,
        "Basic EPS": 0.56,
        "Diluted NI Availto Com Stockholders": 2438000.0,
        "Net Income Common Stockholders": 2438000.0,
        "Net Income": 2438000.0,
        "Net Income Including Noncontrolling Interests": 2438000.0,
        "Net Income Continuous Operations": 2438000.0,
        "Tax Provision": 900000.0,
        "Pretax Income": 3338000.0,
        "Selling General And Administration": 4406000.0,
        "General And Administrative Expense": 4406000.0,
        "Salaries And Wages": 4406000.0,
        "Total Revenue": 10860000.0,
        "Operating Revenue": 10860000.0
    },
    "2022-09-30": {
        "Tax Effect Of Unusual Items": 0.0,
        "Tax Rate For Calcs": 0.293596,
        "Net Income From Continuing Operation Net Minority Interest": 1831000.0,
        "Reconciled Depreciation": 532000.0,
        "Net Interest Income": 8291000.0,
        "Interest Expense": 340000.0,
        "Interest Income": 8631000.0,
        "Normalized Income": 1831000.0,
        "Net Income From Continuing And Discontinued Operation": 1831000.0,
        "Diluted Average Shares": 4379096.0,
        "Basic Average Shares": 4348444.0,
        "Diluted EPS": 0.42,
        "Basic EPS": 0.42,
        "Diluted NI Availto Com Stockholders": 1831000.0,
        "Net Income Common Stockholders": 1831000.0,
        "Net Income": 1831000.0,
        "Net Income Including Noncontrolling Interests": 1831000.0,
        "Net Income Continuous Operations": 1831000.0,
        "Tax Provision": 761000.0,
        "Pretax Income": 2592000.0,
        "Selling General And Administration": 4355000.0,
        "General And Administrative Expense": 4355000.0,
        "Other Gand A": 513000.0,
        "Salaries And Wages": 4355000.0,
        "Total Revenue": 10345000.0,
        "Operating Revenue": 10345000.0
    },
    "2022-06-30": {
        "Tax Effect Of Unusual Items": 0.0,
        "Tax Rate For Calcs": 0.29177,
        "Net Income From Continuing Operation Net Minority Interest": 2289000.0,
        "Reconciled Depreciation": 551000.0,
        "Net Interest Income": 7765000.0,
        "Interest Expense": 292000.0,
        "Interest Income": 8057000.0,
        "Normalized Income": 2289000.0,
        "Net Income From Continuing And Discontinued Operation": 2289000.0,
        "Diluted Average Shares": 4394159.0,
        "Basic Average Shares": 4360717.0,
        "Diluted EPS": 0.52,
        "Basic EPS": 0.52,
        "Diluted NI Availto Com Stockholders": 2289000.0,
        "Net Income Common Stockholders": 2289000.0,
        "Net Income": 2289000.0,
        "Net Income Including Noncontrolling Interests": 2289000.0,
        "Net Income Continuous Operations": 2289000.0,
        "Tax Provision": 943000.0,
        "Pretax Income": 3232000.0,
        "Selling General And Administration": 4162000.0,
        "General And Administrative Expense": 4162000.0,
        "Other Gand A": 576000.0,
        "Salaries And Wages": 4162000.0,
        "Total Revenue": 10281000.0,
        "Operating Revenue": 10281000.0
    },
    "2022-03-31": {
        "Diluted EPS": 0.34,
        "Total Revenue": 10,
        "Gross Profit": 10,
        "Operating Income": 2,
        "EBIT": NaN,
        "Net Income": 1
    },
    "2021-12-31": {
        "Diluted EPS": 0.46,
        "Total Revenue": 11,
        "Gross Profit": 10,
        "Operating Income": 3,
        "EBIT": NaN,
        "Net Income": 2
    },
    "2021-09-30": {
        "Diluted EPS": 0.81,
        "Total Revenue": 11,
        "Gross Profit": 11,
        "Operating Income": 5,
        "EBIT": NaN,
        "Net Income": 4
    },
    "2021-06-30": {
        "Diluted EPS": 1.0,
        "Total Revenue": 13,
        "Gross Profit": 12,
        "Operating Income": 6,
        "EBIT": NaN,
        "Net Income": 5
    },
    "2021-03-31": {
        "Diluted EPS": 0.74,
        "Total Revenue": 11,
        "Gross Profit": 11,
        "Operating Income": 5,
        "EBIT": NaN,
        "Net Income": 3
    },
    "2020-12-31": {
        "Diluted EPS": 0.67,
        "Total Revenue": 13,
        "Gross Profit": 12,
        "Operating Income": 4,
        "EBIT": NaN,
        "Net Income": 3
    },
    "2020-09-30": {
        "Diluted EPS": 0.67,
        "Total Revenue": 12,
        "Gross Profit": 12,
        "Operating Income": 4,
        "EBIT": NaN,
        "Net Income": 3
    },
    "2020-06-30": {
        "Diluted EPS": 0.58,
        "Total Revenue": 11,
        "Gross Profit": 11,
        "Operating Income": 4,
        "EBIT": NaN,
        "Net Income": 3
    },
    "2020-03-31": {
        "Diluted EPS": 0.3,
        "Total Revenue": 10,
        "Gross Profit": 9,
        "Operating Income": 2,
        "EBIT": NaN,
        "Net Income": 1
    },
    "2019-12-31": {
        "Diluted EPS": 0.26,
        "Total Revenue": 10,
        "Gross Profit": 9,
        "Operating Income": 2,
        "EBIT": NaN,
        "Net Income": 1
    },
    "2019-09-30": {
        "Diluted EPS": 0.45,
        "Total Revenue": 10,
        "Gross Profit": 9,
        "Operating Income": 3,
        "EBIT": NaN,
        "Net Income": 2
    },
    "2019-06-30": {
        "Diluted EPS": 0.62,
        "Total Revenue": 10,
        "Gross Profit": 9,
        "Operating Income": 4,
        "EBIT": NaN,
        "Net Income": 3
    },
    "2019-03-31": {
        "Diluted EPS": 0.35,
        "Total Revenue": 9,
        "Gross Profit": 9,
        "Operating Income": 2,
        "EBIT": NaN,
        "Net Income": 2
    },
    "2018-12-31": {
        "Diluted EPS": 0.47,
        "Total Revenue": 10,
        "Gross Profit": 9,
        "Operating Income": 3,
        "EBIT": NaN,
        "Net Income": 2
    },
    "2018-09-30": {
        "Diluted EPS": 0.59,
        "Total Revenue": 10,
        "Gross Profit": 9,
        "Operating Income": 4,
        "EBIT": NaN,
        "Net Income": 3
    },
    "2018-06-30": {
        "Diluted EPS": 0.36,
        "Total Revenue": 10,
        "Gross Profit": 9,
        "Operating Income": 2,
        "EBIT": NaN,
        "Net Income": 2
    },
    "2018-03-31": {
        "Diluted EPS": 0.29,
        "Total Revenue": 9,
        "Gross Profit": 8,
        "Operating Income": 2,
        "EBIT": NaN,
        "Net Income": 1
    },
    "2017-12-31": {
        "Diluted EPS": 0.07,
        "Total Revenue": 9,
        "Gross Profit": 8,
        "Operating Income": 2,
        "EBIT": NaN,
        "Net Income": 0
    },
    "2017-09-30": {
        "Diluted EPS": 0.37,
        "Total Revenue": 9,
        "Gross Profit": 9,
        "Operating Income": 3,
        "EBIT": NaN,
        "Net Income": 2
    },
    "2017-06-30": {
        "Diluted EPS": 0.21,
        "Total Revenue": 9,
        "Gross Profit": 8,
        "Operating Income": 2,
        "EBIT": NaN,
        "Net Income": 1
    },
    "2017-03-31": {
        "Diluted EPS": 0.25,
        "Total Revenue": 9,
        "Gross Profit": 8,
        "Operating Income": 2,
        "EBIT": NaN,
        "Net Income": 1
    },
    "2016-12-31": {
        "Diluted EPS": 0.35,
        "Total Revenue": 9,
        "Gross Profit": 8,
        "Operating Income": 3,
        "EBIT": NaN,
        "Net Income": 2
    },
    "2016-09-30": {
        "Diluted EPS": 0.3,
        "Total Revenue": 9,
        "Gross Profit": 9,
        "Operating Income": 2,
        "EBIT": NaN,
        "Net Income": 1
    },
    "2016-06-30": {
        "Diluted EPS": 0.31,
        "Total Revenue": 9,
        "Gross Profit": 9,
        "Operating Income": 2,
        "EBIT": NaN,
        "Net Income": 1
    },
    "2016-03-31": {
        "Diluted EPS": 0.38,
        "Total Revenue": 8,
        "Gross Profit": 8,
        "Operating Income": 3,
        "EBIT": NaN,
        "Net Income": 2
    },
    "2015-12-31": {
        "Diluted EPS": 0.22,
        "Total Revenue": 8,
        "Gross Profit": 8,
        "Operating Income": 2,
        "EBIT": NaN,
        "Net Income": 1
    },
    "2015-09-30": {
        "Diluted EPS": 0.18,
        "Total Revenue": 8,
        "Gross Profit": 7,
        "Operating Income": 1,
        "EBIT": NaN,
        "Net Income": 1
    },
    "2015-06-30": {
        "Diluted EPS": 0.13,
        "Total Revenue": 7,
        "Gross Profit": 7,
        "Operating Income": 1,
        "EBIT": NaN,
        "Net Income": 1
    },
    "2015-03-31": {
        "Diluted EPS": 0.08,
        "Total Revenue": 6,
        "Gross Profit": 6,
        "Operating Income": 1,
        "EBIT": NaN,
        "Net Income": 0
    },
    "2014-12-31": {
        "Diluted EPS": 0.3,
        "Total Revenue": 7,
        "Gross Profit": 6,
        "Operating Income": 3,
        "EBIT": NaN,
        "Net Income": 1
    },
    "2014-09-30": {
        "Diluted EPS": 0.25,
        "Total Revenue": 7,
        "Gross Profit": 7,
        "Operating Income": 3,
        "EBIT": NaN,
        "Net Income": 1
    },
    "2014-06-30": {
        "Diluted EPS": 0.44,
        "Total Revenue": 7,
        "Gross Profit": 6,
        "Operating Income": 4,
        "EBIT": NaN,
        "Net Income": 2
    },
    "2014-03-31": {
        "Diluted EPS": 0.24,
        "Total Revenue": 7,
        "Gross Profit": 7,
        "Operating Income": 3,
        "EBIT": NaN,
        "Net Income": 1
    },
    "2013-12-31": {
        "Diluted EPS": 4.08,
        "Total Revenue": 7,
        "Gross Profit": 6,
        "Operating Income": 3,
        "EBIT": NaN,
        "Net Income": 18
    },
    "2013-09-30": {
        "Diluted EPS": 1.27,
        "Total Revenue": 8,
        "Gross Profit": 7,
        "Operating Income": 6,
        "EBIT": NaN,
        "Net Income": 6
    },
    "2013-06-30": {
        "Diluted EPS": 0.3,
        "Total Revenue": 8,
        "Gross Profit": 7,
        "Operating Income": 2,
        "EBIT": NaN,
        "Net Income": 1
    },
    "2013-03-31": {
        "Diluted EPS": 0.06,
        "Total Revenue": 8,
        "Gross Profit": 7,
        "Operating Income": 1,
        "EBIT": NaN,
        "Net Income": 0
    },
    "2012-12-31": {
        "Diluted EPS": 0.26,
        "Total Revenue": 9,
        "Gross Profit": 8,
        "Operating Income": 2,
        "EBIT": NaN,
        "Net Income": 1
    },
    "2012-09-30": {
        "Diluted EPS": 0.04,
        "Total Revenue": 10,
        "Gross Profit": 8,
        "Operating Income": 1,
        "EBIT": NaN,
        "Net Income": 0
    },
    "2012-06-30": {
        "Diluted EPS": -0.02,
        "Total Revenue": 10,
        "Gross Profit": 8,
        "Operating Income": 0,
        "EBIT": NaN,
        "Net Income": 0
    },
    "2012-03-31": {
        "Diluted EPS": 0.58,
        "Total Revenue": 11,
        "Gross Profit": 9,
        "Operating Income": 3,
        "EBIT": NaN,
        "Net Income": 2
    },
    "2011-12-31": {
        "Diluted EPS": -2.09,
        "Total Revenue": 11,
        "Gross Profit": 9,
        "Operating Income": -8,
        "EBIT": NaN,
        "Net Income": -8
    },
    "2011-09-30": {
        "Diluted EPS": -0.65,
        "Total Revenue": 11,
        "Gross Profit": 9,
        "Operating Income": -2,
        "EBIT": NaN,
        "Net Income": -3
    },
    "2011-06-30": {
        "Diluted EPS": -0.72,
        "Total Revenue": 12,
        "Gross Profit": 9,
        "Operating Income": -2,
        "EBIT": NaN,
        "Net Income": -3
    },
    "2011-03-31": {
        "Diluted EPS": -0.01,
        "Total Revenue": 13,
        "Gross Profit": 9,
        "Operating Income": 0,
        "EBIT": NaN,
        "Net Income": 0
    },
    "2010-12-31": {
        "Diluted EPS": -2.76,
        "Total Revenue": 13,
        "Gross Profit": 9,
        "Operating Income": -9,
        "EBIT": NaN,
        "Net Income": -10
    },
    "2010-09-30": {
        "Diluted EPS": -2.6,
        "Total Revenue": 14,
        "Gross Profit": 10,
        "Operating Income": -9,
        "EBIT": NaN,
        "Net Income": -10
    },
    "2010-06-30": {
        "Diluted EPS": -2.2,
        "Total Revenue": 14,
        "Gross Profit": 10,
        "Operating Income": -1,
        "EBIT": NaN,
        "Net Income": -8
    },
    "2010-03-31": {
        "Diluted EPS": -0.61,
        "Total Revenue": 14,
        "Gross Profit": 10,
        "Operating Income": -3,
        "EBIT": NaN,
        "Net Income": -2
    },
    "2009-12-31": {
        "Diluted EPS": -0.06,
        "Total Revenue": 15,
        "Gross Profit": 10,
        "Operating Income": 0,
        "EBIT": NaN,
        "Net Income": 0
    },
    "2009-09-30": {
        "Diluted EPS": 0.12,
        "Total Revenue": 16,
        "Gross Profit": 10,
        "Operating Income": 1,
        "EBIT": NaN,
        "Net Income": 0
    },
    "2009-06-30": {
        "Diluted EPS": -2.62,
        "Total Revenue": 17,
        "Gross Profit": 11,
        "Operating Income": -13,
        "EBIT": NaN,
        "Net Income": -10
    },
    "2009-03-31": {
        "Diluted EPS": -0.83,
        "Total Revenue": 17,
        "Gross Profit": 11,
        "Operating Income": -4,
        "EBIT": NaN,
        "Net Income": -3
    },
    "2023-09-30": {
        "Tax Effect Of Unusual Items": 0.0,
        "Tax Rate For Calcs": 0.372697,
        "Total Unusual Items": NaN,
        "Total Unusual Items Excluding Goodwill": NaN,
        "Net Income From Continuing Operation Net Minority Interest": 1498000.0,
        "Reconciled Depreciation": 491000.0,
        "Net Interest Income": 7803000.0,
        "Interest Expense": 3724000.0,
        "Interest Income": 11527000.0,
        "Normalized Income": 1498000.0,
        "Net Income From Continuing And Discontinued Operation": 1498000.0,
        "Diluted Average Shares": 4405882.0,
        "Basic Average Shares": 4405882.0,
        "Diluted EPS": 0.34,
        "Basic EPS": 0.34,
        "Diluted NI Availto Com Stockholders": 1498000.0,
        "Net Income Common Stockholders": 1498000.0,
        "Net Income": 1498000.0,
        "Net Income Including Noncontrolling Interests": 1498000.0,
        "Net Income Continuous Operations": 1498000.0,
        "Tax Provision": 890000.0,
        "Pretax Income": 2388000.0,
        "Special Income Charges": NaN,
        "Impairment Of Capital Assets": NaN,
        "Selling General And Administration": 4455000.0,
        "General And Administrative Expense": 4455000.0,
        "Salaries And Wages": 4455000.0,
        "Total Revenue": 9987000.0,
        "Operating Revenue": 9987000.0,
        "Occupancy And Equipment": 893000.0,
        "Professional Expense And Contract Services Expense": 245000.0,
        "Other Non Interest Expense": 1688000.0
    },
    "2023-12-31": {
        "Tax Effect Of Unusual Items": 0.0,
        "Tax Rate For Calcs": 0.223529,
        "Total Unusual Items": NaN,
        "Total Unusual Items Excluding Goodwill": NaN,
        "Net Income From Continuing Operation Net Minority Interest": 1452000.0,
        "Reconciled Depreciation": 486000.0,
        "Net Interest Income": 7163000.0,
        "Interest Expense": 4377000.0,
        "Interest Income": 11540000.0,
        "Normalized Income": 1452000.0,
        "Net Income From Continuing And Discontinued Operation": 1452000.0,
        "Diluted Average Shares": 4400000.0,
        "Basic Average Shares": 4400000.0,
        "Diluted EPS": 0.33,
        "Basic EPS": 0.33,
        "Diluted NI Availto Com Stockholders": 1452000.0,
        "Net Income Common Stockholders": 1452000.0,
        "Net Income": 1452000.0,
        "Net Income Including Noncontrolling Interests": 1452000.0,
        "Net Income Continuous Operations": 1452000.0,
        "Tax Provision": 418000.0,
        "Pretax Income": 1870000.0,
        "Special Income Charges": NaN,
        "Impairment Of Capital Assets": NaN,
        "Selling General And Administration": 4394000.0,
        "General And Administrative Expense": 4394000.0,
        "Salaries And Wages": 4394000.0,
        "Total Revenue": 9358000.0,
        "Operating Revenue": 9358000.0,
        "Occupancy And Equipment": 869000.0,
        "Professional Expense And Contract Services Expense": 277000.0,
        "Other Non Interest Expense": 1801000.0
    },
    "2024-03-31": {
        "Tax Effect Of Unusual Items": 0.0,
        "Tax Rate For Calcs": 0.276222,
        "Total Unusual Items": NaN,
        "Total Unusual Items Excluding Goodwill": NaN,
        "Net Income From Continuing Operation Net Minority Interest": 1318000.0,
        "Reconciled Depreciation": 479000.0,
        "Net Interest Income": 7256000.0,
        "Interest Expense": 4743000.0,
        "Interest Income": 11999000.0,
        "Normalized Income": 1318000.0,
        "Net Income From Continuing And Discontinued Operation": 1318000.0,
        "Diluted Average Shares": 4370044.0,
        "Basic Average Shares": 4343720.0,
        "Diluted EPS": 0.3,
        "Basic EPS": 0.3,
        "Diluted NI Availto Com Stockholders": 1318000.0,
        "Net Income Common Stockholders": 1318000.0,
        "Net Income": 1318000.0,
        "Net Income Including Noncontrolling Interests": 1318000.0,
        "Net Income Continuous Operations": 1318000.0,
        "Tax Provision": 503000.0,
        "Pretax Income": 1821000.0,
        "Special Income Charges": NaN,
        "Impairment Of Capital Assets": NaN,
        "Selling General And Administration": 4697000.0,
        "General And Administrative Expense": 4697000.0,
        "Salaries And Wages": 4697000.0,
        "Total Revenue": 9163000.0,
        "Operating Revenue": 9163000.0,
        "Occupancy And Equipment": 852000.0,
        "Professional Expense And Contract Services Expense": 321000.0,
        "Other Non Interest Expense": 1681000.0
    },
    "2024-06-30": {
        "Tax Effect Of Unusual Items": -222744.601638,
        "Tax Rate For Calcs": 0.277736,
        "Total Unusual Items": -802000.0,
        "Total Unusual Items Excluding Goodwill": -802000.0,
        "Net Income From Continuing Operation Net Minority Interest": 970000.0,
        "Reconciled Depreciation": 483000.0,
        "Net Interest Income": 7492000.0,
        "Interest Expense": 5088000.0,
        "Interest Income": 12580000.0,
        "Normalized Income": 1549255.398362,
        "Net Income From Continuing And Discontinued Operation": 970000.0,
        "Diluted Average Shares": 4378816.0,
        "Basic Average Shares": 4352016.0,
        "Diluted EPS": 0.22,
        "Basic EPS": 0.22,
        "Diluted NI Availto Com Stockholders": 970000.0,
        "Net Income Common Stockholders": 970000.0,
        "Net Income": 970000.0,
        "Net Income Including Noncontrolling Interests": 970000.0,
        "Net Income Continuous Operations": 970000.0,
        "Tax Provision": 373000.0,
        "Pretax Income": 1343000.0,
        "Special Income Charges": -802000.0,
        "Impairment Of Capital Assets": 802000.0,
        "Selling General And Administration": 4420000.0,
        "General And Administrative Expense": 4420000.0,
        "Salaries And Wages": 4420000.0,
        "Total Revenue": 9702000.0,
        "Operating Revenue": 9702000.0,
        "Occupancy And Equipment": 880000.0,
        "Professional Expense And Contract Services Expense": 750000.0,
        "Other Non Interest Expense": 1813000.0
    }
}