{
    "2023-06-30": {
        "Tax Effect Of Unusual Items": NaN,
        "Tax Rate For Calcs": NaN,
        "Total Unusual Items": NaN,
        "Total Unusual Items Excluding Goodwill": NaN,
        "Net Income From Continuing Operation Net Minority Interest": NaN,
        "Reconciled Depreciation": NaN,
        "Net Interest Income": NaN,
        "Interest Expense": NaN,
        "Interest Income": NaN,
        "Normalized Income": NaN,
        "Net Income From Continuing And Discontinued Operation": NaN,
        "Diluted Average Shares": NaN,
        "Basic Average Shares": NaN,
        "Diluted EPS": NaN,
        "Basic EPS": NaN,
        "Diluted NI Availto Com Stockholders": NaN,
        "Net Income Common Stockholders": NaN,
        "Net Income": NaN,
        "Net Income Including Noncontrolling Interests": NaN,
        "Net Income Continuous Operations": NaN,
        "Tax Provision": NaN,
        "Pretax Income": NaN,
        "Special Income Charges": NaN,
        "Impairment Of Capital Assets": NaN,
        "Selling General And Administration": NaN,
        "General And Administrative Expense": NaN,
        "Other Gand A": NaN,
        "Salaries And Wages": NaN,
        "Total Revenue": NaN,
        "Operating Revenue": NaN,
        "Occupancy And Equipment": NaN,
        "Other Non Interest Expense": 7483000.0
    },
    "2023-03-31": {
        "Tax Effect Of Unusual Items": NaN,
        "Tax Rate For Calcs": NaN,
        "Total Unusual Items": NaN,
        "Total Unusual Items Excluding Goodwill": NaN,
        "Net Income From Continuing Operation Net Minority Interest": NaN,
        "Reconciled Depreciation": NaN,
        "Net Interest Income": NaN,
        "Interest Expense": NaN,
        "Interest Income": NaN,
        "Normalized Income": NaN,
        "Net Income From Continuing And Discontinued Operation": NaN,
        "Diluted Average Shares": NaN,
        "Basic Average Shares": NaN,
        "Diluted EPS": NaN,
        "Basic EPS": NaN,
        "Diluted NI Availto Com Stockholders": NaN,
        "Net Income Common Stockholders": NaN,
        "Net Income": NaN,
        "Net Income Including Noncontrolling Interests": NaN,
        "Net Income Continuous Operations": NaN,
        "Tax Provision": NaN,
        "Pretax Income": NaN,
        "Special Income Charges": NaN,
        "Impairment Of Capital Assets": NaN,
        "Selling General And Administration": NaN,
        "General And Administrative Expense": NaN,
        "Other Gand A": NaN,
        "Salaries And Wages": NaN,
        "Total Revenue": NaN,
        "Operating Revenue": NaN,
        "Occupancy And Equipment": NaN,
        "Other Non Interest Expense": 7145000.0
    },
    "2022-12-31": {
        "Tax Effect Of Unusual Items": 0.0,
        "Tax Rate For Calcs": 0.237305,
        "Total Unusual Items": NaN,
        "Total Unusual Items Excluding Goodwill": NaN,
        "Net Income From Continuing Operation Net Minority Interest": 8501000.0,
        "Reconciled Depreciation": 4449000.0,
        "Net Interest Income": 55687000.0,
        "Interest Expense": 38479000.0,
        "Interest Income": 94166000.0,
        "Normalized Income": 8501000.0,
        "Net Income From Continuing And Discontinued Operation": 8501000.0,
        "Diluted Average Shares": 18753147.0,
        "Basic Average Shares": 18726654.0,
        "Diluted EPS": 0.45,
        "Basic EPS": 0.45,
        "Diluted NI Availto Com Stockholders": 8501000.0,
        "Net Income Common Stockholders": 8501000.0,
        "Net Income": 8501000.0,
        "Net Income Including Noncontrolling Interests": 8501000.0,
        "Net Income Continuous Operations": 8501000.0,
        "Tax Provision": 2645000.0,
        "Pretax Income": 11146000.0,
        "Special Income Charges": NaN,
        "Impairment Of Capital Assets": NaN,
        "Selling General And Administration": 36106000.0,
        "General And Administrative Expense": 36106000.0,
        "Other Gand A": 10136000.0,
        "Salaries And Wages": 25970000.0,
        "Total Revenue": 57263000.0,
        "Operating Revenue": 57263000.0
    },
    "2022-09-30": {
        "Tax Effect Of Unusual Items": NaN,
        "Tax Rate For Calcs": NaN,
        "Total Unusual Items": 0.0,
        "Total Unusual Items Excluding Goodwill": 0.0,
        "Net Income From Continuing Operation Net Minority Interest": NaN,
        "Reconciled Depreciation": NaN,
        "Net Interest Income": NaN,
        "Interest Expense": NaN,
        "Interest Income": NaN,
        "Normalized Income": NaN,
        "Net Income From Continuing And Discontinued Operation": NaN,
        "Diluted Average Shares": NaN,
        "Basic Average Shares": NaN,
        "Diluted EPS": NaN,
        "Basic EPS": NaN,
        "Diluted NI Availto Com Stockholders": NaN,
        "Net Income Common Stockholders": NaN,
        "Net Income": NaN,
        "Net Income Including Noncontrolling Interests": NaN,
        "Net Income Continuous Operations": NaN,
        "Tax Provision": NaN,
        "Pretax Income": NaN,
        "Special Income Charges": 0.0,
        "Impairment Of Capital Assets": 0.0,
        "Selling General And Administration": NaN,
        "General And Administrative Expense": NaN,
        "Other Gand A": NaN,
        "Salaries And Wages": NaN,
        "Total Revenue": NaN,
        "Operating Revenue": NaN
    },
    "2022-06-30": {
        "Tax Effect Of Unusual Items": 0.0,
        "Tax Rate For Calcs": 0.21,
        "Total Unusual Items": NaN,
        "Total Unusual Items Excluding Goodwill": NaN,
        "Net Income From Continuing Operation Net Minority Interest": 17721000.0,
        "Reconciled Depreciation": 5123000.0,
        "Net Interest Income": 60056000.0,
        "Interest Expense": 7635000.0,
        "Interest Income": 67691000.0,
        "Normalized Income": 17721000.0,
        "Net Income From Continuing And Discontinued Operation": 17721000.0,
        "Diluted Average Shares": 18834443.0,
        "Basic Average Shares": 18706953.0,
        "Diluted EPS": 0.94,
        "Basic EPS": 0.95,
        "Diluted NI Availto Com Stockholders": 17721000.0,
        "Net Income Common Stockholders": 17721000.0,
        "Net Income": 17721000.0,
        "Net Income Including Noncontrolling Interests": 17721000.0,
        "Net Income Continuous Operations": 17721000.0,
        "Tax Provision": 4711000.0,
        "Pretax Income": 22432000.0,
        "Special Income Charges": NaN,
        "Impairment Of Capital Assets": NaN,
        "Selling General And Administration": 36959000.0,
        "General And Administrative Expense": 36959000.0,
        "Other Gand A": 6768000.0,
        "Salaries And Wages": 30191000.0,
        "Total Revenue": 65289000.0,
        "Operating Revenue": 65289000.0
    },
    "2022-03-31": {
        "Diluted EPS": 1.01,
        "Total Revenue": 75,
        "Gross Profit": 70,
        "Operating Income": 25,
        "EBIT": NaN,
        "Net Income": 20
    },
    "2021-12-31": {
        "Diluted EPS": 1.43,
        "Total Revenue": 90,
        "Gross Profit": 86,
        "Operating Income": 38,
        "EBIT": NaN,
        "Net Income": 29
    },
    "2021-09-30": {
        "Diluted EPS": 1.31,
        "Total Revenue": 86,
        "Gross Profit": 82,
        "Operating Income": 35,
        "EBIT": NaN,
        "Net Income": 27
    },
    "2021-06-30": {
        "Diluted EPS": 1.37,
        "Total Revenue": 90,
        "Gross Profit": 86,
        "Operating Income": 37,
        "EBIT": NaN,
        "Net Income": 29
    },
    "2021-03-31": {
        "Diluted EPS": 1.35,
        "Total Revenue": 99,
        "Gross Profit": 93,
        "Operating Income": 37,
        "EBIT": NaN,
        "Net Income": 30
    },
    "2020-12-31": {
        "Diluted EPS": 1.21,
        "Total Revenue": 107,
        "Gross Profit": 100,
        "Operating Income": 35,
        "EBIT": NaN,
        "Net Income": 28
    },
    "2020-09-30": {
        "Diluted EPS": 1.15,
        "Total Revenue": 100,
        "Gross Profit": 92,
        "Operating Income": 34,
        "EBIT": NaN,
        "Net Income": 26
    },
    "2020-06-30": {
        "Diluted EPS": 0.81,
        "Total Revenue": 98,
        "Gross Profit": 88,
        "Operating Income": 24,
        "EBIT": NaN,
        "Net Income": 19
    },
    "2020-03-31": {
        "Diluted EPS": 0.3,
        "Total Revenue": 96,
        "Gross Profit": 78,
        "Operating Income": 9,
        "EBIT": NaN,
        "Net Income": 7
    },
    "2019-12-31": {
        "Diluted EPS": 0.38,
        "Total Revenue": 89,
        "Gross Profit": 67,
        "Operating Income": 16,
        "EBIT": NaN,
        "Net Income": 11
    },
    "2019-09-30": {
        "Diluted EPS": 0.55,
        "Total Revenue": 95,
        "Gross Profit": 72,
        "Operating Income": 16,
        "EBIT": NaN,
        "Net Income": 14
    },
    "2019-06-30": {
        "Diluted EPS": -0.22,
        "Total Revenue": 92,
        "Gross Profit": 69,
        "Operating Income": 10,
        "EBIT": NaN,
        "Net Income": -6
    },
    "2019-03-31": {
        "Diluted EPS": -0.06,
        "Total Revenue": 77,
        "Gross Profit": 56,
        "Operating Income": 6,
        "EBIT": NaN,
        "Net Income": -2
    },
    "2018-12-31": {
        "Diluted EPS": 0.55,
        "Total Revenue": 79,
        "Gross Profit": 59,
        "Operating Income": 10,
        "EBIT": NaN,
        "Net Income": 15
    },
    "2018-09-30": {
        "Diluted EPS": 0.44,
        "Total Revenue": 75,
        "Gross Profit": 59,
        "Operating Income": 10,
        "EBIT": NaN,
        "Net Income": 12
    },
    "2018-06-30": {
        "Diluted EPS": 0.26,
        "Total Revenue": 70,
        "Gross Profit": 56,
        "Operating Income": 5,
        "EBIT": NaN,
        "Net Income": 7
    },
    "2018-03-31": {
        "Diluted EPS": 0.22,
        "Total Revenue": 64,
        "Gross Profit": 53,
        "Operating Income": 2,
        "EBIT": NaN,
        "Net Income": 6
    },
    "2017-12-31": {
        "Diluted EPS": 1.29,
        "Total Revenue": -158,
        "Gross Profit": -166,
        "Operating Income": -23,
        "EBIT": NaN,
        "Net Income": 35
    },
    "2017-09-30": {
        "Diluted EPS": 0.51,
        "Total Revenue": 146,
        "Gross Profit": 135,
        "Operating Income": 20,
        "EBIT": NaN,
        "Net Income": 14
    },
    "2017-06-30": {
        "Diluted EPS": 0.41,
        "Total Revenue": 138,
        "Gross Profit": 128,
        "Operating Income": 16,
        "EBIT": NaN,
        "Net Income": 11
    },
    "2017-03-31": {
        "Diluted EPS": 0.33,
        "Total Revenue": 130,
        "Gross Profit": 120,
        "Operating Income": 13,
        "EBIT": NaN,
        "Net Income": 9
    },
    "2016-12-31": {
        "Diluted EPS": 0.09,
        "Total Revenue": 130,
        "Gross Profit": 121,
        "Operating Income": 3,
        "EBIT": NaN,
        "Net Income": 2
    },
    "2016-09-30": {
        "Diluted EPS": 1.11,
        "Total Revenue": 167,
        "Gross Profit": 159,
        "Operating Income": 43,
        "EBIT": NaN,
        "Net Income": 28
    },
    "2016-06-30": {
        "Diluted EPS": 0.87,
        "Total Revenue": 154,
        "Gross Profit": 147,
        "Operating Income": 35,
        "EBIT": NaN,
        "Net Income": 22
    },
    "2016-03-31": {
        "Diluted EPS": 0.27,
        "Total Revenue": 118,
        "Gross Profit": 112,
        "Operating Income": 10,
        "EBIT": NaN,
        "Net Income": 6
    },
    "2015-12-31": {
        "Diluted EPS": 0.36,
        "Total Revenue": 110,
        "Gross Profit": 105,
        "Operating Income": 11,
        "EBIT": NaN,
        "Net Income": 9
    },
    "2015-09-30": {
        "Diluted EPS": 0.45,
        "Total Revenue": 111,
        "Gross Profit": 107,
        "Operating Income": 14,
        "EBIT": NaN,
        "Net Income": 10
    },
    "2015-06-30": {
        "Diluted EPS": 0.56,
        "Total Revenue": 115,
        "Gross Profit": 111,
        "Operating Income": 18,
        "EBIT": NaN,
        "Net Income": 12
    },
    "2015-03-31": {
        "Diluted EPS": 0.59,
        "Total Revenue": 110,
        "Gross Profit": 106,
        "Operating Income": 14,
        "EBIT": NaN,
        "Net Income": 10
    },
    "2014-12-31": {
        "Diluted EPS": 0.38,
        "Total Revenue": 82,
        "Gross Profit": 79,
        "Operating Income": 11,
        "EBIT": NaN,
        "Net Income": 6
    },
    "2014-09-30": {
        "Diluted EPS": 0.33,
        "Total Revenue": 74,
        "Gross Profit": 71,
        "Operating Income": 7,
        "EBIT": NaN,
        "Net Income": 5
    },
    "2014-06-30": {
        "Diluted EPS": 0.63,
        "Total Revenue": 80,
        "Gross Profit": 77,
        "Operating Income": 14,
        "EBIT": NaN,
        "Net Income": 9
    },
    "2014-03-31": {
        "Diluted EPS": 0.15,
        "Total Revenue": 61,
        "Gross Profit": 57,
        "Operating Income": 3,
        "EBIT": NaN,
        "Net Income": 2
    },
    "2013-12-31": {
        "Diluted EPS": -0.06,
        "Total Revenue": 60,
        "Gross Profit": 57,
        "Operating Income": -1,
        "EBIT": NaN,
        "Net Income": -1
    },
    "2013-09-30": {
        "Diluted EPS": 0.11,
        "Total Revenue": 62,
        "Gross Profit": 59,
        "Operating Income": 2,
        "EBIT": NaN,
        "Net Income": 2
    },
    "2013-06-30": {
        "Diluted EPS": 0.82,
        "Total Revenue": 78,
        "Gross Profit": 75,
        "Operating Income": 18,
        "EBIT": NaN,
        "Net Income": 12
    },
    "2013-03-31": {
        "Diluted EPS": 0.74,
        "Total Revenue": 80,
        "Gross Profit": 74,
        "Operating Income": 16,
        "EBIT": NaN,
        "Net Income": 11
    },
    "2012-12-31": {
        "Diluted EPS": 1.36,
        "Total Revenue": 93,
        "Gross Profit": 89,
        "Operating Income": 29,
        "EBIT": NaN,
        "Net Income": 21
    },
    "2012-09-30": {
        "Diluted EPS": 1.5,
        "Total Revenue": 90,
        "Gross Profit": 86,
        "Operating Income": 34,
        "EBIT": NaN,
        "Net Income": 22
    },
    "2012-06-30": {
        "Diluted EPS": 1.26,
        "Total Revenue": 77,
        "Gross Profit": 72,
        "Operating Income": 23,
        "EBIT": NaN,
        "Net Income": 19
    },
    "2012-03-31": {
        "Diluted EPS": 1.86,
        "Total Revenue": 59,
        "Gross Profit": 53,
        "Operating Income": 18,
        "EBIT": NaN,
        "Net Income": 20
    },
    "2011-12-31": {
        "Diluted EPS": 1.3,
        "Total Revenue": 47,
        "Gross Profit": 40,
        "Operating Income": 7,
        "EBIT": NaN,
        "Net Income": 7
    },
    "2011-09-30": {
        "Diluted EPS": 2.66,
        "Total Revenue": 56,
        "Gross Profit": 49,
        "Operating Income": 16,
        "EBIT": NaN,
        "Net Income": 15
    },
    "2011-06-30": {
        "Diluted EPS": 0.23,
        "Total Revenue": 38,
        "Gross Profit": 31,
        "Operating Income": 1,
        "EBIT": NaN,
        "Net Income": 1
    },
    "2011-03-31": {
        "Diluted EPS": -1.38,
        "Total Revenue": 35,
        "Gross Profit": 26,
        "Operating Income": -7,
        "EBIT": NaN,
        "Net Income": -7
    },
    "2010-12-31": {
        "Diluted EPS": 0.0,
        "Total Revenue": NaN,
        "Gross Profit": NaN,
        "Operating Income": NaN,
        "EBIT": NaN,
        "Net Income": NaN
    },
    "2009-12-31": {
        "Diluted EPS": 0.0,
        "Total Revenue": NaN,
        "Gross Profit": NaN,
        "Operating Income": NaN,
        "EBIT": NaN,
        "Net Income": NaN
    },
    "2023-09-30": {
        "Tax Effect Of Unusual Items": NaN,
        "Tax Rate For Calcs": NaN,
        "Total Unusual Items": 0.0,
        "Total Unusual Items Excluding Goodwill": 0.0,
        "Net Income From Continuing Operation Net Minority Interest": NaN,
        "Reconciled Depreciation": NaN,
        "Net Interest Income": NaN,
        "Interest Expense": NaN,
        "Interest Income": NaN,
        "Normalized Income": NaN,
        "Net Income From Continuing And Discontinued Operation": NaN,
        "Diluted Average Shares": NaN,
        "Basic Average Shares": NaN,
        "Diluted EPS": NaN,
        "Basic EPS": NaN,
        "Diluted NI Availto Com Stockholders": NaN,
        "Net Income Common Stockholders": NaN,
        "Net Income": NaN,
        "Net Income Including Noncontrolling Interests": NaN,
        "Net Income Continuous Operations": NaN,
        "Tax Provision": NaN,
        "Pretax Income": NaN,
        "Special Income Charges": 0.0,
        "Impairment Of Capital Assets": 0.0,
        "Selling General And Administration": NaN,
        "General And Administrative Expense": NaN,
        "Other Gand A": NaN,
        "Salaries And Wages": NaN,
        "Total Revenue": NaN,
        "Operating Revenue": NaN,
        "Occupancy And Equipment": NaN,
        "Other Non Interest Expense": NaN
    },
    "2023-12-31": {
        "Tax Effect Of Unusual Items": NaN,
        "Tax Rate For Calcs": NaN,
        "Total Unusual Items": 0.0,
        "Total Unusual Items Excluding Goodwill": 0.0,
        "Net Income From Continuing Operation Net Minority Interest": NaN,
        "Reconciled Depreciation": NaN,
        "Net Interest Income": NaN,
        "Interest Expense": NaN,
        "Interest Income": NaN,
        "Normalized Income": NaN,
        "Net Income From Continuing And Discontinued Operation": NaN,
        "Diluted Average Shares": NaN,
        "Basic Average Shares": NaN,
        "Diluted EPS": NaN,
        "Basic EPS": NaN,
        "Diluted NI Availto Com Stockholders": NaN,
        "Net Income Common Stockholders": NaN,
        "Net Income": NaN,
        "Net Income Including Noncontrolling Interests": NaN,
        "Net Income Continuous Operations": NaN,
        "Tax Provision": NaN,
        "Pretax Income": NaN,
        "Special Income Charges": 0.0,
        "Impairment Of Capital Assets": 0.0,
        "Selling General And Administration": NaN,
        "General And Administrative Expense": NaN,
        "Other Gand A": NaN,
        "Salaries And Wages": NaN,
        "Total Revenue": NaN,
        "Operating Revenue": NaN,
        "Occupancy And Equipment": NaN,
        "Other Non Interest Expense": NaN
    },
    "2024-03-31": {
        "Tax Effect Of Unusual Items": NaN,
        "Tax Rate For Calcs": NaN,
        "Total Unusual Items": NaN,
        "Total Unusual Items Excluding Goodwill": NaN,
        "Net Income From Continuing Operation Net Minority Interest": NaN,
        "Reconciled Depreciation": NaN,
        "Net Interest Income": NaN,
        "Interest Expense": NaN,
        "Interest Income": NaN,
        "Normalized Income": NaN,
        "Net Income From Continuing And Discontinued Operation": NaN,
        "Diluted Average Shares": NaN,
        "Basic Average Shares": NaN,
        "Diluted EPS": NaN,
        "Basic EPS": NaN,
        "Diluted NI Availto Com Stockholders": NaN,
        "Net Income Common Stockholders": NaN,
        "Net Income": NaN,
        "Net Income Including Noncontrolling Interests": NaN,
        "Net Income Continuous Operations": NaN,
        "Tax Provision": NaN,
        "Pretax Income": NaN,
        "Special Income Charges": NaN,
        "Impairment Of Capital Assets": NaN,
        "Selling General And Administration": NaN,
        "General And Administrative Expense": NaN,
        "Other Gand A": NaN,
        "Salaries And Wages": NaN,
        "Total Revenue": NaN,
        "Operating Revenue": NaN,
        "Occupancy And Equipment": NaN,
        "Other Non Interest Expense": 7342000.0
    },
    "2024-06-30": {
        "Tax Effect Of Unusual Items": 0.0,
        "Tax Rate For Calcs": 0.220542,
        "Total Unusual Items": 0.0,
        "Total Unusual Items Excluding Goodwill": 0.0,
        "Net Income From Continuing Operation Net Minority Interest": -6238000.0,
        "Reconciled Depreciation": 3762000.0,
        "Net Interest Income": 29701000.0,
        "Interest Expense": 71422000.0,
        "Interest Income": 101123000.0,
        "Normalized Income": -6238000.0,
        "Net Income From Continuing And Discontinued Operation": -6238000.0,
        "Diluted Average Shares": 18857566.0,
        "Basic Average Shares": 18857566.0,
        "Diluted EPS": -0.33,
        "Basic EPS": -0.33,
        "Diluted NI Availto Com Stockholders": -6238000.0,
        "Net Income Common Stockholders": -6238000.0,
        "Net Income": -6238000.0,
        "Net Income Including Noncontrolling Interests": -6238000.0,
        "Net Income Continuous Operations": -6238000.0,
        "Tax Provision": -1765000.0,
        "Pretax Income": -8003000.0,
        "Special Income Charges": 0.0,
        "Impairment Of Capital Assets": 0.0,
        "Selling General And Administration": 38221000.0,
        "General And Administrative Expense": 38221000.0,
        "Other Gand A": 10605000.0,
        "Salaries And Wages": 27616000.0,
        "Total Revenue": 35348000.0,
        "Operating Revenue": 35348000.0,
        "Occupancy And Equipment": 5130000.0,
        "Other Non Interest Expense": 7580000.0
    },
    "2024-09-30": {
        "Tax Effect Of Unusual Items": 0.0,
        "Tax Rate For Calcs": 0.233,
        "Total Unusual Items": 0.0,
        "Total Unusual Items Excluding Goodwill": 0.0,
        "Net Income From Continuing Operation Net Minority Interest": -7282000.0,
        "Reconciled Depreciation": 3743000.0,
        "Net Interest Income": 28619000.0,
        "Interest Expense": 71218000.0,
        "Interest Income": 99837000.0,
        "Normalized Income": -7282000.0,
        "Net Income From Continuing And Discontinued Operation": -7282000.0,
        "Diluted Average Shares": 18857565.0,
        "Basic Average Shares": 18857565.0,
        "Diluted EPS": -0.39,
        "Basic EPS": -0.39,
        "Diluted NI Availto Com Stockholders": -7282000.0,
        "Net Income Common Stockholders": -7282000.0,
        "Net Income": -7282000.0,
        "Net Income Including Noncontrolling Interests": -7282000.0,
        "Net Income Continuous Operations": -7282000.0,
        "Tax Provision": -2207000.0,
        "Pretax Income": -9489000.0,
        "Special Income Charges": 0.0,
        "Impairment Of Capital Assets": 0.0,
        "Selling General And Administration": 36450000.0,
        "General And Administrative Expense": 36450000.0,
        "Other Gand A": 9690000.0,
        "Salaries And Wages": 26760000.0,
        "Total Revenue": 31935000.0,
        "Operating Revenue": 31935000.0,
        "Occupancy And Equipment": 4974000.0,
        "Other Non Interest Expense": NaN
    },
    "2024-12-31": {
        "Tax Effect Of Unusual Items": 0.0,
        "Tax Rate For Calcs": 0.21,
        "Total Unusual Items": 0.0,
        "Total Unusual Items Excluding Goodwill": 0.0,
        "Net Income From Continuing Operation Net Minority Interest": -123327000.0,
        "Reconciled Depreciation": 3499000.0,
        "Net Interest Income": 29616000.0,
        "Interest Expense": 69456000.0,
        "Interest Income": 99072000.0,
        "Normalized Income": -123327000.0,
        "Net Income From Continuing And Discontinued Operation": -123327000.0,
        "Diluted Average Shares": 18857565.0,
        "Basic Average Shares": 18857565.0,
        "Diluted EPS": -6.54,
        "Basic EPS": -6.54,
        "Diluted NI Availto Com Stockholders": -123327000.0,
        "Net Income Common Stockholders": -123327000.0,
        "Net Income": -123327000.0,
        "Net Income Including Noncontrolling Interests": -123327000.0,
        "Net Income Continuous Operations": -123327000.0,
        "Tax Provision": 30866000.0,
        "Pretax Income": -92461000.0,
        "Special Income Charges": 0.0,
        "Impairment Of Capital Assets": 0.0,
        "Selling General And Administration": 30564000.0,
        "General And Administrative Expense": 30564000.0,
        "Other Gand A": 5527000.0,
        "Salaries And Wages": 25037000.0,
        "Total Revenue": -55716000.0,
        "Operating Revenue": -55716000.0,
        "Occupancy And Equipment": 6181000.0,
        "Other Non Interest Expense": NaN
    },
    "2025-03-31": {
        "Tax Effect Of Unusual Items": 0.0,
        "Tax Rate For Calcs": 0.060198,
        "Total Unusual Items": NaN,
        "Total Unusual Items Excluding Goodwill": NaN,
        "Net Income From Continuing Operation Net Minority Interest": -4465000.0,
        "Reconciled Depreciation": 3340000.0,
        "Net Interest Income": 33221000.0,
        "Interest Expense": 52544000.0,
        "Interest Income": 85765000.0,
        "Normalized Income": -4465000.0,
        "Net Income From Continuing And Discontinued Operation": -4465000.0,
        "Diluted Average Shares": 18920808.0,
        "Basic Average Shares": 18920808.0,
        "Diluted EPS": -0.24,
        "Basic EPS": -0.24,
        "Diluted NI Availto Com Stockholders": -4465000.0,
        "Net Income Common Stockholders": -4465000.0,
        "Net Income": -4465000.0,
        "Net Income Including Noncontrolling Interests": -4465000.0,
        "Net Income Continuous Operations": -4465000.0,
        "Tax Provision": -286000.0,
        "Pretax Income": -4751000.0,
        "Special Income Charges": NaN,
        "Impairment Of Capital Assets": NaN,
        "Selling General And Administration": 36652000.0,
        "General And Administrative Expense": 36652000.0,
        "Other Gand A": 10343000.0,
        "Salaries And Wages": 26309000.0,
        "Total Revenue": 37772000.0,
        "Operating Revenue": 37772000.0,
        "Occupancy And Equipment": 4871000.0,
        "Other Non Interest Expense": NaN
    },
    "2025-06-30": {
        "Tax Effect Of Unusual Items": 0.0,
        "Tax Rate For Calcs": 0.077181,
        "Total Unusual Items": NaN,
        "Total Unusual Items Excluding Goodwill": NaN,
        "Net Income From Continuing Operation Net Minority Interest": -4412000.0,
        "Reconciled Depreciation": 3420000.0,
        "Net Interest Income": 33870000.0,
        "Interest Expense": 49172000.0,
        "Interest Income": 83042000.0,
        "Normalized Income": -4412000.0,
        "Net Income From Continuing And Discontinued Operation": -4412000.0,
        "Diluted Average Shares": 18920808.0,
        "Basic Average Shares": 18920808.0,
        "Diluted EPS": -0.23,
        "Basic EPS": -0.23,
        "Diluted NI Availto Com Stockholders": -4412000.0,
        "Net Income Common Stockholders": -4412000.0,
        "Net Income": -4412000.0,
        "Net Income Including Noncontrolling Interests": -4412000.0,
        "Net Income Continuous Operations": -4412000.0,
        "Tax Provision": -369000.0,
        "Pretax Income": -4781000.0,
        "Special Income Charges": NaN,
        "Impairment Of Capital Assets": NaN,
        "Selling General And Administration": 35442000.0,
        "General And Administrative Expense": 35442000.0,
        "Other Gand A": 9428000.0,
        "Salaries And Wages": 26014000.0,
        "Total Revenue": 41529000.0,
        "Operating Revenue": 41529000.0,
        "Occupancy And Equipment": 4868000.0,
        "Other Non Interest Expense": NaN
    }
}