{
    "2023-03-31": {
        "Tax Effect Of Unusual Items": 0.0,
        "Tax Rate For Calcs": 0.21,
        "Normalized EBITDA": 26600000.0,
        "Total Unusual Items": 0.0,
        "Total Unusual Items Excluding Goodwill": 0.0,
        "Net Income From Continuing Operation Net Minority Interest": 1600000.0,
        "Reconciled Depreciation": 20100000.0,
        "Reconciled Cost Of Revenue": 304800000.0,
        "EBITDA": 26600000.0,
        "EBIT": 6500000.0,
        "Net Interest Income": -2700000.0,
        "Interest Expense": 2700000.0,
        "Normalized Income": 1600000.0,
        "Net Income From Continuing And Discontinued Operation": 1600000.0,
        "Total Expenses": 472700000.0,
        "Total Operating Income As Reported": 6400000.0,
        "Diluted Average Shares": 42100000.0,
        "Basic Average Shares": 41500000.0,
        "Diluted EPS": 0.04,
        "Basic EPS": 0.04,
        "Diluted NI Availto Com Stockholders": 1600000.0,
        "Net Income Common Stockholders": 1600000.0,
        "Net Income": 1600000.0,
        "Minority Interests": 0.0,
        "Net Income Including Noncontrolling Interests": 1600000.0,
        "Net Income Continuous Operations": 1600000.0,
        "Tax Provision": 2200000.0,
        "Pretax Income": 3800000.0,
        "Other Income Expense": NaN,
        "Special Income Charges": 0.0,
        "Gain On Sale Of Business": NaN,
        "Restructuring And Mergern Acquisition": 0.0,
        "Net Non Operating Interest Income Expense": -2700000.0,
        "Interest Expense Non Operating": 2700000.0,
        "Operating Income": 6400000.0,
        "Operating Expense": 167900000.0,
        "Selling General And Administration": 167900000.0,
        "Gross Profit": 174300000.0,
        "Cost Of Revenue": 304800000.0,
        "Total Revenue": 479100000.0,
        "Operating Revenue": 479100000.0
    },
    "2022-12-31": {
        "Tax Effect Of Unusual Items": NaN,
        "Tax Rate For Calcs": NaN,
        "Normalized EBITDA": NaN,
        "Total Unusual Items": NaN,
        "Total Unusual Items Excluding Goodwill": NaN,
        "Net Income From Continuing Operation Net Minority Interest": NaN,
        "Reconciled Depreciation": NaN,
        "Reconciled Cost Of Revenue": NaN,
        "EBITDA": NaN,
        "EBIT": NaN,
        "Net Interest Income": NaN,
        "Interest Expense": NaN,
        "Normalized Income": NaN,
        "Net Income From Continuing And Discontinued Operation": NaN,
        "Total Expenses": NaN,
        "Total Operating Income As Reported": NaN,
        "Diluted Average Shares": NaN,
        "Basic Average Shares": NaN,
        "Diluted EPS": NaN,
        "Basic EPS": NaN,
        "Diluted NI Availto Com Stockholders": NaN,
        "Net Income Common Stockholders": NaN,
        "Net Income": NaN,
        "Minority Interests": NaN,
        "Net Income Including Noncontrolling Interests": NaN,
        "Net Income Continuous Operations": NaN,
        "Tax Provision": NaN,
        "Pretax Income": NaN,
        "Other Income Expense": NaN,
        "Special Income Charges": NaN,
        "Gain On Sale Of Business": -200000.0,
        "Restructuring And Mergern Acquisition": NaN,
        "Net Non Operating Interest Income Expense": NaN,
        "Interest Expense Non Operating": NaN,
        "Operating Income": NaN,
        "Operating Expense": NaN,
        "Selling General And Administration": NaN,
        "Gross Profit": NaN,
        "Cost Of Revenue": NaN,
        "Total Revenue": NaN,
        "Operating Revenue": NaN
    },
    "2022-09-30": {
        "Tax Effect Of Unusual Items": NaN,
        "Tax Rate For Calcs": NaN,
        "Normalized EBITDA": NaN,
        "Total Unusual Items": NaN,
        "Total Unusual Items Excluding Goodwill": NaN,
        "Net Income From Continuing Operation Net Minority Interest": NaN,
        "Reconciled Depreciation": NaN,
        "Reconciled Cost Of Revenue": NaN,
        "EBITDA": NaN,
        "EBIT": NaN,
        "Net Interest Income": NaN,
        "Interest Expense": NaN,
        "Normalized Income": NaN,
        "Net Income From Continuing And Discontinued Operation": NaN,
        "Total Expenses": NaN,
        "Total Operating Income As Reported": NaN,
        "Diluted Average Shares": NaN,
        "Basic Average Shares": NaN,
        "Diluted EPS": NaN,
        "Basic EPS": NaN,
        "Diluted NI Availto Com Stockholders": NaN,
        "Net Income Common Stockholders": NaN,
        "Net Income": NaN,
        "Minority Interests": NaN,
        "Net Income Including Noncontrolling Interests": NaN,
        "Net Income Continuous Operations": NaN,
        "Tax Provision": NaN,
        "Pretax Income": NaN,
        "Other Income Expense": NaN,
        "Special Income Charges": NaN,
        "Gain On Sale Of Business": 50600000.0,
        "Write Off": 0.0,
        "Restructuring And Mergern Acquisition": NaN,
        "Net Non Operating Interest Income Expense": NaN,
        "Interest Expense Non Operating": NaN,
        "Operating Income": NaN,
        "Operating Expense": NaN,
        "Selling General And Administration": NaN,
        "Gross Profit": NaN,
        "Cost Of Revenue": NaN,
        "Total Revenue": NaN,
        "Operating Revenue": NaN
    },
    "2022-06-30": {
        "Tax Effect Of Unusual Items": -400000.0,
        "Tax Rate For Calcs": 0.4,
        "Normalized EBITDA": 52202000.0,
        "Total Unusual Items": -1000000.0,
        "Total Unusual Items Excluding Goodwill": -1000000.0,
        "Net Income From Continuing Operation Net Minority Interest": 30300000.0,
        "Reconciled Depreciation": 21302000.0,
        "Reconciled Cost Of Revenue": 401200000.0,
        "EBITDA": 51202000.0,
        "EBIT": 29900000.0,
        "Net Interest Income": -2100000.0,
        "Interest Expense": 2100000.0,
        "Normalized Income": 30900000.0,
        "Net Income From Continuing And Discontinued Operation": 30300000.0,
        "Total Expenses": 590900000.0,
        "Total Operating Income As Reported": 29900000.0,
        "Diluted Average Shares": 42400000.0,
        "Basic Average Shares": 41800000.0,
        "Diluted EPS": 0.72,
        "Basic EPS": 0.73,
        "Diluted NI Availto Com Stockholders": 30300000.0,
        "Net Income Common Stockholders": 30300000.0,
        "Net Income": 30300000.0,
        "Minority Interests": 0.0,
        "Net Income Including Noncontrolling Interests": 30300000.0,
        "Net Income Continuous Operations": 30300000.0,
        "Tax Provision": -2500000.0,
        "Pretax Income": 27800000.0,
        "Other Income Expense": -1000000.0,
        "Special Income Charges": -1000000.0,
        "Gain On Sale Of Business": NaN,
        "Write Off": 1000000.0,
        "Restructuring And Mergern Acquisition": NaN,
        "Net Non Operating Interest Income Expense": -2100000.0,
        "Interest Expense Non Operating": 2100000.0,
        "Operating Income": 30900000.0,
        "Operating Expense": 189700000.0,
        "Selling General And Administration": 189700000.0,
        "Gross Profit": 220600000.0,
        "Cost Of Revenue": 401200000.0,
        "Total Revenue": 621700000.0,
        "Operating Revenue": 621700000.0
    },
    "2022-03-31": {
        "Diluted EPS": 0.33,
        "Total Revenue": 572,
        "Gross Profit": 197,
        "Operating Income": 20,
        "EBIT": 42,
        "Net Income": 14
    },
    "2021-12-31": {
        "Diluted EPS": 0.2,
        "Total Revenue": 603,
        "Gross Profit": 194,
        "Operating Income": 12,
        "EBIT": 33,
        "Net Income": 8
    },
    "2021-09-30": {
        "Diluted EPS": 0.43,
        "Total Revenue": 587,
        "Gross Profit": 195,
        "Operating Income": 26,
        "EBIT": 47,
        "Net Income": 19
    },
    "2021-06-30": {
        "Diluted EPS": 0.39,
        "Total Revenue": 511,
        "Gross Profit": 188,
        "Operating Income": 25,
        "EBIT": 45,
        "Net Income": 17
    },
    "2021-03-31": {
        "Diluted EPS": 0.34,
        "Total Revenue": 484,
        "Gross Profit": 180,
        "Operating Income": 23,
        "EBIT": 43,
        "Net Income": 15
    },
    "2020-12-31": {
        "Diluted EPS": 0.54,
        "Total Revenue": 562,
        "Gross Profit": 209,
        "Operating Income": 32,
        "EBIT": 19,
        "Net Income": 23
    },
    "2020-09-30": {
        "Diluted EPS": 0.71,
        "Total Revenue": 507,
        "Gross Profit": 186,
        "Operating Income": 39,
        "EBIT": 58,
        "Net Income": 31
    },
    "2020-06-30": {
        "Diluted EPS": 0.29,
        "Total Revenue": 417,
        "Gross Profit": 151,
        "Operating Income": 15,
        "EBIT": 34,
        "Net Income": 13
    },
    "2020-03-31": {
        "Diluted EPS": -0.56,
        "Total Revenue": 469,
        "Gross Profit": 176,
        "Operating Income": -24,
        "EBIT": 28,
        "Net Income": -24
    },
    "2019-12-31": {
        "Diluted EPS": 1.09,
        "Total Revenue": 616,
        "Gross Profit": 234,
        "Operating Income": 64,
        "EBIT": 83,
        "Net Income": 48
    },
    "2019-09-30": {
        "Diluted EPS": 1.07,
        "Total Revenue": 625,
        "Gross Profit": 238,
        "Operating Income": 61,
        "EBIT": 80,
        "Net Income": 46
    },
    "2019-06-30": {
        "Diluted EPS": 0.36,
        "Total Revenue": 526,
        "Gross Profit": 193,
        "Operating Income": 23,
        "EBIT": 43,
        "Net Income": 16
    },
    "2019-03-31": {
        "Diluted EPS": 0.02,
        "Total Revenue": 479,
        "Gross Profit": 170,
        "Operating Income": 4,
        "EBIT": 23,
        "Net Income": 1
    },
    "2018-12-31": {
        "Diluted EPS": 0.74,
        "Total Revenue": 598,
        "Gross Profit": 224,
        "Operating Income": 44,
        "EBIT": 75,
        "Net Income": 32
    },
    "2018-09-30": {
        "Diluted EPS": 0.89,
        "Total Revenue": 611,
        "Gross Profit": 233,
        "Operating Income": 54,
        "EBIT": 72,
        "Net Income": 40
    },
    "2018-06-30": {
        "Diluted EPS": 0.42,
        "Total Revenue": 544,
        "Gross Profit": 201,
        "Operating Income": 27,
        "EBIT": 46,
        "Net Income": 19
    },
    "2018-03-31": {
        "Diluted EPS": 0.06,
        "Total Revenue": 505,
        "Gross Profit": 177,
        "Operating Income": 4,
        "EBIT": 22,
        "Net Income": 3
    },
    "2017-12-31": {
        "Diluted EPS": 0.74,
        "Total Revenue": 584,
        "Gross Profit": 204,
        "Operating Income": -11,
        "EBIT": 8,
        "Net Income": 34
    },
    "2017-09-30": {
        "Diluted EPS": 0.84,
        "Total Revenue": 599,
        "Gross Profit": 221,
        "Operating Income": 58,
        "EBIT": 76,
        "Net Income": 37
    },
    "2017-06-30": {
        "Diluted EPS": 0.31,
        "Total Revenue": 514,
        "Gross Profit": 185,
        "Operating Income": 22,
        "EBIT": 39,
        "Net Income": 14
    },
    "2017-03-31": {
        "Diluted EPS": 0.11,
        "Total Revenue": 478,
        "Gross Profit": 174,
        "Operating Income": 8,
        "EBIT": 27,
        "Net Income": 5
    },
    "2016-12-31": {
        "Diluted EPS": 0.24,
        "Total Revenue": 581,
        "Gross Profit": 219,
        "Operating Income": 16,
        "EBIT": 37,
        "Net Income": 11
    },
    "2016-09-30": {
        "Diluted EPS": 0.74,
        "Total Revenue": 585,
        "Gross Profit": 222,
        "Operating Income": 52,
        "EBIT": 69,
        "Net Income": 34
    },
    "2016-06-30": {
        "Diluted EPS": 0.64,
        "Total Revenue": 537,
        "Gross Profit": 209,
        "Operating Income": 46,
        "EBIT": 62,
        "Net Income": 29
    },
    "2016-03-31": {
        "Diluted EPS": 0.26,
        "Total Revenue": 501,
        "Gross Profit": 186,
        "Operating Income": 20,
        "EBIT": 35,
        "Net Income": 12
    },
    "2015-12-31": {
        "Diluted EPS": 0.71,
        "Total Revenue": 597,
        "Gross Profit": 225,
        "Operating Income": 48,
        "EBIT": 63,
        "Net Income": 32
    },
    "2015-09-30": {
        "Diluted EPS": 0.9,
        "Total Revenue": 616,
        "Gross Profit": 232,
        "Operating Income": 61,
        "EBIT": 76,
        "Net Income": 41
    },
    "2015-06-30": {
        "Diluted EPS": 0.52,
        "Total Revenue": 568,
        "Gross Profit": 206,
        "Operating Income": 39,
        "EBIT": 53,
        "Net Income": 24
    },
    "2015-03-31": {
        "Diluted EPS": 0.19,
        "Total Revenue": 523,
        "Gross Profit": 185,
        "Operating Income": 15,
        "EBIT": 29,
        "Net Income": 8
    },
    "2014-12-31": {
        "Diluted EPS": 0.16,
        "Total Revenue": 647,
        "Gross Profit": 228,
        "Operating Income": 25,
        "EBIT": 40,
        "Net Income": 7
    },
    "2014-09-30": {
        "Diluted EPS": 0.74,
        "Total Revenue": 615,
        "Gross Profit": 220,
        "Operating Income": 53,
        "EBIT": 68,
        "Net Income": 34
    },
    "2014-06-30": {
        "Diluted EPS": 0.21,
        "Total Revenue": 509,
        "Gross Profit": 181,
        "Operating Income": 17,
        "EBIT": 32,
        "Net Income": 10
    },
    "2014-03-31": {
        "Diluted EPS": 0.24,
        "Total Revenue": 452,
        "Gross Profit": 155,
        "Operating Income": 18,
        "EBIT": 30,
        "Net Income": 11
    },
    "2013-12-31": {
        "Diluted EPS": 0.5,
        "Total Revenue": 541,
        "Gross Profit": 193,
        "Operating Income": 38,
        "EBIT": 50,
        "Net Income": 23
    },
    "2013-09-30": {
        "Diluted EPS": 0.61,
        "Total Revenue": 566,
        "Gross Profit": 200,
        "Operating Income": 45,
        "EBIT": 57,
        "Net Income": 28
    },
    "2013-06-30": {
        "Diluted EPS": 0.25,
        "Total Revenue": 511,
        "Gross Profit": 175,
        "Operating Income": 20,
        "EBIT": 32,
        "Net Income": 11
    },
    "2013-03-31": {
        "Diluted EPS": 0.03,
        "Total Revenue": 442,
        "Gross Profit": 148,
        "Operating Income": 3,
        "EBIT": 14,
        "Net Income": 1
    },
    "2012-12-31": {
        "Diluted EPS": 0.39,
        "Total Revenue": 528,
        "Gross Profit": 186,
        "Operating Income": 30,
        "EBIT": 42,
        "Net Income": 18
    },
    "2012-09-30": {
        "Diluted EPS": 0.53,
        "Total Revenue": 551,
        "Gross Profit": 191,
        "Operating Income": 42,
        "EBIT": 52,
        "Net Income": 24
    },
    "2012-06-30": {
        "Diluted EPS": 0.15,
        "Total Revenue": 480,
        "Gross Profit": 165,
        "Operating Income": 13,
        "EBIT": 24,
        "Net Income": 7
    },
    "2012-03-31": {
        "Diluted EPS": 0.0,
        "Total Revenue": 445,
        "Gross Profit": 147,
        "Operating Income": 2,
        "EBIT": 13,
        "Net Income": 0
    },
    "2011-12-31": {
        "Diluted EPS": 0.4,
        "Total Revenue": 500,
        "Gross Profit": 178,
        "Operating Income": 30,
        "EBIT": 41,
        "Net Income": 18
    },
    "2011-09-30": {
        "Diluted EPS": 0.55,
        "Total Revenue": 504,
        "Gross Profit": 179,
        "Operating Income": 40,
        "EBIT": 52,
        "Net Income": 25
    },
    "2011-06-30": {
        "Diluted EPS": 0.1,
        "Total Revenue": 433,
        "Gross Profit": 147,
        "Operating Income": 10,
        "EBIT": 22,
        "Net Income": 5
    },
    "2011-03-31": {
        "Diluted EPS": -0.04,
        "Total Revenue": 396,
        "Gross Profit": 135,
        "Operating Income": 1,
        "EBIT": 13,
        "Net Income": -2
    },
    "2010-12-31": {
        "Diluted EPS": 0.28,
        "Total Revenue": 466,
        "Gross Profit": 164,
        "Operating Income": 20,
        "EBIT": 34,
        "Net Income": 13
    },
    "2010-09-30": {
        "Diluted EPS": 0.34,
        "Total Revenue": 459,
        "Gross Profit": 161,
        "Operating Income": 31,
        "EBIT": 45,
        "Net Income": 16
    },
    "2010-06-30": {
        "Diluted EPS": 0.1,
        "Total Revenue": 398,
        "Gross Profit": 141,
        "Operating Income": 12,
        "EBIT": 27,
        "Net Income": 5
    },
    "2010-03-31": {
        "Diluted EPS": -0.13,
        "Total Revenue": 364,
        "Gross Profit": 119,
        "Operating Income": -5,
        "EBIT": 11,
        "Net Income": -6
    },
    "2009-12-31": {
        "Diluted EPS": -0.23,
        "Total Revenue": 406,
        "Gross Profit": 148,
        "Operating Income": -10,
        "EBIT": 9,
        "Net Income": -11
    },
    "2009-09-30": {
        "Diluted EPS": 0.39,
        "Total Revenue": 446,
        "Gross Profit": 165,
        "Operating Income": 34,
        "EBIT": 52,
        "Net Income": 18
    },
    "2009-06-30": {
        "Diluted EPS": -0.03,
        "Total Revenue": 375,
        "Gross Profit": 128,
        "Operating Income": 1,
        "EBIT": 20,
        "Net Income": -1
    },
    "2009-03-31": {
        "Diluted EPS": -0.27,
        "Total Revenue": 397,
        "Gross Profit": 123,
        "Operating Income": -16,
        "EBIT": 3,
        "Net Income": -12
    },
    "2023-06-30": {
        "Tax Effect Of Unusual Items": -1701000.0,
        "Tax Rate For Calcs": 0.21,
        "Normalized EBITDA": 27200000.0,
        "Total Unusual Items": -8100000.0,
        "Total Unusual Items Excluding Goodwill": -8100000.0,
        "Net Income From Continuing Operation Net Minority Interest": -12800000.0,
        "Reconciled Depreciation": 22600000.0,
        "Reconciled Cost Of Revenue": 347900000.0,
        "EBITDA": 19100000.0,
        "EBIT": -3500000.0,
        "Net Interest Income": -5500000.0,
        "Interest Expense": 5500000.0,
        "Normalized Income": -6401000.0,
        "Net Income From Continuing And Discontinued Operation": -12800000.0,
        "Total Expenses": 558900000.0,
        "Total Operating Income As Reported": -3600000.0,
        "Diluted Average Shares": 43300000.0,
        "Basic Average Shares": 43300000.0,
        "Diluted EPS": -0.3,
        "Basic EPS": -0.3,
        "Diluted NI Availto Com Stockholders": -12800000.0,
        "Net Income Common Stockholders": -12800000.0,
        "Net Income": -12800000.0,
        "Minority Interests": 0.0,
        "Net Income Including Noncontrolling Interests": -12800000.0,
        "Net Income Continuous Operations": -12800000.0,
        "Tax Provision": 3800000.0,
        "Pretax Income": -9000000.0,
        "Other Income Expense": -8100000.0,
        "Special Income Charges": -8100000.0,
        "Gain On Sale Of Business": NaN,
        "Restructuring And Mergern Acquisition": 8100000.0,
        "Net Non Operating Interest Income Expense": -5500000.0,
        "Interest Expense Non Operating": 5500000.0,
        "Operating Income": 4500000.0,
        "Operating Expense": 211000000.0,
        "Selling General And Administration": 211000000.0,
        "Gross Profit": 215500000.0,
        "Cost Of Revenue": 347900000.0,
        "Total Revenue": 563500000.0,
        "Operating Revenue": 563500000.0
    },
    "2023-09-30": {
        "Tax Effect Of Unusual Items": NaN,
        "Tax Rate For Calcs": NaN,
        "Normalized EBITDA": NaN,
        "Total Unusual Items": NaN,
        "Total Unusual Items Excluding Goodwill": NaN,
        "Net Income From Continuing Operation Net Minority Interest": NaN,
        "Reconciled Depreciation": NaN,
        "Reconciled Cost Of Revenue": NaN,
        "EBITDA": NaN,
        "EBIT": NaN,
        "Net Interest Income": NaN,
        "Interest Expense": NaN,
        "Normalized Income": NaN,
        "Net Income From Continuing And Discontinued Operation": NaN,
        "Total Expenses": NaN,
        "Total Operating Income As Reported": NaN,
        "Diluted Average Shares": NaN,
        "Basic Average Shares": NaN,
        "Diluted EPS": NaN,
        "Basic EPS": NaN,
        "Diluted NI Availto Com Stockholders": NaN,
        "Net Income Common Stockholders": NaN,
        "Net Income": NaN,
        "Minority Interests": NaN,
        "Net Income Including Noncontrolling Interests": NaN,
        "Net Income Continuous Operations": NaN,
        "Tax Provision": NaN,
        "Pretax Income": NaN,
        "Other Income Expense": NaN,
        "Special Income Charges": NaN,
        "Gain On Sale Of Business": 0.0,
        "Restructuring And Mergern Acquisition": NaN,
        "Net Non Operating Interest Income Expense": NaN,
        "Interest Expense Non Operating": NaN,
        "Operating Income": NaN,
        "Operating Expense": NaN,
        "Selling General And Administration": NaN,
        "Gross Profit": NaN,
        "Cost Of Revenue": NaN,
        "Total Revenue": NaN,
        "Operating Revenue": NaN
    },
    "2023-12-31": {
        "Tax Effect Of Unusual Items": NaN,
        "Tax Rate For Calcs": NaN,
        "Normalized EBITDA": NaN,
        "Total Unusual Items": NaN,
        "Total Unusual Items Excluding Goodwill": NaN,
        "Net Income From Continuing Operation Net Minority Interest": NaN,
        "Reconciled Depreciation": NaN,
        "Reconciled Cost Of Revenue": NaN,
        "EBITDA": NaN,
        "EBIT": NaN,
        "Net Interest Income": NaN,
        "Interest Expense": NaN,
        "Normalized Income": NaN,
        "Net Income From Continuing And Discontinued Operation": NaN,
        "Total Expenses": NaN,
        "Total Operating Income As Reported": NaN,
        "Diluted Average Shares": NaN,
        "Basic Average Shares": NaN,
        "Diluted EPS": NaN,
        "Basic EPS": NaN,
        "Diluted NI Availto Com Stockholders": NaN,
        "Net Income Common Stockholders": NaN,
        "Net Income": NaN,
        "Minority Interests": NaN,
        "Net Income Including Noncontrolling Interests": NaN,
        "Net Income Continuous Operations": NaN,
        "Tax Provision": NaN,
        "Pretax Income": NaN,
        "Other Income Expense": NaN,
        "Special Income Charges": NaN,
        "Gain On Sale Of Business": 0.0,
        "Restructuring And Mergern Acquisition": NaN,
        "Net Non Operating Interest Income Expense": NaN,
        "Interest Expense Non Operating": NaN,
        "Operating Income": NaN,
        "Operating Expense": NaN,
        "Selling General And Administration": NaN,
        "Gross Profit": NaN,
        "Cost Of Revenue": NaN,
        "Total Revenue": NaN,
        "Operating Revenue": NaN
    },
    "2024-03-31": {
        "Tax Effect Of Unusual Items": -19545.454545,
        "Tax Rate For Calcs": 0.195455,
        "Normalized EBITDA": 56100000.0,
        "Total Unusual Items": -100000.0,
        "Total Unusual Items Excluding Goodwill": -100000.0,
        "Net Income From Continuing Operation Net Minority Interest": 17700000.0,
        "Reconciled Depreciation": 26400000.0,
        "Reconciled Cost Of Revenue": 355100000.0,
        "EBITDA": 56000000.0,
        "EBIT": 29600000.0,
        "Net Interest Income": -7600000.0,
        "Interest Expense": 7600000.0,
        "Normalized Income": 17780454.545455,
        "Net Income From Continuing And Discontinued Operation": 17700000.0,
        "Total Expenses": 558200000.0,
        "Total Operating Income As Reported": 29700000.0,
        "Diluted Average Shares": 48100000.0,
        "Basic Average Shares": 47100000.0,
        "Diluted EPS": 0.37,
        "Basic EPS": 0.38,
        "Diluted NI Availto Com Stockholders": 17700000.0,
        "Net Income Common Stockholders": 17700000.0,
        "Net Income": 17700000.0,
        "Minority Interests": 0.0,
        "Net Income Including Noncontrolling Interests": 17700000.0,
        "Net Income Continuous Operations": 17700000.0,
        "Tax Provision": 4300000.0,
        "Pretax Income": 22000000.0,
        "Other Income Expense": -100000.0,
        "Special Income Charges": -100000.0,
        "Gain On Sale Of Business": NaN,
        "Restructuring And Mergern Acquisition": 100000.0,
        "Net Non Operating Interest Income Expense": -7600000.0,
        "Interest Expense Non Operating": 7600000.0,
        "Operating Income": 29700000.0,
        "Operating Expense": 203100000.0,
        "Selling General And Administration": 203100000.0,
        "Gross Profit": 232800000.0,
        "Cost Of Revenue": 355100000.0,
        "Total Revenue": 588000000.0,
        "Operating Revenue": 588000000.0
    },
    "2024-06-30": {
        "Tax Effect Of Unusual Items": -434000.0,
        "Tax Rate For Calcs": 0.217,
        "Normalized EBITDA": 81800000.0,
        "Total Unusual Items": -2000000.0,
        "Total Unusual Items Excluding Goodwill": -2000000.0,
        "Net Income From Continuing Operation Net Minority Interest": 36000000.0,
        "Reconciled Depreciation": 26400000.0,
        "Reconciled Cost Of Revenue": 362400000.0,
        "EBITDA": 79800000.0,
        "EBIT": 53400000.0,
        "Net Interest Income": -7400000.0,
        "Interest Expense": 7400000.0,
        "Normalized Income": 37566000.0,
        "Net Income From Continuing And Discontinued Operation": 36000000.0,
        "Total Expenses": 568300000.0,
        "Total Operating Income As Reported": 53400000.0,
        "Diluted Average Shares": 48200000.0,
        "Basic Average Shares": 47200000.0,
        "Diluted EPS": 0.75,
        "Basic EPS": 0.76,
        "Diluted NI Availto Com Stockholders": 36000000.0,
        "Net Income Common Stockholders": 36000000.0,
        "Net Income": 36000000.0,
        "Minority Interests": 0.0,
        "Net Income Including Noncontrolling Interests": 36000000.0,
        "Net Income Continuous Operations": 36000000.0,
        "Tax Provision": 10000000.0,
        "Pretax Income": 46000000.0,
        "Other Income Expense": -2000000.0,
        "Special Income Charges": -2000000.0,
        "Restructuring And Mergern Acquisition": 2000000.0,
        "Net Non Operating Interest Income Expense": -7400000.0,
        "Interest Expense Non Operating": 7400000.0,
        "Operating Income": 55400000.0,
        "Operating Expense": 205900000.0,
        "Selling General And Administration": 205900000.0,
        "Gross Profit": 261300000.0,
        "Cost Of Revenue": 362400000.0,
        "Total Revenue": 623700000.0,
        "Operating Revenue": 623700000.0
    },
    "2024-09-30": {
        "Tax Effect Of Unusual Items": -369600.0,
        "Tax Rate For Calcs": 0.231,
        "Normalized EBITDA": 97800000.0,
        "Total Unusual Items": -1600000.0,
        "Total Unusual Items Excluding Goodwill": -1600000.0,
        "Net Income From Continuing Operation Net Minority Interest": 47500000.0,
        "Reconciled Depreciation": 27300000.0,
        "Reconciled Cost Of Revenue": 393400000.0,
        "EBITDA": 96200000.0,
        "EBIT": 68900000.0,
        "Net Interest Income": -7100000.0,
        "Interest Expense": 7100000.0,
        "Normalized Income": 48730400.0,
        "Net Income From Continuing And Discontinued Operation": 47500000.0,
        "Total Expenses": 601800000.0,
        "Total Operating Income As Reported": 68900000.0,
        "Diluted Average Shares": 48700000.0,
        "Basic Average Shares": 47700000.0,
        "Diluted EPS": 0.98,
        "Basic EPS": 1.0,
        "Diluted NI Availto Com Stockholders": 47500000.0,
        "Net Income Common Stockholders": 47500000.0,
        "Net Income": 47500000.0,
        "Minority Interests": 0.0,
        "Net Income Including Noncontrolling Interests": 47500000.0,
        "Net Income Continuous Operations": 47500000.0,
        "Tax Provision": 14300000.0,
        "Pretax Income": 61800000.0,
        "Other Income Expense": -1600000.0,
        "Special Income Charges": -1600000.0,
        "Restructuring And Mergern Acquisition": 1600000.0,
        "Net Non Operating Interest Income Expense": -7100000.0,
        "Interest Expense Non Operating": 7100000.0,
        "Operating Income": 70400000.0,
        "Operating Expense": 208400000.0,
        "Selling General And Administration": 208400000.0,
        "Gross Profit": 278800000.0,
        "Cost Of Revenue": 393400000.0,
        "Total Revenue": 672200000.0,
        "Operating Revenue": 672200000.0
    },
    "2024-12-31": {
        "Tax Effect Of Unusual Items": -565656.565657,
        "Tax Rate For Calcs": 0.226263,
        "Normalized EBITDA": 84800000.0,
        "Total Unusual Items": -2500000.0,
        "Total Unusual Items Excluding Goodwill": -2500000.0,
        "Net Income From Continuing Operation Net Minority Interest": 38300000.0,
        "Reconciled Depreciation": 27700000.0,
        "Reconciled Cost Of Revenue": 382100000.0,
        "EBITDA": 82300000.0,
        "EBIT": 54600000.0,
        "Net Interest Income": -5100000.0,
        "Interest Expense": 5100000.0,
        "Normalized Income": 40234343.434343,
        "Net Income From Continuing And Discontinued Operation": 38300000.0,
        "Total Expenses": 585500000.0,
        "Total Operating Income As Reported": 54600000.0,
        "Diluted Average Shares": 48600000.0,
        "Basic Average Shares": 47500000.0,
        "Diluted EPS": 0.79,
        "Basic EPS": 0.81,
        "Diluted NI Availto Com Stockholders": 38300000.0,
        "Net Income Common Stockholders": 38300000.0,
        "Net Income": 38300000.0,
        "Minority Interests": 0.0,
        "Net Income Including Noncontrolling Interests": 38300000.0,
        "Net Income Continuous Operations": 38300000.0,
        "Tax Provision": 11200000.0,
        "Pretax Income": 49500000.0,
        "Other Income Expense": -2500000.0,
        "Special Income Charges": -2500000.0,
        "Restructuring And Mergern Acquisition": 2500000.0,
        "Net Non Operating Interest Income Expense": -5100000.0,
        "Interest Expense Non Operating": 5100000.0,
        "Operating Income": 57000000.0,
        "Operating Expense": 203400000.0,
        "Selling General And Administration": 203400000.0,
        "Gross Profit": 260400000.0,
        "Cost Of Revenue": 382100000.0,
        "Total Revenue": 642500000.0,
        "Operating Revenue": 642500000.0
    },
    "2025-03-31": {
        "Tax Effect Of Unusual Items": -1683200.0,
        "Tax Rate For Calcs": 0.263,
        "Normalized EBITDA": 56300000.0,
        "Total Unusual Items": -6400000.0,
        "Total Unusual Items Excluding Goodwill": -6400000.0,
        "Net Income From Continuing Operation Net Minority Interest": 13900000.0,
        "Reconciled Depreciation": 25500000.0,
        "Reconciled Cost Of Revenue": 361400000.0,
        "EBITDA": 49900000.0,
        "EBIT": 24400000.0,
        "Net Interest Income": -5500000.0,
        "Interest Expense": 5500000.0,
        "Normalized Income": 18616800.0,
        "Net Income From Continuing And Discontinued Operation": 13900000.0,
        "Total Expenses": 569000000.0,
        "Total Operating Income As Reported": 24400000.0,
        "Diluted Average Shares": 48000000.0,
        "Basic Average Shares": 47000000.0,
        "Diluted EPS": 0.29,
        "Basic EPS": 0.3,
        "Diluted NI Availto Com Stockholders": 13900000.0,
        "Net Income Common Stockholders": 13900000.0,
        "Net Income": 13900000.0,
        "Minority Interests": 0.0,
        "Net Income Including Noncontrolling Interests": 13900000.0,
        "Net Income Continuous Operations": 13900000.0,
        "Tax Provision": 5000000.0,
        "Pretax Income": 18900000.0,
        "Other Income Expense": -6400000.0,
        "Special Income Charges": -6400000.0,
        "Restructuring And Mergern Acquisition": 6400000.0,
        "Net Non Operating Interest Income Expense": -5500000.0,
        "Interest Expense Non Operating": 5500000.0,
        "Operating Income": 30800000.0,
        "Operating Expense": 207600000.0,
        "Selling General And Administration": 207600000.0,
        "Gross Profit": 238400000.0,
        "Cost Of Revenue": 361400000.0,
        "Total Revenue": 599800000.0,
        "Operating Revenue": 599800000.0
    },
    "2025-06-30": {
        "Tax Effect Of Unusual Items": -555000.0,
        "Tax Rate For Calcs": 0.222,
        "Normalized EBITDA": 95600000.0,
        "Total Unusual Items": -2500000.0,
        "Total Unusual Items Excluding Goodwill": -2500000.0,
        "Net Income From Continuing Operation Net Minority Interest": 48200000.0,
        "Reconciled Depreciation": 25000000.0,
        "Reconciled Cost Of Revenue": 380900000.0,
        "EBITDA": 93100000.0,
        "EBIT": 68100000.0,
        "Net Interest Income": -6100000.0,
        "Interest Expense": 6100000.0,
        "Normalized Income": 50145000.0,
        "Net Income From Continuing And Discontinued Operation": 48200000.0,
        "Total Expenses": 596400000.0,
        "Total Operating Income As Reported": 68200000.0,
        "Diluted Average Shares": 47100000.0,
        "Basic Average Shares": 46200000.0,
        "Diluted EPS": 1.02,
        "Basic EPS": 1.04,
        "Diluted NI Availto Com Stockholders": 48200000.0,
        "Net Income Common Stockholders": 48200000.0,
        "Net Income": 48200000.0,
        "Minority Interests": 0.0,
        "Net Income Including Noncontrolling Interests": 48300000.0,
        "Net Income Continuous Operations": 48200000.0,
        "Tax Provision": 13800000.0,
        "Pretax Income": 62000000.0,
        "Other Income Expense": -2500000.0,
        "Special Income Charges": -2500000.0,
        "Restructuring And Mergern Acquisition": 2500000.0,
        "Net Non Operating Interest Income Expense": -6100000.0,
        "Interest Expense Non Operating": 6100000.0,
        "Operating Income": 70700000.0,
        "Operating Expense": 215500000.0,
        "Selling General And Administration": 215500000.0,
        "Gross Profit": 286200000.0,
        "Cost Of Revenue": 380900000.0,
        "Total Revenue": 667100000.0,
        "Operating Revenue": 667100000.0
    }
}