{
    "2023-03-31": {
        "Tax Effect Of Unusual Items": NaN,
        "Tax Rate For Calcs": NaN,
        "Normalized EBITDA": NaN,
        "Total Unusual Items": NaN,
        "Total Unusual Items Excluding Goodwill": NaN,
        "Net Income From Continuing Operation Net Minority Interest": NaN,
        "Reconciled Depreciation": NaN,
        "Reconciled Cost Of Revenue": NaN,
        "EBITDA": NaN,
        "EBIT": NaN,
        "Net Interest Income": NaN,
        "Interest Expense": NaN,
        "Normalized Income": NaN,
        "Net Income From Continuing And Discontinued Operation": NaN,
        "Total Expenses": NaN,
        "Total Operating Income As Reported": NaN,
        "Diluted Average Shares": NaN,
        "Basic Average Shares": NaN,
        "Diluted EPS": NaN,
        "Basic EPS": NaN,
        "Diluted NI Availto Com Stockholders": NaN,
        "Average Dilution Earnings": 293000.0,
        "Net Income Common Stockholders": NaN,
        "Otherunder Preferred Stock Dividend": NaN,
        "Net Income": NaN,
        "Net Income Including Noncontrolling Interests": NaN,
        "Net Income Continuous Operations": NaN,
        "Tax Provision": NaN,
        "Pretax Income": NaN,
        "Other Income Expense": NaN,
        "Special Income Charges": NaN,
        "Other Special Charges": NaN,
        "Earnings From Equity Interest": NaN,
        "Net Non Operating Interest Income Expense": NaN,
        "Total Other Finance Cost": NaN,
        "Interest Expense Non Operating": NaN,
        "Operating Income": NaN,
        "Operating Expense": NaN,
        "Other Operating Expenses": NaN,
        "Depreciation Amortization Depletion Income Statement": NaN,
        "Selling General And Administration": NaN,
        "General And Administrative Expense": NaN,
        "Other Gand A": NaN,
        "Salaries And Wages": NaN,
        "Gross Profit": NaN,
        "Cost Of Revenue": NaN,
        "Total Revenue": NaN,
        "Operating Revenue": NaN
    },
    "2022-12-31": {
        "Tax Effect Of Unusual Items": NaN,
        "Tax Rate For Calcs": NaN,
        "Normalized EBITDA": NaN,
        "Total Unusual Items": NaN,
        "Total Unusual Items Excluding Goodwill": NaN,
        "Net Income From Continuing Operation Net Minority Interest": NaN,
        "Reconciled Depreciation": NaN,
        "Reconciled Cost Of Revenue": NaN,
        "EBITDA": NaN,
        "EBIT": NaN,
        "Net Interest Income": NaN,
        "Interest Expense": NaN,
        "Normalized Income": NaN,
        "Net Income From Continuing And Discontinued Operation": NaN,
        "Total Expenses": NaN,
        "Total Operating Income As Reported": NaN,
        "Diluted Average Shares": NaN,
        "Basic Average Shares": NaN,
        "Diluted EPS": NaN,
        "Basic EPS": NaN,
        "Diluted NI Availto Com Stockholders": NaN,
        "Average Dilution Earnings": NaN,
        "Net Income Common Stockholders": NaN,
        "Otherunder Preferred Stock Dividend": NaN,
        "Net Income": NaN,
        "Net Income Including Noncontrolling Interests": NaN,
        "Net Income Continuous Operations": NaN,
        "Tax Provision": NaN,
        "Pretax Income": NaN,
        "Other Income Expense": NaN,
        "Special Income Charges": NaN,
        "Other Special Charges": NaN,
        "Earnings From Equity Interest": NaN,
        "Gain On Sale Of Security": 0.0,
        "Net Non Operating Interest Income Expense": NaN,
        "Total Other Finance Cost": NaN,
        "Interest Expense Non Operating": NaN,
        "Operating Income": NaN,
        "Operating Expense": NaN,
        "Other Operating Expenses": NaN,
        "Depreciation Amortization Depletion Income Statement": NaN,
        "Selling General And Administration": NaN,
        "General And Administrative Expense": NaN,
        "Other Gand A": NaN,
        "Salaries And Wages": NaN,
        "Gross Profit": NaN,
        "Cost Of Revenue": NaN,
        "Total Revenue": NaN,
        "Operating Revenue": NaN
    },
    "2022-09-30": {
        "Tax Effect Of Unusual Items": NaN,
        "Tax Rate For Calcs": NaN,
        "Normalized EBITDA": NaN,
        "Total Unusual Items": NaN,
        "Total Unusual Items Excluding Goodwill": NaN,
        "Net Income From Continuing Operation Net Minority Interest": NaN,
        "Reconciled Depreciation": NaN,
        "Reconciled Cost Of Revenue": NaN,
        "EBITDA": NaN,
        "EBIT": NaN,
        "Net Interest Income": NaN,
        "Interest Expense": NaN,
        "Normalized Income": NaN,
        "Net Income From Continuing And Discontinued Operation": NaN,
        "Total Expenses": NaN,
        "Total Operating Income As Reported": NaN,
        "Diluted Average Shares": 33268000.0,
        "Basic Average Shares": 32983000.0,
        "Diluted EPS": 0.05,
        "Basic EPS": 0.05,
        "Diluted NI Availto Com Stockholders": NaN,
        "Average Dilution Earnings": NaN,
        "Net Income Common Stockholders": NaN,
        "Otherunder Preferred Stock Dividend": NaN,
        "Net Income": NaN,
        "Net Income Including Noncontrolling Interests": NaN,
        "Net Income Continuous Operations": NaN,
        "Tax Provision": NaN,
        "Pretax Income": NaN,
        "Other Income Expense": NaN,
        "Special Income Charges": NaN,
        "Other Special Charges": NaN,
        "Earnings From Equity Interest": NaN,
        "Gain On Sale Of Security": NaN,
        "Net Non Operating Interest Income Expense": NaN,
        "Total Other Finance Cost": NaN,
        "Interest Expense Non Operating": NaN,
        "Operating Income": NaN,
        "Operating Expense": NaN,
        "Other Operating Expenses": NaN,
        "Depreciation Amortization Depletion Income Statement": NaN,
        "Selling General And Administration": NaN,
        "General And Administrative Expense": NaN,
        "Other Gand A": NaN,
        "Gross Profit": NaN,
        "Cost Of Revenue": NaN,
        "Total Revenue": NaN,
        "Operating Revenue": NaN
    },
    "2022-06-30": {
        "Tax Effect Of Unusual Items": 100000.0,
        "Tax Rate For Calcs": 0.4,
        "Normalized EBITDA": 9719000.0,
        "Total Unusual Items": 250000.0,
        "Total Unusual Items Excluding Goodwill": 250000.0,
        "Net Income From Continuing Operation Net Minority Interest": -3386000.0,
        "Reconciled Depreciation": 11164000.0,
        "Reconciled Cost Of Revenue": 62558000.0,
        "EBITDA": 9969000.0,
        "EBIT": -1195000.0,
        "Net Interest Income": -2587000.0,
        "Interest Expense": 1770000.0,
        "Normalized Income": -3536000.0,
        "Net Income From Continuing And Discontinued Operation": -3386000.0,
        "Total Expenses": 66745000.0,
        "Total Operating Income As Reported": -816000.0,
        "Diluted Average Shares": 30809000.0,
        "Basic Average Shares": 30809000.0,
        "Diluted EPS": -0.11,
        "Basic EPS": -0.11,
        "Diluted NI Availto Com Stockholders": -3368000.0,
        "Average Dilution Earnings": NaN,
        "Net Income Common Stockholders": -3368000.0,
        "Otherunder Preferred Stock Dividend": -18000.0,
        "Net Income": -3386000.0,
        "Net Income Including Noncontrolling Interests": -3386000.0,
        "Net Income Continuous Operations": -3386000.0,
        "Tax Provision": 421000.0,
        "Pretax Income": -2965000.0,
        "Other Income Expense": 438000.0,
        "Special Income Charges": NaN,
        "Earnings From Equity Interest": 188000.0,
        "Gain On Sale Of Security": 250000.0,
        "Net Non Operating Interest Income Expense": -2587000.0,
        "Total Other Finance Cost": 817000.0,
        "Interest Expense Non Operating": 1770000.0,
        "Operating Income": -816000.0,
        "Operating Expense": 4187000.0,
        "Other Operating Expenses": 465000.0,
        "Selling General And Administration": 3722000.0,
        "General And Administrative Expense": 3722000.0,
        "Other Gand A": 3722000.0,
        "Gross Profit": 3371000.0,
        "Cost Of Revenue": 62558000.0,
        "Total Revenue": 65929000.0,
        "Operating Revenue": 64161000.0
    },
    "2022-03-31": {
        "Diluted EPS": -0.33,
        "Total Revenue": 59,
        "Gross Profit": 4,
        "Operating Income": -8,
        "EBIT": 2,
        "Net Income": -10
    },
    "2021-12-31": {
        "Diluted EPS": -0.25,
        "Total Revenue": 66,
        "Gross Profit": 11,
        "Operating Income": -5,
        "EBIT": 6,
        "Net Income": -8
    },
    "2021-09-30": {
        "Diluted EPS": 0.26,
        "Total Revenue": 80,
        "Gross Profit": 12,
        "Operating Income": -1,
        "EBIT": 10,
        "Net Income": 8
    },
    "2021-06-30": {
        "Diluted EPS": -0.1,
        "Total Revenue": 56,
        "Gross Profit": 13,
        "Operating Income": 0,
        "EBIT": 10,
        "Net Income": -3
    },
    "2021-03-31": {
        "Diluted EPS": -0.03,
        "Total Revenue": 47,
        "Gross Profit": 13,
        "Operating Income": -1,
        "EBIT": 10,
        "Net Income": -1
    },
    "2020-12-31": {
        "Diluted EPS": -0.15,
        "Total Revenue": 66,
        "Gross Profit": 11,
        "Operating Income": -2,
        "EBIT": 9,
        "Net Income": -5
    },
    "2020-09-30": {
        "Diluted EPS": 0.06,
        "Total Revenue": 65,
        "Gross Profit": 19,
        "Operating Income": 6,
        "EBIT": 16,
        "Net Income": 2
    },
    "2020-06-30": {
        "Diluted EPS": 0.01,
        "Total Revenue": 51,
        "Gross Profit": 15,
        "Operating Income": 2,
        "EBIT": 12,
        "Net Income": 0
    },
    "2020-03-31": {
        "Diluted EPS": -0.12,
        "Total Revenue": 62,
        "Gross Profit": 14,
        "Operating Income": 0,
        "EBIT": 11,
        "Net Income": -4
    },
    "2019-12-31": {
        "Diluted EPS": -1.95,
        "Total Revenue": 79,
        "Gross Profit": 19,
        "Operating Income": 2,
        "EBIT": 15,
        "Net Income": -59
    },
    "2019-09-30": {
        "Diluted EPS": -0.12,
        "Total Revenue": 83,
        "Gross Profit": 12,
        "Operating Income": -3,
        "EBIT": 9,
        "Net Income": -4
    },
    "2019-06-30": {
        "Diluted EPS": -0.11,
        "Total Revenue": 72,
        "Gross Profit": 18,
        "Operating Income": 3,
        "EBIT": 15,
        "Net Income": -3
    },
    "2019-03-31": {
        "Diluted EPS": 0.23,
        "Total Revenue": 89,
        "Gross Profit": 27,
        "Operating Income": 12,
        "EBIT": 24,
        "Net Income": 7
    },
    "2018-12-31": {
        "Diluted EPS": 0.09,
        "Total Revenue": 90,
        "Gross Profit": 20,
        "Operating Income": 5,
        "EBIT": 5,
        "Net Income": 2
    },
    "2018-09-30": {
        "Diluted EPS": 0.09,
        "Total Revenue": 80,
        "Gross Profit": 19,
        "Operating Income": 6,
        "EBIT": 6,
        "Net Income": 3
    },
    "2018-06-30": {
        "Diluted EPS": 0.0,
        "Total Revenue": 57,
        "Gross Profit": 18,
        "Operating Income": 4,
        "EBIT": 4,
        "Net Income": 0
    },
    "2018-03-31": {
        "Diluted EPS": 0.07,
        "Total Revenue": 67,
        "Gross Profit": 20,
        "Operating Income": 5,
        "EBIT": 5,
        "Net Income": 2
    },
    "2017-12-31": {
        "Diluted EPS": 0.69,
        "Total Revenue": 69,
        "Gross Profit": 17,
        "Operating Income": 4,
        "EBIT": 4,
        "Net Income": 21
    },
    "2017-09-30": {
        "Diluted EPS": 0.13,
        "Total Revenue": 74,
        "Gross Profit": 20,
        "Operating Income": 7,
        "EBIT": 7,
        "Net Income": 4
    },
    "2017-06-30": {
        "Diluted EPS": 0.01,
        "Total Revenue": 64,
        "Gross Profit": 20,
        "Operating Income": 4,
        "EBIT": 4,
        "Net Income": 0
    },
    "2017-03-31": {
        "Diluted EPS": 0.25,
        "Total Revenue": 64,
        "Gross Profit": 24,
        "Operating Income": 11,
        "EBIT": 11,
        "Net Income": 7
    },
    "2016-12-31": {
        "Diluted EPS": -0.12,
        "Total Revenue": 71,
        "Gross Profit": 21,
        "Operating Income": 8,
        "EBIT": 8,
        "Net Income": -4
    },
    "2016-09-30": {
        "Diluted EPS": 0.14,
        "Total Revenue": 66,
        "Gross Profit": 19,
        "Operating Income": 8,
        "EBIT": 8,
        "Net Income": 4
    },
    "2016-06-30": {
        "Diluted EPS": 0.19,
        "Total Revenue": 69,
        "Gross Profit": 23,
        "Operating Income": 11,
        "EBIT": 11,
        "Net Income": 6
    },
    "2016-03-31": {
        "Diluted EPS": 0.21,
        "Total Revenue": 76,
        "Gross Profit": 26,
        "Operating Income": 14,
        "EBIT": 14,
        "Net Income": 6
    },
    "2015-12-31": {
        "Diluted EPS": 0.03,
        "Total Revenue": 65,
        "Gross Profit": 18,
        "Operating Income": 4,
        "EBIT": 4,
        "Net Income": 1
    },
    "2015-09-30": {
        "Diluted EPS": 0.17,
        "Total Revenue": 82,
        "Gross Profit": 25,
        "Operating Income": 11,
        "EBIT": 11,
        "Net Income": 5
    },
    "2015-06-30": {
        "Diluted EPS": 0.23,
        "Total Revenue": 95,
        "Gross Profit": 27,
        "Operating Income": 13,
        "EBIT": 13,
        "Net Income": 7
    },
    "2015-03-31": {
        "Diluted EPS": 0.25,
        "Total Revenue": 98,
        "Gross Profit": 32,
        "Operating Income": 16,
        "EBIT": 16,
        "Net Income": 7
    },
    "2014-12-31": {
        "Diluted EPS": 0.32,
        "Total Revenue": 101,
        "Gross Profit": 33,
        "Operating Income": 15,
        "EBIT": 15,
        "Net Income": 9
    },
    "2014-09-30": {
        "Diluted EPS": -0.2,
        "Total Revenue": 66,
        "Gross Profit": 14,
        "Operating Income": 4,
        "EBIT": 4,
        "Net Income": -6
    },
    "2014-06-30": {
        "Diluted EPS": 0.1,
        "Total Revenue": 38,
        "Gross Profit": 12,
        "Operating Income": 4,
        "EBIT": 4,
        "Net Income": 3
    },
    "2014-03-31": {
        "Diluted EPS": 0.12,
        "Total Revenue": 36,
        "Gross Profit": 13,
        "Operating Income": 5,
        "EBIT": 5,
        "Net Income": 4
    },
    "2013-12-31": {
        "Diluted EPS": 0.14,
        "Total Revenue": 38,
        "Gross Profit": 13,
        "Operating Income": 5,
        "EBIT": 5,
        "Net Income": 4
    },
    "2013-09-30": {
        "Diluted EPS": 0.17,
        "Total Revenue": 38,
        "Gross Profit": 14,
        "Operating Income": 7,
        "EBIT": 7,
        "Net Income": 5
    },
    "2013-06-30": {
        "Diluted EPS": 0.28,
        "Total Revenue": 41,
        "Gross Profit": 18,
        "Operating Income": 12,
        "EBIT": 12,
        "Net Income": 8
    },
    "2013-03-31": {
        "Diluted EPS": 0.19,
        "Total Revenue": 38,
        "Gross Profit": 14,
        "Operating Income": 7,
        "EBIT": 7,
        "Net Income": 5
    },
    "2012-12-31": {
        "Diluted EPS": 0.17,
        "Total Revenue": 35,
        "Gross Profit": 13,
        "Operating Income": 7,
        "EBIT": 7,
        "Net Income": 5
    },
    "2012-09-30": {
        "Diluted EPS": 0.22,
        "Total Revenue": 37,
        "Gross Profit": 16,
        "Operating Income": 9,
        "EBIT": 9,
        "Net Income": 6
    },
    "2012-06-30": {
        "Diluted EPS": 0.23,
        "Total Revenue": 35,
        "Gross Profit": 16,
        "Operating Income": 10,
        "EBIT": 10,
        "Net Income": 6
    },
    "2012-03-31": {
        "Diluted EPS": 0.21,
        "Total Revenue": 34,
        "Gross Profit": 16,
        "Operating Income": 9,
        "EBIT": 9,
        "Net Income": 6
    },
    "2011-12-31": {
        "Diluted EPS": 0.29,
        "Total Revenue": 41,
        "Gross Profit": 19,
        "Operating Income": 14,
        "EBIT": 14,
        "Net Income": 9
    },
    "2011-09-30": {
        "Diluted EPS": 0.44,
        "Total Revenue": 45,
        "Gross Profit": 25,
        "Operating Income": 20,
        "EBIT": 20,
        "Net Income": 13
    },
    "2011-06-30": {
        "Diluted EPS": 0.23,
        "Total Revenue": 34,
        "Gross Profit": 16,
        "Operating Income": 11,
        "EBIT": 11,
        "Net Income": 6
    },
    "2011-03-31": {
        "Diluted EPS": 0.29,
        "Total Revenue": 38,
        "Gross Profit": 19,
        "Operating Income": 14,
        "EBIT": 14,
        "Net Income": 8
    },
    "2010-12-31": {
        "Diluted EPS": 0.14,
        "Total Revenue": 29,
        "Gross Profit": 13,
        "Operating Income": 8,
        "EBIT": 8,
        "Net Income": 4
    },
    "2010-09-30": {
        "Diluted EPS": 0.23,
        "Total Revenue": 33,
        "Gross Profit": 15,
        "Operating Income": 10,
        "EBIT": 10,
        "Net Income": 6
    },
    "2010-06-30": {
        "Diluted EPS": 0.17,
        "Total Revenue": 32,
        "Gross Profit": 13,
        "Operating Income": 8,
        "EBIT": 8,
        "Net Income": 5
    },
    "2010-03-31": {
        "Diluted EPS": 0.24,
        "Total Revenue": 35,
        "Gross Profit": 16,
        "Operating Income": 12,
        "EBIT": 12,
        "Net Income": 7
    },
    "2009-12-31": {
        "Diluted EPS": 0.19,
        "Total Revenue": 31,
        "Gross Profit": 14,
        "Operating Income": 11,
        "EBIT": 11,
        "Net Income": 6
    },
    "2009-09-30": {
        "Diluted EPS": 0.17,
        "Total Revenue": 29,
        "Gross Profit": 12,
        "Operating Income": 8,
        "EBIT": 8,
        "Net Income": 4
    },
    "2009-06-30": {
        "Diluted EPS": 0.16,
        "Total Revenue": 26,
        "Gross Profit": 10,
        "Operating Income": 7,
        "EBIT": 7,
        "Net Income": 3
    },
    "2009-03-31": {
        "Diluted EPS": 0.31,
        "Total Revenue": 30,
        "Gross Profit": 15,
        "Operating Income": 12,
        "EBIT": 12,
        "Net Income": 7
    },
    "2023-06-30": {
        "Tax Effect Of Unusual Items": NaN,
        "Tax Rate For Calcs": NaN,
        "Normalized EBITDA": NaN,
        "Total Unusual Items": NaN,
        "Total Unusual Items Excluding Goodwill": NaN,
        "Net Income From Continuing Operation Net Minority Interest": NaN,
        "Reconciled Depreciation": NaN,
        "Reconciled Cost Of Revenue": NaN,
        "EBITDA": NaN,
        "EBIT": NaN,
        "Net Interest Income": NaN,
        "Interest Expense": NaN,
        "Normalized Income": NaN,
        "Net Income From Continuing And Discontinued Operation": NaN,
        "Total Expenses": NaN,
        "Total Operating Income As Reported": NaN,
        "Diluted Average Shares": 36708000.0,
        "Basic Average Shares": 33137000.0,
        "Diluted EPS": 0.47,
        "Basic EPS": 0.51,
        "Diluted NI Availto Com Stockholders": NaN,
        "Average Dilution Earnings": 296000.0,
        "Net Income Common Stockholders": NaN,
        "Otherunder Preferred Stock Dividend": 0.0,
        "Net Income": NaN,
        "Net Income Including Noncontrolling Interests": NaN,
        "Net Income Continuous Operations": NaN,
        "Tax Provision": NaN,
        "Pretax Income": NaN,
        "Other Income Expense": NaN,
        "Special Income Charges": NaN,
        "Other Special Charges": NaN,
        "Earnings From Equity Interest": NaN,
        "Net Non Operating Interest Income Expense": NaN,
        "Total Other Finance Cost": NaN,
        "Interest Expense Non Operating": NaN,
        "Operating Income": NaN,
        "Operating Expense": NaN,
        "Other Operating Expenses": NaN,
        "Depreciation Amortization Depletion Income Statement": NaN,
        "Selling General And Administration": NaN,
        "General And Administrative Expense": NaN,
        "Other Gand A": NaN,
        "Salaries And Wages": 36528000.0,
        "Gross Profit": NaN,
        "Cost Of Revenue": NaN,
        "Total Revenue": NaN,
        "Operating Revenue": NaN
    },
    "2023-09-30": {
        "Tax Effect Of Unusual Items": NaN,
        "Tax Rate For Calcs": NaN,
        "Normalized EBITDA": NaN,
        "Total Unusual Items": NaN,
        "Total Unusual Items Excluding Goodwill": NaN,
        "Net Income From Continuing Operation Net Minority Interest": NaN,
        "Reconciled Depreciation": NaN,
        "Reconciled Cost Of Revenue": NaN,
        "EBITDA": NaN,
        "EBIT": NaN,
        "Net Interest Income": NaN,
        "Interest Expense": NaN,
        "Normalized Income": NaN,
        "Net Income From Continuing And Discontinued Operation": NaN,
        "Total Expenses": NaN,
        "Total Operating Income As Reported": NaN,
        "Diluted Average Shares": 36848000.0,
        "Basic Average Shares": 33140000.0,
        "Diluted EPS": 0.44,
        "Basic EPS": 0.49,
        "Diluted NI Availto Com Stockholders": NaN,
        "Average Dilution Earnings": 303000.0,
        "Net Income Common Stockholders": NaN,
        "Net Income": NaN,
        "Net Income Including Noncontrolling Interests": NaN,
        "Net Income Continuous Operations": NaN,
        "Tax Provision": NaN,
        "Pretax Income": NaN,
        "Other Income Expense": NaN,
        "Special Income Charges": NaN,
        "Gain On Sale Of Ppe": NaN,
        "Other Special Charges": 1491000.0,
        "Earnings From Equity Interest": NaN,
        "Net Non Operating Interest Income Expense": NaN,
        "Total Other Finance Cost": NaN,
        "Interest Expense Non Operating": NaN,
        "Operating Income": NaN,
        "Operating Expense": NaN,
        "Other Operating Expenses": NaN,
        "Depreciation Amortization Depletion Income Statement": NaN,
        "Selling General And Administration": NaN,
        "General And Administrative Expense": NaN,
        "Other Gand A": NaN,
        "Salaries And Wages": NaN,
        "Gross Profit": NaN,
        "Cost Of Revenue": NaN,
        "Total Revenue": NaN,
        "Operating Revenue": NaN
    },
    "2023-12-31": {
        "Tax Effect Of Unusual Items": NaN,
        "Tax Rate For Calcs": NaN,
        "Normalized EBITDA": NaN,
        "Total Unusual Items": NaN,
        "Total Unusual Items Excluding Goodwill": NaN,
        "Net Income From Continuing Operation Net Minority Interest": NaN,
        "Reconciled Depreciation": NaN,
        "Reconciled Cost Of Revenue": NaN,
        "EBITDA": NaN,
        "EBIT": NaN,
        "Net Interest Income": NaN,
        "Interest Expense": NaN,
        "Normalized Income": NaN,
        "Net Income From Continuing And Discontinued Operation": NaN,
        "Total Expenses": NaN,
        "Total Operating Income As Reported": NaN,
        "Diluted Average Shares": NaN,
        "Basic Average Shares": NaN,
        "Diluted EPS": NaN,
        "Basic EPS": NaN,
        "Diluted NI Availto Com Stockholders": NaN,
        "Average Dilution Earnings": 303000.0,
        "Net Income Common Stockholders": NaN,
        "Net Income": NaN,
        "Net Income Including Noncontrolling Interests": NaN,
        "Net Income Continuous Operations": NaN,
        "Tax Provision": NaN,
        "Pretax Income": NaN,
        "Other Income Expense": NaN,
        "Special Income Charges": NaN,
        "Gain On Sale Of Ppe": NaN,
        "Other Special Charges": 0.0,
        "Earnings From Equity Interest": NaN,
        "Net Non Operating Interest Income Expense": NaN,
        "Total Other Finance Cost": NaN,
        "Interest Expense Non Operating": NaN,
        "Operating Income": NaN,
        "Operating Expense": NaN,
        "Other Operating Expenses": NaN,
        "Depreciation Amortization Depletion Income Statement": NaN,
        "Selling General And Administration": NaN,
        "General And Administrative Expense": NaN,
        "Other Gand A": NaN,
        "Salaries And Wages": NaN,
        "Gross Profit": NaN,
        "Cost Of Revenue": NaN,
        "Total Revenue": NaN,
        "Operating Revenue": NaN
    },
    "2024-03-31": {
        "Tax Effect Of Unusual Items": NaN,
        "Tax Rate For Calcs": NaN,
        "Normalized EBITDA": NaN,
        "Total Unusual Items": NaN,
        "Total Unusual Items Excluding Goodwill": NaN,
        "Net Income From Continuing Operation Net Minority Interest": NaN,
        "Reconciled Depreciation": NaN,
        "Reconciled Cost Of Revenue": NaN,
        "EBITDA": NaN,
        "EBIT": NaN,
        "Net Interest Income": NaN,
        "Interest Expense": NaN,
        "Normalized Income": NaN,
        "Net Income From Continuing And Discontinued Operation": NaN,
        "Total Expenses": NaN,
        "Total Operating Income As Reported": NaN,
        "Diluted Average Shares": NaN,
        "Basic Average Shares": NaN,
        "Diluted EPS": NaN,
        "Basic EPS": NaN,
        "Diluted NI Availto Com Stockholders": NaN,
        "Average Dilution Earnings": 0.0,
        "Net Income Common Stockholders": NaN,
        "Net Income": NaN,
        "Net Income Including Noncontrolling Interests": NaN,
        "Net Income Continuous Operations": NaN,
        "Tax Provision": NaN,
        "Pretax Income": NaN,
        "Other Income Expense": NaN,
        "Special Income Charges": NaN,
        "Gain On Sale Of Ppe": NaN,
        "Other Special Charges": 853000.0,
        "Earnings From Equity Interest": NaN,
        "Net Non Operating Interest Income Expense": NaN,
        "Total Other Finance Cost": NaN,
        "Interest Expense Non Operating": NaN,
        "Operating Income": NaN,
        "Operating Expense": NaN,
        "Other Operating Expenses": NaN,
        "Depreciation Amortization Depletion Income Statement": NaN,
        "Selling General And Administration": NaN,
        "General And Administrative Expense": NaN,
        "Other Gand A": NaN,
        "Salaries And Wages": NaN,
        "Gross Profit": NaN,
        "Cost Of Revenue": NaN,
        "Total Revenue": NaN,
        "Operating Revenue": NaN
    },
    "2024-06-30": {
        "Tax Effect Of Unusual Items": NaN,
        "Tax Rate For Calcs": NaN,
        "Normalized EBITDA": NaN,
        "Total Unusual Items": NaN,
        "Total Unusual Items Excluding Goodwill": NaN,
        "Net Income From Continuing Operation Net Minority Interest": NaN,
        "Reconciled Depreciation": NaN,
        "Reconciled Cost Of Revenue": NaN,
        "EBITDA": NaN,
        "EBIT": NaN,
        "Net Interest Income": NaN,
        "Interest Expense": NaN,
        "Normalized Income": NaN,
        "Net Income From Continuing And Discontinued Operation": NaN,
        "Total Expenses": NaN,
        "Total Operating Income As Reported": NaN,
        "Diluted Average Shares": 37879000.0,
        "Basic Average Shares": 37879000.0,
        "Diluted EPS": -0.27,
        "Basic EPS": -0.27,
        "Diluted NI Availto Com Stockholders": NaN,
        "Net Income Common Stockholders": NaN,
        "Net Income": NaN,
        "Net Income Including Noncontrolling Interests": NaN,
        "Net Income Continuous Operations": NaN,
        "Tax Provision": NaN,
        "Pretax Income": NaN,
        "Other Income Expense": NaN,
        "Special Income Charges": NaN,
        "Gain On Sale Of Ppe": 222000.0,
        "Other Special Charges": 1937000.0,
        "Earnings From Equity Interest": NaN,
        "Net Non Operating Interest Income Expense": NaN,
        "Total Other Finance Cost": NaN,
        "Interest Expense Non Operating": NaN,
        "Operating Income": NaN,
        "Operating Expense": NaN,
        "Other Operating Expenses": NaN,
        "Depreciation Amortization Depletion Income Statement": NaN,
        "Selling General And Administration": NaN,
        "General And Administrative Expense": NaN,
        "Other Gand A": NaN,
        "Salaries And Wages": NaN,
        "Gross Profit": NaN,
        "Cost Of Revenue": NaN,
        "Total Revenue": NaN,
        "Operating Revenue": NaN
    },
    "2024-09-30": {
        "Tax Effect Of Unusual Items": 37670.772676,
        "Tax Rate For Calcs": 0.129899,
        "Normalized EBITDA": 17588000.0,
        "Total Unusual Items": 290000.0,
        "Total Unusual Items Excluding Goodwill": 290000.0,
        "Net Income From Continuing Operation Net Minority Interest": 1554000.0,
        "Reconciled Depreciation": 13838000.0,
        "Reconciled Cost Of Revenue": 49645000.0,
        "EBITDA": 17878000.0,
        "EBIT": 4040000.0,
        "Net Interest Income": -2692000.0,
        "Interest Expense": 2254000.0,
        "Normalized Income": 1301670.772676,
        "Net Income From Continuing And Discontinued Operation": 1554000.0,
        "Total Expenses": 100733000.0,
        "Total Operating Income As Reported": 4712000.0,
        "Diluted Average Shares": 43018000.0,
        "Basic Average Shares": 42598000.0,
        "Diluted EPS": 0.04,
        "Basic EPS": 0.04,
        "Diluted NI Availto Com Stockholders": 1554000.0,
        "Net Income Common Stockholders": 1554000.0,
        "Net Income": 1554000.0,
        "Net Income Including Noncontrolling Interests": 1554000.0,
        "Net Income Continuous Operations": 1554000.0,
        "Tax Provision": 232000.0,
        "Pretax Income": 1786000.0,
        "Other Income Expense": 56000.0,
        "Special Income Charges": 290000.0,
        "Gain On Sale Of Ppe": 290000.0,
        "Other Special Charges": NaN,
        "Earnings From Equity Interest": -234000.0,
        "Net Non Operating Interest Income Expense": -2692000.0,
        "Total Other Finance Cost": 438000.0,
        "Interest Expense Non Operating": 2254000.0,
        "Operating Income": 4422000.0,
        "Operating Expense": 51088000.0,
        "Other Operating Expenses": 4058000.0,
        "Depreciation Amortization Depletion Income Statement": 13838000.0,
        "Selling General And Administration": 33192000.0,
        "General And Administrative Expense": 33192000.0,
        "Other Gand A": 6471000.0,
        "Salaries And Wages": 26721000.0,
        "Gross Profit": 55510000.0,
        "Cost Of Revenue": 49645000.0,
        "Total Revenue": 105155000.0,
        "Operating Revenue": 103778000.0
    },
    "2024-12-31": {
        "Tax Effect Of Unusual Items": -5907313.745734,
        "Tax Rate For Calcs": 0.027118,
        "Normalized EBITDA": 21715000.0,
        "Total Unusual Items": -217836000.0,
        "Total Unusual Items Excluding Goodwill": -217836000.0,
        "Net Income From Continuing Operation Net Minority Interest": -215792000.0,
        "Reconciled Depreciation": 22696000.0,
        "Reconciled Cost Of Revenue": 32513000.0,
        "EBITDA": -196121000.0,
        "EBIT": -218817000.0,
        "Net Interest Income": -3486000.0,
        "Interest Expense": 2990000.0,
        "Normalized Income": -3863313.745734,
        "Net Income From Continuing And Discontinued Operation": -215792000.0,
        "Total Expenses": 94698000.0,
        "Total Operating Income As Reported": -218315000.0,
        "Diluted Average Shares": NaN,
        "Basic Average Shares": NaN,
        "Diluted EPS": NaN,
        "Basic EPS": NaN,
        "Diluted NI Availto Com Stockholders": -215792000.0,
        "Net Income Common Stockholders": -215792000.0,
        "Net Income": -215792000.0,
        "Net Income Including Noncontrolling Interests": -215792000.0,
        "Net Income Continuous Operations": -215792000.0,
        "Tax Provision": -6015000.0,
        "Pretax Income": -221807000.0,
        "Other Income Expense": -217842000.0,
        "Special Income Charges": -217836000.0,
        "Gain On Sale Of Ppe": NaN,
        "Other Special Charges": 2750000.0,
        "Earnings From Equity Interest": -6000.0,
        "Net Non Operating Interest Income Expense": -3486000.0,
        "Total Other Finance Cost": 496000.0,
        "Interest Expense Non Operating": 2990000.0,
        "Operating Income": -479000.0,
        "Operating Expense": 62185000.0,
        "Other Operating Expenses": 5460000.0,
        "Depreciation Amortization Depletion Income Statement": 22696000.0,
        "Selling General And Administration": 34029000.0,
        "General And Administrative Expense": 34029000.0,
        "Other Gand A": 6309000.0,
        "Salaries And Wages": 27720000.0,
        "Gross Profit": 61706000.0,
        "Cost Of Revenue": 32513000.0,
        "Total Revenue": 94219000.0,
        "Operating Revenue": 93021000.0
    },
    "2025-03-31": {
        "Tax Effect Of Unusual Items": 0.0,
        "Tax Rate For Calcs": 0.0,
        "Normalized EBITDA": 28161000.0,
        "Total Unusual Items": 21000.0,
        "Total Unusual Items Excluding Goodwill": 21000.0,
        "Net Income From Continuing Operation Net Minority Interest": 9979000.0,
        "Reconciled Depreciation": 14977000.0,
        "Reconciled Cost Of Revenue": 50439000.0,
        "EBITDA": 28182000.0,
        "EBIT": 13205000.0,
        "Net Interest Income": -3723000.0,
        "Interest Expense": 3226000.0,
        "Normalized Income": 9958000.0,
        "Net Income From Continuing And Discontinued Operation": 9979000.0,
        "Total Expenses": 103870000.0,
        "Total Operating Income As Reported": 13938000.0,
        "Diluted Average Shares": 43462000.0,
        "Basic Average Shares": 42619000.0,
        "Diluted EPS": 0.23,
        "Basic EPS": 0.23,
        "Diluted NI Availto Com Stockholders": 9979000.0,
        "Net Income Common Stockholders": 9979000.0,
        "Net Income": 9979000.0,
        "Net Income Including Noncontrolling Interests": 9979000.0,
        "Net Income Continuous Operations": 9979000.0,
        "Tax Provision": 0.0,
        "Pretax Income": 9979000.0,
        "Other Income Expense": -215000.0,
        "Special Income Charges": 21000.0,
        "Gain On Sale Of Ppe": 21000.0,
        "Other Special Charges": NaN,
        "Earnings From Equity Interest": -236000.0,
        "Net Non Operating Interest Income Expense": -3723000.0,
        "Total Other Finance Cost": 497000.0,
        "Interest Expense Non Operating": 3226000.0,
        "Operating Income": 13917000.0,
        "Operating Expense": 53431000.0,
        "Other Operating Expenses": 4600000.0,
        "Depreciation Amortization Depletion Income Statement": 14977000.0,
        "Selling General And Administration": 33854000.0,
        "General And Administrative Expense": 33854000.0,
        "Other Gand A": 6825000.0,
        "Salaries And Wages": 27029000.0,
        "Gross Profit": 67348000.0,
        "Cost Of Revenue": 50439000.0,
        "Total Revenue": 117787000.0,
        "Operating Revenue": 116128000.0
    },
    "2025-06-30": {
        "Tax Effect Of Unusual Items": 0.0,
        "Tax Rate For Calcs": 0.0,
        "Normalized EBITDA": 17030000.0,
        "Total Unusual Items": 55000.0,
        "Total Unusual Items Excluding Goodwill": 55000.0,
        "Net Income From Continuing Operation Net Minority Interest": 8248000.0,
        "Reconciled Depreciation": 5542000.0,
        "Reconciled Cost Of Revenue": 46190000.0,
        "EBITDA": 17085000.0,
        "EBIT": 11543000.0,
        "Net Interest Income": -3819000.0,
        "Interest Expense": 3295000.0,
        "Normalized Income": 8193000.0,
        "Net Income From Continuing And Discontinued Operation": 8248000.0,
        "Total Expenses": 91074000.0,
        "Total Operating Income As Reported": 11870000.0,
        "Diluted Average Shares": 43048000.0,
        "Basic Average Shares": 42619000.0,
        "Diluted EPS": 0.19,
        "Basic EPS": 0.19,
        "Diluted NI Availto Com Stockholders": 8248000.0,
        "Net Income Common Stockholders": 8248000.0,
        "Net Income": 8248000.0,
        "Net Income Including Noncontrolling Interests": 8248000.0,
        "Net Income Continuous Operations": 8248000.0,
        "Tax Provision": 0.0,
        "Pretax Income": 8248000.0,
        "Other Income Expense": 252000.0,
        "Special Income Charges": 55000.0,
        "Gain On Sale Of Ppe": 55000.0,
        "Other Special Charges": NaN,
        "Earnings From Equity Interest": 197000.0,
        "Net Non Operating Interest Income Expense": -3819000.0,
        "Total Other Finance Cost": 524000.0,
        "Interest Expense Non Operating": 3295000.0,
        "Operating Income": 11815000.0,
        "Operating Expense": 44884000.0,
        "Other Operating Expenses": 5042000.0,
        "Depreciation Amortization Depletion Income Statement": 5542000.0,
        "Selling General And Administration": 34300000.0,
        "General And Administrative Expense": 34300000.0,
        "Other Gand A": 7501000.0,
        "Salaries And Wages": 26799000.0,
        "Gross Profit": 56699000.0,
        "Cost Of Revenue": 46190000.0,
        "Total Revenue": 102889000.0,
        "Operating Revenue": 98123000.0
    },
    "2025-09-30": {
        "Tax Effect Of Unusual Items": 0.0,
        "Tax Rate For Calcs": 0.0,
        "Normalized EBITDA": 35040000.0,
        "Total Unusual Items": 2334000.0,
        "Total Unusual Items Excluding Goodwill": 2334000.0,
        "Net Income From Continuing Operation Net Minority Interest": 23884000.0,
        "Reconciled Depreciation": 9142000.0,
        "Reconciled Cost Of Revenue": 73608000.0,
        "EBITDA": 37374000.0,
        "EBIT": 28232000.0,
        "Net Interest Income": -4927000.0,
        "Interest Expense": 4348000.0,
        "Normalized Income": 21550000.0,
        "Net Income From Continuing And Discontinued Operation": 23884000.0,
        "Total Expenses": 120121000.0,
        "Total Operating Income As Reported": 29059000.0,
        "Diluted Average Shares": 43434000.0,
        "Basic Average Shares": 43007000.0,
        "Diluted EPS": 0.55,
        "Basic EPS": 0.56,
        "Diluted NI Availto Com Stockholders": 23884000.0,
        "Net Income Common Stockholders": 23884000.0,
        "Net Income": 23884000.0,
        "Net Income Including Noncontrolling Interests": 23884000.0,
        "Net Income Continuous Operations": 23884000.0,
        "Tax Provision": 0.0,
        "Pretax Income": 23884000.0,
        "Other Income Expense": 2086000.0,
        "Special Income Charges": 2334000.0,
        "Gain On Sale Of Ppe": 2334000.0,
        "Other Special Charges": NaN,
        "Earnings From Equity Interest": -248000.0,
        "Net Non Operating Interest Income Expense": -4927000.0,
        "Total Other Finance Cost": 579000.0,
        "Interest Expense Non Operating": 4348000.0,
        "Operating Income": 26725000.0,
        "Operating Expense": 46513000.0,
        "Other Operating Expenses": 5027000.0,
        "Depreciation Amortization Depletion Income Statement": 9142000.0,
        "Selling General And Administration": 32344000.0,
        "General And Administrative Expense": 32344000.0,
        "Other Gand A": 4770000.0,
        "Salaries And Wages": 27574000.0,
        "Gross Profit": 73238000.0,
        "Cost Of Revenue": 73608000.0,
        "Total Revenue": 146846000.0,
        "Operating Revenue": 144491000.0
    }
}