{
    "2023-06-30": {
        "Tax Effect Of Unusual Items": NaN,
        "Tax Rate For Calcs": NaN,
        "Total Unusual Items": 0.0,
        "Total Unusual Items Excluding Goodwill": 0.0,
        "Net Income From Continuing Operation Net Minority Interest": NaN,
        "Reconciled Depreciation": NaN,
        "Net Interest Income": NaN,
        "Interest Expense": NaN,
        "Interest Income": NaN,
        "Normalized Income": NaN,
        "Net Income From Continuing And Discontinued Operation": NaN,
        "Diluted Average Shares": NaN,
        "Basic Average Shares": NaN,
        "Diluted EPS": NaN,
        "Basic EPS": NaN,
        "Diluted NI Availto Com Stockholders": NaN,
        "Net Income Common Stockholders": NaN,
        "Otherunder Preferred Stock Dividend": NaN,
        "Net Income": NaN,
        "Net Income Including Noncontrolling Interests": NaN,
        "Net Income Continuous Operations": NaN,
        "Tax Provision": NaN,
        "Pretax Income": NaN,
        "Special Income Charges": 0.0,
        "Restructuring And Mergern Acquisition": 0.0,
        "Gain On Sale Of Security": 0.0,
        "Selling General And Administration": NaN,
        "Selling And Marketing Expense": 200000.0,
        "General And Administrative Expense": NaN,
        "Insurance And Claims": NaN,
        "Salaries And Wages": NaN,
        "Total Revenue": NaN,
        "Operating Revenue": NaN,
        "Occupancy And Equipment": NaN,
        "Professional Expense And Contract Services Expense": NaN,
        "Other Non Interest Expense": NaN
    },
    "2023-03-31": {
        "Tax Effect Of Unusual Items": NaN,
        "Tax Rate For Calcs": NaN,
        "Total Unusual Items": NaN,
        "Total Unusual Items Excluding Goodwill": NaN,
        "Net Income From Continuing Operation Net Minority Interest": NaN,
        "Reconciled Depreciation": NaN,
        "Net Interest Income": NaN,
        "Interest Expense": NaN,
        "Interest Income": NaN,
        "Normalized Income": NaN,
        "Net Income From Continuing And Discontinued Operation": NaN,
        "Diluted Average Shares": NaN,
        "Basic Average Shares": NaN,
        "Diluted EPS": NaN,
        "Basic EPS": NaN,
        "Diluted NI Availto Com Stockholders": NaN,
        "Net Income Common Stockholders": NaN,
        "Otherunder Preferred Stock Dividend": NaN,
        "Net Income": NaN,
        "Net Income Including Noncontrolling Interests": NaN,
        "Net Income Continuous Operations": NaN,
        "Tax Provision": NaN,
        "Pretax Income": NaN,
        "Special Income Charges": NaN,
        "Restructuring And Mergern Acquisition": NaN,
        "Gain On Sale Of Security": 0.0,
        "Selling General And Administration": NaN,
        "Selling And Marketing Expense": 183000.0,
        "General And Administrative Expense": NaN,
        "Insurance And Claims": NaN,
        "Salaries And Wages": NaN,
        "Total Revenue": NaN,
        "Operating Revenue": NaN,
        "Occupancy And Equipment": NaN,
        "Professional Expense And Contract Services Expense": NaN,
        "Other Non Interest Expense": NaN
    },
    "2022-12-31": {
        "Tax Effect Of Unusual Items": NaN,
        "Tax Rate For Calcs": NaN,
        "Total Unusual Items": NaN,
        "Total Unusual Items Excluding Goodwill": NaN,
        "Net Income From Continuing Operation Net Minority Interest": NaN,
        "Reconciled Depreciation": NaN,
        "Net Interest Income": NaN,
        "Interest Expense": NaN,
        "Interest Income": NaN,
        "Normalized Income": NaN,
        "Net Income From Continuing And Discontinued Operation": NaN,
        "Diluted Average Shares": NaN,
        "Basic Average Shares": NaN,
        "Diluted EPS": NaN,
        "Basic EPS": NaN,
        "Diluted NI Availto Com Stockholders": NaN,
        "Net Income Common Stockholders": NaN,
        "Otherunder Preferred Stock Dividend": NaN,
        "Net Income": NaN,
        "Net Income Including Noncontrolling Interests": NaN,
        "Net Income Continuous Operations": NaN,
        "Tax Provision": NaN,
        "Pretax Income": NaN,
        "Special Income Charges": NaN,
        "Restructuring And Mergern Acquisition": NaN,
        "Gain On Sale Of Security": NaN,
        "Selling General And Administration": NaN,
        "Selling And Marketing Expense": 150000.0,
        "General And Administrative Expense": NaN,
        "Insurance And Claims": NaN,
        "Salaries And Wages": NaN,
        "Total Revenue": NaN,
        "Operating Revenue": NaN,
        "Occupancy And Equipment": NaN,
        "Professional Expense And Contract Services Expense": NaN,
        "Other Non Interest Expense": NaN
    },
    "2022-09-30": {
        "Tax Effect Of Unusual Items": NaN,
        "Tax Rate For Calcs": NaN,
        "Total Unusual Items": 0.0,
        "Total Unusual Items Excluding Goodwill": 0.0,
        "Net Income From Continuing Operation Net Minority Interest": NaN,
        "Reconciled Depreciation": NaN,
        "Net Interest Income": NaN,
        "Interest Expense": NaN,
        "Interest Income": NaN,
        "Normalized Income": NaN,
        "Net Income From Continuing And Discontinued Operation": NaN,
        "Diluted Average Shares": NaN,
        "Basic Average Shares": NaN,
        "Diluted EPS": NaN,
        "Basic EPS": NaN,
        "Diluted NI Availto Com Stockholders": NaN,
        "Net Income Common Stockholders": NaN,
        "Otherunder Preferred Stock Dividend": NaN,
        "Net Income": NaN,
        "Net Income Including Noncontrolling Interests": NaN,
        "Net Income Continuous Operations": NaN,
        "Tax Provision": NaN,
        "Pretax Income": NaN,
        "Special Income Charges": 0.0,
        "Restructuring And Mergern Acquisition": 0.0,
        "Gain On Sale Of Security": 0.0,
        "Selling General And Administration": NaN,
        "Selling And Marketing Expense": 50000.0,
        "General And Administrative Expense": NaN,
        "Other Gand A": 496000.0,
        "Insurance And Claims": NaN,
        "Salaries And Wages": NaN,
        "Total Revenue": NaN,
        "Operating Revenue": NaN
    },
    "2022-06-30": {
        "Tax Effect Of Unusual Items": -57278.115062,
        "Tax Rate For Calcs": 0.229112,
        "Total Unusual Items": -250000.0,
        "Total Unusual Items Excluding Goodwill": -250000.0,
        "Net Income From Continuing Operation Net Minority Interest": 5333000.0,
        "Reconciled Depreciation": 444000.0,
        "Net Interest Income": 14820000.0,
        "Interest Expense": 1439000.0,
        "Interest Income": 16259000.0,
        "Normalized Income": 5525721.884938,
        "Net Income From Continuing And Discontinued Operation": 5333000.0,
        "Diluted Average Shares": 6371164.0,
        "Basic Average Shares": 6272102.0,
        "Diluted EPS": 0.8,
        "Basic EPS": 0.81,
        "Diluted NI Availto Com Stockholders": 5333000.0,
        "Net Income Common Stockholders": 5333000.0,
        "Otherunder Preferred Stock Dividend": NaN,
        "Net Income": 5333000.0,
        "Net Income Including Noncontrolling Interests": 5333000.0,
        "Net Income Continuous Operations": 5333000.0,
        "Tax Provision": 1585000.0,
        "Pretax Income": 6918000.0,
        "Special Income Charges": -250000.0,
        "Restructuring And Mergern Acquisition": 250000.0,
        "Gain On Sale Of Security": 0.0,
        "Selling General And Administration": 5329000.0,
        "Selling And Marketing Expense": 112000.0,
        "General And Administrative Expense": 5217000.0,
        "Other Gand A": 374000.0,
        "Insurance And Claims": NaN,
        "Salaries And Wages": 4843000.0,
        "Total Revenue": 16648000.0,
        "Operating Revenue": 16648000.0
    },
    "2022-03-31": {
        "Diluted EPS": 1.0,
        "Total Revenue": 19,
        "Gross Profit": 17,
        "Operating Income": 8,
        "EBIT": NaN,
        "Net Income": 6
    },
    "2021-12-31": {
        "Diluted EPS": 1.16,
        "Total Revenue": 19,
        "Gross Profit": 18,
        "Operating Income": 8,
        "EBIT": NaN,
        "Net Income": 6
    },
    "2021-09-30": {
        "Diluted EPS": 1.39,
        "Total Revenue": 19,
        "Gross Profit": 18,
        "Operating Income": 9,
        "EBIT": NaN,
        "Net Income": 7
    },
    "2021-06-30": {
        "Diluted EPS": 0.05,
        "Total Revenue": 13,
        "Gross Profit": 11,
        "Operating Income": 0,
        "EBIT": NaN,
        "Net Income": 0
    },
    "2021-03-31": {
        "Diluted EPS": 0.48,
        "Total Revenue": 10,
        "Gross Profit": 8,
        "Operating Income": 3,
        "EBIT": NaN,
        "Net Income": 2
    },
    "2020-12-31": {
        "Diluted EPS": 0.36,
        "Total Revenue": 10,
        "Gross Profit": 8,
        "Operating Income": 2,
        "EBIT": NaN,
        "Net Income": 2
    },
    "2020-09-30": {
        "Diluted EPS": 0.0,
        "Total Revenue": NaN,
        "Gross Profit": NaN,
        "Operating Income": NaN,
        "EBIT": NaN,
        "Net Income": NaN
    },
    "2020-06-30": {
        "Diluted EPS": 0.33,
        "Total Revenue": 10,
        "Gross Profit": 7,
        "Operating Income": 2,
        "EBIT": NaN,
        "Net Income": 1
    },
    "2023-09-30": {
        "Tax Effect Of Unusual Items": NaN,
        "Tax Rate For Calcs": NaN,
        "Total Unusual Items": 0.0,
        "Total Unusual Items Excluding Goodwill": 0.0,
        "Net Income From Continuing Operation Net Minority Interest": NaN,
        "Reconciled Depreciation": NaN,
        "Net Interest Income": NaN,
        "Interest Expense": NaN,
        "Interest Income": NaN,
        "Normalized Income": NaN,
        "Net Income From Continuing And Discontinued Operation": NaN,
        "Diluted Average Shares": NaN,
        "Basic Average Shares": NaN,
        "Diluted EPS": NaN,
        "Basic EPS": NaN,
        "Diluted NI Availto Com Stockholders": NaN,
        "Net Income Common Stockholders": NaN,
        "Otherunder Preferred Stock Dividend": NaN,
        "Net Income": NaN,
        "Net Income Including Noncontrolling Interests": NaN,
        "Net Income Continuous Operations": NaN,
        "Tax Provision": NaN,
        "Pretax Income": NaN,
        "Special Income Charges": 0.0,
        "Restructuring And Mergern Acquisition": 0.0,
        "Gain On Sale Of Security": 0.0,
        "Selling General And Administration": NaN,
        "General And Administrative Expense": NaN,
        "Insurance And Claims": NaN,
        "Salaries And Wages": NaN,
        "Total Revenue": NaN,
        "Operating Revenue": NaN,
        "Occupancy And Equipment": NaN,
        "Professional Expense And Contract Services Expense": NaN,
        "Other Non Interest Expense": NaN
    },
    "2023-12-31": {
        "Tax Effect Of Unusual Items": 0.0,
        "Tax Rate For Calcs": 0.254,
        "Total Unusual Items": NaN,
        "Total Unusual Items Excluding Goodwill": NaN,
        "Net Income From Continuing Operation Net Minority Interest": 3763000.0,
        "Reconciled Depreciation": 982000.0,
        "Net Interest Income": 12659000.0,
        "Interest Expense": 18496000.0,
        "Interest Income": 31155000.0,
        "Normalized Income": 3763000.0,
        "Net Income From Continuing And Discontinued Operation": 3763000.0,
        "Diluted Average Shares": 7383529.0,
        "Basic Average Shares": 7324133.0,
        "Diluted EPS": 0.51,
        "Basic EPS": 0.51,
        "Diluted NI Availto Com Stockholders": 3645000.0,
        "Net Income Common Stockholders": 3645000.0,
        "Otherunder Preferred Stock Dividend": 118000.0,
        "Net Income": 3763000.0,
        "Net Income Including Noncontrolling Interests": 3763000.0,
        "Net Income Continuous Operations": 3763000.0,
        "Tax Provision": 1280000.0,
        "Pretax Income": 5043000.0,
        "Special Income Charges": NaN,
        "Restructuring And Mergern Acquisition": NaN,
        "Gain On Sale Of Security": NaN,
        "Selling General And Administration": 5617000.0,
        "General And Administrative Expense": 5617000.0,
        "Insurance And Claims": 375000.0,
        "Salaries And Wages": 5242000.0,
        "Total Revenue": 15913000.0,
        "Operating Revenue": 15913000.0,
        "Occupancy And Equipment": 1746000.0,
        "Professional Expense And Contract Services Expense": 729000.0,
        "Other Non Interest Expense": 2578000.0
    },
    "2024-03-31": {
        "Tax Effect Of Unusual Items": 0.0,
        "Tax Rate For Calcs": 0.249,
        "Net Income From Continuing Operation Net Minority Interest": 4061000.0,
        "Reconciled Depreciation": 980000.0,
        "Net Interest Income": 12935000.0,
        "Interest Expense": 19497000.0,
        "Interest Income": 32432000.0,
        "Normalized Income": 4061000.0,
        "Net Income From Continuing And Discontinued Operation": 4061000.0,
        "Diluted Average Shares": 7420926.0,
        "Basic Average Shares": 7376227.0,
        "Diluted EPS": 0.55,
        "Basic EPS": 0.55,
        "Diluted NI Availto Com Stockholders": 3924000.0,
        "Net Income Common Stockholders": 3924000.0,
        "Otherunder Preferred Stock Dividend": 137000.0,
        "Net Income": 4061000.0,
        "Net Income Including Noncontrolling Interests": 4061000.0,
        "Net Income Continuous Operations": 4061000.0,
        "Tax Provision": 1346000.0,
        "Pretax Income": 5407000.0,
        "Gain On Sale Of Security": NaN,
        "Selling General And Administration": 5880000.0,
        "General And Administrative Expense": 5880000.0,
        "Insurance And Claims": 318000.0,
        "Salaries And Wages": 5562000.0,
        "Total Revenue": 16511000.0,
        "Operating Revenue": 16511000.0,
        "Occupancy And Equipment": 1770000.0,
        "Professional Expense And Contract Services Expense": 818000.0,
        "Other Non Interest Expense": 2336000.0
    },
    "2024-06-30": {
        "Tax Effect Of Unusual Items": NaN,
        "Tax Rate For Calcs": NaN,
        "Net Income From Continuing Operation Net Minority Interest": NaN,
        "Reconciled Depreciation": NaN,
        "Net Interest Income": NaN,
        "Interest Expense": NaN,
        "Interest Income": NaN,
        "Normalized Income": NaN,
        "Net Income From Continuing And Discontinued Operation": NaN,
        "Diluted Average Shares": NaN,
        "Basic Average Shares": NaN,
        "Diluted EPS": NaN,
        "Basic EPS": NaN,
        "Diluted NI Availto Com Stockholders": NaN,
        "Net Income Common Stockholders": NaN,
        "Otherunder Preferred Stock Dividend": NaN,
        "Net Income": NaN,
        "Net Income Including Noncontrolling Interests": NaN,
        "Net Income Continuous Operations": NaN,
        "Tax Provision": NaN,
        "Pretax Income": NaN,
        "Gain On Sale Of Security": 4000.0,
        "Selling General And Administration": NaN,
        "General And Administrative Expense": NaN,
        "Insurance And Claims": NaN,
        "Salaries And Wages": NaN,
        "Total Revenue": NaN,
        "Operating Revenue": NaN,
        "Occupancy And Equipment": NaN,
        "Professional Expense And Contract Services Expense": NaN,
        "Other Non Interest Expense": NaN
    },
    "2024-09-30": {
        "Tax Effect Of Unusual Items": 0.0,
        "Tax Rate For Calcs": 0.234,
        "Net Income From Continuing Operation Net Minority Interest": 3539000.0,
        "Reconciled Depreciation": 1246000.0,
        "Net Interest Income": 13102000.0,
        "Interest Expense": 21011000.0,
        "Interest Income": 34113000.0,
        "Normalized Income": 3539000.0,
        "Net Income From Continuing And Discontinued Operation": 3539000.0,
        "Diluted Average Shares": 7436068.0,
        "Basic Average Shares": 7411064.0,
        "Diluted EPS": 0.48,
        "Basic EPS": 0.48,
        "Diluted NI Availto Com Stockholders": 3430000.0,
        "Net Income Common Stockholders": 3430000.0,
        "Otherunder Preferred Stock Dividend": 109000.0,
        "Net Income": 3539000.0,
        "Net Income Including Noncontrolling Interests": 3539000.0,
        "Net Income Continuous Operations": 3539000.0,
        "Tax Provision": 1079000.0,
        "Pretax Income": 4618000.0,
        "Gain On Sale Of Security": 0.0,
        "Selling General And Administration": 7200000.0,
        "General And Administrative Expense": 7200000.0,
        "Insurance And Claims": 360000.0,
        "Salaries And Wages": 6840000.0,
        "Total Revenue": 17056000.0,
        "Operating Revenue": 17056000.0,
        "Occupancy And Equipment": 1799000.0,
        "Professional Expense And Contract Services Expense": 762000.0,
        "Other Non Interest Expense": 2477000.0
    },
    "2024-12-31": {
        "Tax Effect Of Unusual Items": 0.0,
        "Tax Rate For Calcs": 0.248893,
        "Net Income From Continuing Operation Net Minority Interest": 3902000.0,
        "Reconciled Depreciation": 950000.0,
        "Net Interest Income": 13808000.0,
        "Interest Expense": 19249000.0,
        "Interest Income": 33057000.0,
        "Normalized Income": 3902000.0,
        "Net Income From Continuing And Discontinued Operation": 3902000.0,
        "Diluted Average Shares": 7456471.0,
        "Basic Average Shares": 7427583.0,
        "Diluted EPS": 0.52,
        "Basic EPS": 0.53,
        "Diluted NI Availto Com Stockholders": 3782000.0,
        "Net Income Common Stockholders": 3782000.0,
        "Otherunder Preferred Stock Dividend": 120000.0,
        "Net Income": 3902000.0,
        "Net Income Including Noncontrolling Interests": 3902000.0,
        "Net Income Continuous Operations": 3902000.0,
        "Tax Provision": 1293000.0,
        "Pretax Income": 5195000.0,
        "Gain On Sale Of Security": 27000.0,
        "Selling General And Administration": 7074000.0,
        "General And Administrative Expense": 7074000.0,
        "Insurance And Claims": 375000.0,
        "Salaries And Wages": 6699000.0,
        "Total Revenue": 17995000.0,
        "Operating Revenue": 17995000.0,
        "Occupancy And Equipment": 1810000.0,
        "Professional Expense And Contract Services Expense": 782000.0,
        "Other Non Interest Expense": 2734000.0
    },
    "2025-03-31": {
        "Tax Effect Of Unusual Items": 0.0,
        "Tax Rate For Calcs": 0.138,
        "Net Income From Continuing Operation Net Minority Interest": 1521000.0,
        "Reconciled Depreciation": 950000.0,
        "Net Interest Income": 14629000.0,
        "Interest Expense": 18208000.0,
        "Interest Income": 32837000.0,
        "Normalized Income": 1521000.0,
        "Net Income From Continuing And Discontinued Operation": 1521000.0,
        "Diluted Average Shares": 7469489.0,
        "Basic Average Shares": 7463537.0,
        "Diluted EPS": 0.2,
        "Basic EPS": 0.2,
        "Diluted NI Availto Com Stockholders": 1476000.0,
        "Net Income Common Stockholders": 1476000.0,
        "Otherunder Preferred Stock Dividend": 45000.0,
        "Net Income": 1521000.0,
        "Net Income Including Noncontrolling Interests": 1521000.0,
        "Net Income Continuous Operations": 1521000.0,
        "Tax Provision": 244000.0,
        "Pretax Income": 1765000.0,
        "Gain On Sale Of Security": NaN,
        "Selling General And Administration": 7569000.0,
        "General And Administrative Expense": 7569000.0,
        "Insurance And Claims": 337000.0,
        "Salaries And Wages": 7232000.0,
        "Total Revenue": 18361000.0,
        "Operating Revenue": 18361000.0,
        "Occupancy And Equipment": 1836000.0,
        "Professional Expense And Contract Services Expense": 787000.0,
        "Other Non Interest Expense": 5804000.0
    },
    "2025-06-30": {
        "Tax Effect Of Unusual Items": 0.0,
        "Tax Rate For Calcs": 0.27786,
        "Net Income From Continuing Operation Net Minority Interest": 2443000.0,
        "Reconciled Depreciation": 1105000.0,
        "Net Interest Income": 14795000.0,
        "Interest Expense": 17254000.0,
        "Interest Income": 32049000.0,
        "Normalized Income": 2443000.0,
        "Net Income From Continuing And Discontinued Operation": 2443000.0,
        "Diluted Average Shares": 7506584.0,
        "Basic Average Shares": 7500871.0,
        "Diluted EPS": 0.33,
        "Basic EPS": 0.33,
        "Diluted NI Availto Com Stockholders": 2379000.0,
        "Net Income Common Stockholders": 2379000.0,
        "Otherunder Preferred Stock Dividend": 64000.0,
        "Net Income": 2443000.0,
        "Net Income Including Noncontrolling Interests": 2443000.0,
        "Net Income Continuous Operations": 2443000.0,
        "Tax Provision": 940000.0,
        "Pretax Income": 3383000.0,
        "Gain On Sale Of Security": 0.0,
        "Selling General And Administration": 7368000.0,
        "General And Administrative Expense": 7368000.0,
        "Insurance And Claims": 365000.0,
        "Salaries And Wages": 7003000.0,
        "Total Revenue": 18356000.0,
        "Operating Revenue": 18356000.0,
        "Occupancy And Equipment": 1910000.0,
        "Professional Expense And Contract Services Expense": 878000.0,
        "Other Non Interest Expense": 2460000.0
    },
    "2025-09-30": {
        "Tax Effect Of Unusual Items": 0.0,
        "Tax Rate For Calcs": 0.252463,
        "Net Income From Continuing Operation Net Minority Interest": 3491000.0,
        "Reconciled Depreciation": 1030000.0,
        "Net Interest Income": 15223000.0,
        "Interest Expense": 17771000.0,
        "Interest Income": 32994000.0,
        "Normalized Income": 3491000.0,
        "Net Income From Continuing And Discontinued Operation": 3491000.0,
        "Diluted Average Shares": 7481447.0,
        "Basic Average Shares": 7475764.0,
        "Diluted EPS": 0.47,
        "Basic EPS": 0.47,
        "Diluted NI Availto Com Stockholders": 3403000.0,
        "Net Income Common Stockholders": 3403000.0,
        "Otherunder Preferred Stock Dividend": 88000.0,
        "Net Income": 3491000.0,
        "Net Income Including Noncontrolling Interests": 3491000.0,
        "Net Income Continuous Operations": 3491000.0,
        "Tax Provision": 1179000.0,
        "Pretax Income": 4670000.0,
        "Gain On Sale Of Security": 0.0,
        "Selling General And Administration": 7108000.0,
        "General And Administrative Expense": 7108000.0,
        "Insurance And Claims": 334000.0,
        "Salaries And Wages": 6774000.0,
        "Total Revenue": 18008000.0,
        "Operating Revenue": 18008000.0,
        "Occupancy And Equipment": 1960000.0,
        "Professional Expense And Contract Services Expense": 732000.0,
        "Other Non Interest Expense": 2213000.0
    }
}