{
    "2023-04-30": {
        "Tax Effect Of Unusual Items": NaN,
        "Tax Rate For Calcs": NaN,
        "Normalized EBITDA": NaN,
        "Net Income From Continuing Operation Net Minority Interest": NaN,
        "Reconciled Depreciation": NaN,
        "Reconciled Cost Of Revenue": NaN,
        "EBITDA": NaN,
        "EBIT": NaN,
        "Net Interest Income": NaN,
        "Interest Expense": NaN,
        "Normalized Income": NaN,
        "Net Income From Continuing And Discontinued Operation": NaN,
        "Total Expenses": NaN,
        "Total Operating Income As Reported": NaN,
        "Diluted Average Shares": 11077000.0,
        "Basic Average Shares": 10976000.0,
        "Diluted EPS": 0.13,
        "Basic EPS": 0.13,
        "Diluted NI Availto Com Stockholders": NaN,
        "Net Income Common Stockholders": NaN,
        "Otherunder Preferred Stock Dividend": NaN,
        "Net Income": NaN,
        "Net Income Including Noncontrolling Interests": NaN,
        "Net Income Continuous Operations": NaN,
        "Tax Provision": NaN,
        "Pretax Income": NaN,
        "Other Income Expense": NaN,
        "Other Non Operating Income Expenses": NaN,
        "Net Non Operating Interest Income Expense": NaN,
        "Interest Expense Non Operating": NaN,
        "Operating Income": NaN,
        "Operating Expense": NaN,
        "Depreciation Amortization Depletion Income Statement": NaN,
        "Depreciation And Amortization In Income Statement": NaN,
        "Amortization": NaN,
        "Amortization Of Intangibles Income Statement": NaN,
        "Selling General And Administration": NaN,
        "Gross Profit": NaN,
        "Cost Of Revenue": NaN,
        "Total Revenue": NaN,
        "Operating Revenue": NaN
    },
    "2023-01-31": {
        "Tax Effect Of Unusual Items": NaN,
        "Tax Rate For Calcs": NaN,
        "Normalized EBITDA": NaN,
        "Net Income From Continuing Operation Net Minority Interest": NaN,
        "Reconciled Depreciation": NaN,
        "Reconciled Cost Of Revenue": NaN,
        "EBITDA": NaN,
        "EBIT": NaN,
        "Net Interest Income": NaN,
        "Interest Expense": NaN,
        "Normalized Income": NaN,
        "Net Income From Continuing And Discontinued Operation": NaN,
        "Total Expenses": NaN,
        "Total Operating Income As Reported": NaN,
        "Diluted Average Shares": 11166000.0,
        "Basic Average Shares": 11166000.0,
        "Diluted EPS": -1.6,
        "Basic EPS": -1.6,
        "Diluted NI Availto Com Stockholders": NaN,
        "Net Income Common Stockholders": NaN,
        "Otherunder Preferred Stock Dividend": NaN,
        "Net Income": NaN,
        "Net Income Including Noncontrolling Interests": NaN,
        "Net Income Continuous Operations": NaN,
        "Tax Provision": NaN,
        "Pretax Income": NaN,
        "Other Income Expense": NaN,
        "Other Non Operating Income Expenses": NaN,
        "Net Non Operating Interest Income Expense": NaN,
        "Interest Expense Non Operating": NaN,
        "Operating Income": NaN,
        "Operating Expense": NaN,
        "Depreciation Amortization Depletion Income Statement": NaN,
        "Depreciation And Amortization In Income Statement": NaN,
        "Amortization": NaN,
        "Amortization Of Intangibles Income Statement": NaN,
        "Selling General And Administration": NaN,
        "Gross Profit": NaN,
        "Cost Of Revenue": NaN,
        "Total Revenue": NaN,
        "Operating Revenue": NaN
    },
    "2022-10-31": {
        "Tax Effect Of Unusual Items": NaN,
        "Tax Rate For Calcs": NaN,
        "Normalized EBITDA": NaN,
        "Net Income From Continuing Operation Net Minority Interest": NaN,
        "Reconciled Depreciation": NaN,
        "Reconciled Cost Of Revenue": NaN,
        "EBITDA": NaN,
        "EBIT": NaN,
        "Net Interest Income": NaN,
        "Interest Expense": NaN,
        "Normalized Income": NaN,
        "Net Income From Continuing And Discontinued Operation": NaN,
        "Total Expenses": NaN,
        "Total Operating Income As Reported": NaN,
        "Diluted Average Shares": 11525000.0,
        "Basic Average Shares": 11465000.0,
        "Diluted EPS": 0.42,
        "Basic EPS": 0.42,
        "Diluted NI Availto Com Stockholders": NaN,
        "Net Income Common Stockholders": NaN,
        "Otherunder Preferred Stock Dividend": NaN,
        "Net Income": NaN,
        "Net Income Including Noncontrolling Interests": NaN,
        "Net Income Continuous Operations": NaN,
        "Tax Provision": NaN,
        "Pretax Income": NaN,
        "Other Income Expense": NaN,
        "Other Non Operating Income Expenses": NaN,
        "Net Non Operating Interest Income Expense": NaN,
        "Interest Expense Non Operating": NaN,
        "Operating Income": NaN,
        "Operating Expense": NaN,
        "Depreciation Amortization Depletion Income Statement": NaN,
        "Depreciation And Amortization In Income Statement": NaN,
        "Amortization": NaN,
        "Amortization Of Intangibles Income Statement": NaN,
        "Selling General And Administration": NaN,
        "Gross Profit": NaN,
        "Cost Of Revenue": NaN,
        "Total Revenue": NaN,
        "Operating Revenue": NaN
    },
    "2022-07-31": {
        "Tax Effect Of Unusual Items": 0.0,
        "Tax Rate For Calcs": 0.22627,
        "Normalized EBITDA": 9369000.0,
        "Total Unusual Items": NaN,
        "Total Unusual Items Excluding Goodwill": NaN,
        "Net Income From Continuing Operation Net Minority Interest": 5543000.0,
        "Reconciled Depreciation": 2122000.0,
        "Reconciled Cost Of Revenue": 120609000.0,
        "EBITDA": 9369000.0,
        "EBIT": 7247000.0,
        "Net Interest Income": -83000.0,
        "Interest Expense": 83000.0,
        "Interest Income": NaN,
        "Normalized Income": 5543000.0,
        "Net Income From Continuing And Discontinued Operation": 5543000.0,
        "Total Expenses": 145617000.0,
        "Total Operating Income As Reported": 7291000.0,
        "Diluted Average Shares": 11935000.0,
        "Basic Average Shares": 11876000.0,
        "Diluted EPS": 0.46,
        "Basic EPS": 0.47,
        "Diluted NI Availto Com Stockholders": 5543000.0,
        "Net Income Common Stockholders": 5543000.0,
        "Otherunder Preferred Stock Dividend": 90000.0,
        "Net Income": 5543000.0,
        "Net Income Including Noncontrolling Interests": 5543000.0,
        "Net Income Continuous Operations": 5543000.0,
        "Tax Provision": 1621000.0,
        "Pretax Income": 7164000.0,
        "Other Income Expense": -44000.0,
        "Other Non Operating Income Expenses": -44000.0,
        "Special Income Charges": NaN,
        "Impairment Of Capital Assets": NaN,
        "Net Non Operating Interest Income Expense": -83000.0,
        "Interest Expense Non Operating": 83000.0,
        "Interest Income Non Operating": NaN,
        "Operating Income": 7291000.0,
        "Operating Expense": 23764000.0,
        "Depreciation Amortization Depletion Income Statement": 878000.0,
        "Depreciation And Amortization In Income Statement": 878000.0,
        "Amortization": 878000.0,
        "Amortization Of Intangibles Income Statement": 878000.0,
        "Selling General And Administration": 22886000.0,
        "Gross Profit": 31055000.0,
        "Cost Of Revenue": 121853000.0,
        "Total Revenue": 152908000.0,
        "Operating Revenue": 152908000.0
    },
    "2022-04-30": {
        "Diluted EPS": 0.26,
        "Total Revenue": 147,
        "Gross Profit": 29,
        "Operating Income": 4,
        "EBIT": 6,
        "Net Income": 3
    },
    "2022-01-31": {
        "Diluted EPS": -0.33,
        "Total Revenue": 135,
        "Gross Profit": 16,
        "Operating Income": -5,
        "EBIT": -3,
        "Net Income": -4
    },
    "2021-10-31": {
        "Diluted EPS": -0.1,
        "Total Revenue": 133,
        "Gross Profit": 20,
        "Operating Income": -2,
        "EBIT": 0,
        "Net Income": -1
    },
    "2021-07-31": {
        "Diluted EPS": 0.62,
        "Total Revenue": 163,
        "Gross Profit": 32,
        "Operating Income": 10,
        "EBIT": 12,
        "Net Income": 7
    },
    "2021-04-30": {
        "Diluted EPS": 0.78,
        "Total Revenue": 163,
        "Gross Profit": 34,
        "Operating Income": 12,
        "EBIT": 14,
        "Net Income": 9
    },
    "2021-01-31": {
        "Diluted EPS": 0.75,
        "Total Revenue": 155,
        "Gross Profit": 34,
        "Operating Income": 11,
        "EBIT": 12,
        "Net Income": 9
    },
    "2020-10-31": {
        "Diluted EPS": 0.84,
        "Total Revenue": 150,
        "Gross Profit": 33,
        "Operating Income": 13,
        "EBIT": 15,
        "Net Income": 10
    },
    "2020-07-31": {
        "Diluted EPS": 0.48,
        "Total Revenue": 131,
        "Gross Profit": 27,
        "Operating Income": 8,
        "EBIT": 9,
        "Net Income": 6
    },
    "2020-04-30": {
        "Diluted EPS": -2.95,
        "Total Revenue": 105,
        "Gross Profit": 19,
        "Operating Income": -45,
        "EBIT": 1,
        "Net Income": -35
    },
    "2020-01-31": {
        "Diluted EPS": 0.59,
        "Total Revenue": 165,
        "Gross Profit": 31,
        "Operating Income": 9,
        "EBIT": 11,
        "Net Income": 7
    },
    "2019-10-31": {
        "Diluted EPS": 0.33,
        "Total Revenue": 158,
        "Gross Profit": 28,
        "Operating Income": 5,
        "EBIT": 7,
        "Net Income": 4
    },
    "2019-07-31": {
        "Diluted EPS": 0.35,
        "Total Revenue": 152,
        "Gross Profit": 29,
        "Operating Income": 6,
        "EBIT": 8,
        "Net Income": 4
    },
    "2019-04-30": {
        "Diluted EPS": 0.17,
        "Total Revenue": 136,
        "Gross Profit": 26,
        "Operating Income": 3,
        "EBIT": 5,
        "Net Income": 2
    },
    "2019-01-31": {
        "Diluted EPS": 1.24,
        "Total Revenue": 200,
        "Gross Profit": 44,
        "Operating Income": 19,
        "EBIT": 21,
        "Net Income": 15
    },
    "2018-10-31": {
        "Diluted EPS": 0.79,
        "Total Revenue": 171,
        "Gross Profit": 36,
        "Operating Income": 12,
        "EBIT": 14,
        "Net Income": 9
    },
    "2018-07-31": {
        "Diluted EPS": 0.74,
        "Total Revenue": 169,
        "Gross Profit": 36,
        "Operating Income": 12,
        "EBIT": 14,
        "Net Income": 9
    },
    "2018-04-30": {
        "Diluted EPS": 0.61,
        "Total Revenue": 143,
        "Gross Profit": 32,
        "Operating Income": 9,
        "EBIT": 11,
        "Net Income": 7
    },
    "2018-01-31": {
        "Diluted EPS": 0.73,
        "Total Revenue": 176,
        "Gross Profit": 39,
        "Operating Income": 15,
        "EBIT": 17,
        "Net Income": 8
    },
    "2017-10-31": {
        "Diluted EPS": 0.61,
        "Total Revenue": 158,
        "Gross Profit": 34,
        "Operating Income": 11,
        "EBIT": 13,
        "Net Income": 7
    },
    "2017-07-31": {
        "Diluted EPS": 0.67,
        "Total Revenue": 156,
        "Gross Profit": 33,
        "Operating Income": 12,
        "EBIT": 13,
        "Net Income": 8
    },
    "2017-04-30": {
        "Diluted EPS": 0.41,
        "Total Revenue": 131,
        "Gross Profit": 28,
        "Operating Income": 7,
        "EBIT": 9,
        "Net Income": 5
    },
    "2017-01-31": {
        "Diluted EPS": 0.94,
        "Total Revenue": 174,
        "Gross Profit": 40,
        "Operating Income": 18,
        "EBIT": 19,
        "Net Income": 11
    },
    "2016-10-31": {
        "Diluted EPS": 0.56,
        "Total Revenue": 145,
        "Gross Profit": 31,
        "Operating Income": 10,
        "EBIT": 12,
        "Net Income": 6
    },
    "2016-07-31": {
        "Diluted EPS": 0.46,
        "Total Revenue": 136,
        "Gross Profit": 28,
        "Operating Income": 8,
        "EBIT": 10,
        "Net Income": 5
    },
    "2016-04-30": {
        "Diluted EPS": 0.22,
        "Total Revenue": 122,
        "Gross Profit": 27,
        "Operating Income": 4,
        "EBIT": 7,
        "Net Income": 2
    },
    "2016-01-31": {
        "Diluted EPS": 0.38,
        "Total Revenue": 61,
        "Gross Profit": 18,
        "Operating Income": 7,
        "EBIT": 7,
        "Net Income": 4
    },
    "2015-10-31": {
        "Diluted EPS": 0.43,
        "Total Revenue": 65,
        "Gross Profit": 18,
        "Operating Income": 7,
        "EBIT": 7,
        "Net Income": 5
    },
    "2015-07-31": {
        "Diluted EPS": 0.36,
        "Total Revenue": 60,
        "Gross Profit": 16,
        "Operating Income": 6,
        "EBIT": 7,
        "Net Income": 4
    },
    "2015-04-30": {
        "Diluted EPS": 0.32,
        "Total Revenue": 61,
        "Gross Profit": 16,
        "Operating Income": 5,
        "EBIT": 6,
        "Net Income": 3
    },
    "2015-01-31": {
        "Diluted EPS": 0.39,
        "Total Revenue": 65,
        "Gross Profit": 18,
        "Operating Income": 7,
        "EBIT": 7,
        "Net Income": 4
    },
    "2014-10-31": {
        "Diluted EPS": 0.3,
        "Total Revenue": 63,
        "Gross Profit": 16,
        "Operating Income": 5,
        "EBIT": 6,
        "Net Income": 3
    },
    "2014-07-31": {
        "Diluted EPS": 0.21,
        "Total Revenue": 55,
        "Gross Profit": 14,
        "Operating Income": 3,
        "EBIT": 4,
        "Net Income": 2
    },
    "2014-04-30": {
        "Diluted EPS": 0.26,
        "Total Revenue": 61,
        "Gross Profit": 16,
        "Operating Income": 4,
        "EBIT": 5,
        "Net Income": 3
    },
    "2014-01-31": {
        "Diluted EPS": 0.18,
        "Total Revenue": 58,
        "Gross Profit": 14,
        "Operating Income": 3,
        "EBIT": 4,
        "Net Income": 2
    },
    "2013-10-31": {
        "Diluted EPS": 0.2,
        "Total Revenue": 59,
        "Gross Profit": 14,
        "Operating Income": 3,
        "EBIT": 4,
        "Net Income": 2
    },
    "2013-07-31": {
        "Diluted EPS": 0.16,
        "Total Revenue": 55,
        "Gross Profit": 13,
        "Operating Income": 3,
        "EBIT": 3,
        "Net Income": 2
    },
    "2013-04-30": {
        "Diluted EPS": 0.2,
        "Total Revenue": 56,
        "Gross Profit": 14,
        "Operating Income": 3,
        "EBIT": 4,
        "Net Income": 2
    },
    "2013-01-31": {
        "Diluted EPS": 0.34,
        "Total Revenue": 60,
        "Gross Profit": 17,
        "Operating Income": 5,
        "EBIT": 6,
        "Net Income": 4
    },
    "2012-10-31": {
        "Diluted EPS": 0.23,
        "Total Revenue": 57,
        "Gross Profit": 14,
        "Operating Income": 4,
        "EBIT": 5,
        "Net Income": 2
    },
    "2012-07-31": {
        "Diluted EPS": 0.14,
        "Total Revenue": 50,
        "Gross Profit": 11,
        "Operating Income": 2,
        "EBIT": 3,
        "Net Income": 1
    },
    "2012-04-30": {
        "Diluted EPS": 0.09,
        "Total Revenue": 52,
        "Gross Profit": 11,
        "Operating Income": 2,
        "EBIT": 2,
        "Net Income": 1
    },
    "2012-01-31": {
        "Diluted EPS": 0.06,
        "Total Revenue": 54,
        "Gross Profit": 13,
        "Operating Income": 1,
        "EBIT": 1,
        "Net Income": 1
    },
    "2011-10-31": {
        "Diluted EPS": 0.21,
        "Total Revenue": 54,
        "Gross Profit": 13,
        "Operating Income": 3,
        "EBIT": 3,
        "Net Income": 2
    },
    "2011-07-31": {
        "Diluted EPS": 0.15,
        "Total Revenue": 56,
        "Gross Profit": 12,
        "Operating Income": 2,
        "EBIT": 3,
        "Net Income": 2
    },
    "2011-04-30": {
        "Diluted EPS": 0.05,
        "Total Revenue": 58,
        "Gross Profit": 11,
        "Operating Income": 1,
        "EBIT": 1,
        "Net Income": 1
    },
    "2011-01-31": {
        "Diluted EPS": -0.02,
        "Total Revenue": 55,
        "Gross Profit": 11,
        "Operating Income": -1,
        "EBIT": 0,
        "Net Income": 0
    },
    "2010-10-31": {
        "Diluted EPS": 0.11,
        "Total Revenue": 56,
        "Gross Profit": 12,
        "Operating Income": 2,
        "EBIT": 2,
        "Net Income": 1
    },
    "2010-07-31": {
        "Diluted EPS": 0.11,
        "Total Revenue": 53,
        "Gross Profit": 12,
        "Operating Income": 2,
        "EBIT": 2,
        "Net Income": 1
    },
    "2010-04-30": {
        "Diluted EPS": 0.1,
        "Total Revenue": 51,
        "Gross Profit": 12,
        "Operating Income": 2,
        "EBIT": 2,
        "Net Income": 1
    },
    "2010-01-31": {
        "Diluted EPS": 0.27,
        "Total Revenue": 53,
        "Gross Profit": 15,
        "Operating Income": 5,
        "EBIT": 5,
        "Net Income": 3
    },
    "2009-10-31": {
        "Diluted EPS": 0.09,
        "Total Revenue": 53,
        "Gross Profit": 13,
        "Operating Income": 2,
        "EBIT": 3,
        "Net Income": 1
    },
    "2009-07-31": {
        "Diluted EPS": -0.04,
        "Total Revenue": 46,
        "Gross Profit": 10,
        "Operating Income": 0,
        "EBIT": 0,
        "Net Income": 0
    },
    "2009-04-30": {
        "Diluted EPS": -0.04,
        "Total Revenue": 52,
        "Gross Profit": 11,
        "Operating Income": -1,
        "EBIT": 0,
        "Net Income": 0
    },
    "2009-01-31": {
        "Diluted EPS": -0.06,
        "Total Revenue": 57,
        "Gross Profit": 14,
        "Operating Income": -1,
        "EBIT": -1,
        "Net Income": -1
    },
    "2023-07-31": {
        "Tax Effect Of Unusual Items": NaN,
        "Tax Rate For Calcs": NaN,
        "Normalized EBITDA": NaN,
        "Total Unusual Items": NaN,
        "Total Unusual Items Excluding Goodwill": NaN,
        "Net Income From Continuing Operation Net Minority Interest": NaN,
        "Reconciled Depreciation": NaN,
        "Reconciled Cost Of Revenue": NaN,
        "EBITDA": NaN,
        "EBIT": NaN,
        "Net Interest Income": NaN,
        "Interest Expense": NaN,
        "Normalized Income": NaN,
        "Net Income From Continuing And Discontinued Operation": NaN,
        "Total Expenses": NaN,
        "Total Operating Income As Reported": NaN,
        "Diluted Average Shares": 10828000.0,
        "Basic Average Shares": 10732000.0,
        "Diluted EPS": 0.07,
        "Basic EPS": 0.07,
        "Diluted NI Availto Com Stockholders": NaN,
        "Net Income Common Stockholders": NaN,
        "Otherunder Preferred Stock Dividend": NaN,
        "Net Income": NaN,
        "Net Income Including Noncontrolling Interests": NaN,
        "Net Income Continuous Operations": NaN,
        "Tax Provision": NaN,
        "Pretax Income": NaN,
        "Other Income Expense": NaN,
        "Other Non Operating Income Expenses": NaN,
        "Special Income Charges": NaN,
        "Impairment Of Capital Assets": NaN,
        "Net Non Operating Interest Income Expense": NaN,
        "Interest Expense Non Operating": NaN,
        "Operating Income": NaN,
        "Operating Expense": NaN,
        "Depreciation Amortization Depletion Income Statement": NaN,
        "Depreciation And Amortization In Income Statement": NaN,
        "Amortization": NaN,
        "Amortization Of Intangibles Income Statement": NaN,
        "Selling General And Administration": NaN,
        "Gross Profit": NaN,
        "Cost Of Revenue": NaN,
        "Total Revenue": NaN,
        "Operating Revenue": NaN
    },
    "2023-10-31": {
        "Tax Effect Of Unusual Items": NaN,
        "Tax Rate For Calcs": NaN,
        "Normalized EBITDA": NaN,
        "Total Unusual Items": 0.0,
        "Total Unusual Items Excluding Goodwill": 0.0,
        "Net Income From Continuing Operation Net Minority Interest": NaN,
        "Reconciled Depreciation": NaN,
        "Reconciled Cost Of Revenue": NaN,
        "EBITDA": NaN,
        "EBIT": NaN,
        "Net Interest Income": NaN,
        "Interest Expense": NaN,
        "Normalized Income": NaN,
        "Net Income From Continuing And Discontinued Operation": NaN,
        "Total Expenses": NaN,
        "Total Operating Income As Reported": NaN,
        "Diluted Average Shares": NaN,
        "Basic Average Shares": NaN,
        "Diluted EPS": NaN,
        "Basic EPS": NaN,
        "Diluted NI Availto Com Stockholders": NaN,
        "Net Income Common Stockholders": NaN,
        "Otherunder Preferred Stock Dividend": NaN,
        "Net Income": NaN,
        "Net Income Including Noncontrolling Interests": NaN,
        "Net Income Continuous Operations": NaN,
        "Tax Provision": NaN,
        "Pretax Income": NaN,
        "Other Income Expense": NaN,
        "Other Non Operating Income Expenses": NaN,
        "Special Income Charges": 0.0,
        "Impairment Of Capital Assets": 0.0,
        "Net Non Operating Interest Income Expense": NaN,
        "Interest Expense Non Operating": NaN,
        "Operating Income": NaN,
        "Operating Expense": NaN,
        "Depreciation Amortization Depletion Income Statement": NaN,
        "Depreciation And Amortization In Income Statement": NaN,
        "Amortization": NaN,
        "Amortization Of Intangibles Income Statement": NaN,
        "Selling General And Administration": NaN,
        "Gross Profit": NaN,
        "Cost Of Revenue": NaN,
        "Total Revenue": NaN,
        "Operating Revenue": NaN
    },
    "2024-01-31": {
        "Tax Effect Of Unusual Items": NaN,
        "Tax Rate For Calcs": NaN,
        "Normalized EBITDA": NaN,
        "Total Unusual Items": NaN,
        "Total Unusual Items Excluding Goodwill": NaN,
        "Net Income From Continuing Operation Net Minority Interest": NaN,
        "Reconciled Depreciation": NaN,
        "Reconciled Cost Of Revenue": NaN,
        "EBITDA": NaN,
        "EBIT": NaN,
        "Net Interest Income": NaN,
        "Interest Expense": NaN,
        "Normalized Income": NaN,
        "Net Income From Continuing And Discontinued Operation": NaN,
        "Total Expenses": NaN,
        "Total Operating Income As Reported": NaN,
        "Diluted Average Shares": 10675000.0,
        "Basic Average Shares": 10490000.0,
        "Diluted EPS": 0.06,
        "Basic EPS": 0.06,
        "Diluted NI Availto Com Stockholders": NaN,
        "Net Income Common Stockholders": NaN,
        "Otherunder Preferred Stock Dividend": NaN,
        "Net Income": NaN,
        "Net Income Including Noncontrolling Interests": NaN,
        "Net Income Continuous Operations": NaN,
        "Tax Provision": NaN,
        "Pretax Income": NaN,
        "Other Income Expense": NaN,
        "Other Non Operating Income Expenses": NaN,
        "Special Income Charges": NaN,
        "Impairment Of Capital Assets": NaN,
        "Net Non Operating Interest Income Expense": NaN,
        "Interest Expense Non Operating": NaN,
        "Operating Income": NaN,
        "Operating Expense": NaN,
        "Depreciation Amortization Depletion Income Statement": NaN,
        "Depreciation And Amortization In Income Statement": NaN,
        "Amortization": NaN,
        "Amortization Of Intangibles Income Statement": NaN,
        "Selling General And Administration": NaN,
        "Gross Profit": NaN,
        "Cost Of Revenue": NaN,
        "Total Revenue": NaN,
        "Operating Revenue": NaN
    },
    "2024-04-30": {
        "Tax Effect Of Unusual Items": NaN,
        "Tax Rate For Calcs": 0.166,
        "Normalized EBITDA": NaN,
        "Total Unusual Items": NaN,
        "Total Unusual Items Excluding Goodwill": NaN,
        "Net Income From Continuing Operation Net Minority Interest": NaN,
        "Reconciled Depreciation": NaN,
        "Reconciled Cost Of Revenue": 72991000.0,
        "EBITDA": -2260000.0,
        "EBIT": NaN,
        "Net Interest Income": NaN,
        "Interest Expense": NaN,
        "Normalized Income": -4091000.0,
        "Net Income From Continuing And Discontinued Operation": NaN,
        "Total Expenses": NaN,
        "Total Operating Income As Reported": -5170000.0,
        "Diluted Average Shares": NaN,
        "Basic Average Shares": 10496000.0,
        "Diluted EPS": NaN,
        "Basic EPS": -0.39,
        "Diluted NI Availto Com Stockholders": NaN,
        "Net Income Common Stockholders": NaN,
        "Otherunder Preferred Stock Dividend": 41000.0,
        "Net Income": NaN,
        "Net Income Including Noncontrolling Interests": NaN,
        "Net Income Continuous Operations": NaN,
        "Tax Provision": NaN,
        "Pretax Income": -4907000.0,
        "Other Income Expense": NaN,
        "Other Non Operating Income Expenses": NaN,
        "Special Income Charges": NaN,
        "Impairment Of Capital Assets": NaN,
        "Net Non Operating Interest Income Expense": NaN,
        "Interest Expense Non Operating": NaN,
        "Operating Income": -5170000.0,
        "Operating Expense": 24391000.0,
        "Depreciation Amortization Depletion Income Statement": 924000.0,
        "Depreciation And Amortization In Income Statement": NaN,
        "Amortization": NaN,
        "Amortization Of Intangibles Income Statement": NaN,
        "Selling General And Administration": NaN,
        "Gross Profit": 19221000.0,
        "Cost Of Revenue": 74350000.0,
        "Total Revenue": 93571000.0,
        "Operating Revenue": NaN
    },
    "2024-07-31": {
        "Tax Effect Of Unusual Items": 0.0,
        "Tax Rate For Calcs": 0.21,
        "Normalized EBITDA": 671000.0,
        "Total Unusual Items": NaN,
        "Total Unusual Items Excluding Goodwill": NaN,
        "Net Income From Continuing Operation Net Minority Interest": -1951000.0,
        "Reconciled Depreciation": 2334000.0,
        "Reconciled Cost Of Revenue": 72749000.0,
        "EBITDA": 671000.0,
        "EBIT": -1663000.0,
        "Net Interest Income": -203000.0,
        "Interest Expense": 203000.0,
        "Normalized Income": -1951000.0,
        "Net Income From Continuing And Discontinued Operation": -1951000.0,
        "Total Expenses": 98230000.0,
        "Total Operating Income As Reported": -3149000.0,
        "Diluted Average Shares": NaN,
        "Basic Average Shares": NaN,
        "Diluted EPS": NaN,
        "Basic EPS": NaN,
        "Diluted NI Availto Com Stockholders": -1992000.0,
        "Net Income Common Stockholders": -1992000.0,
        "Otherunder Preferred Stock Dividend": 41000.0,
        "Net Income": -1951000.0,
        "Net Income Including Noncontrolling Interests": -1951000.0,
        "Net Income Continuous Operations": -1951000.0,
        "Tax Provision": 85000.0,
        "Pretax Income": -1866000.0,
        "Other Income Expense": 1486000.0,
        "Other Non Operating Income Expenses": 1486000.0,
        "Special Income Charges": NaN,
        "Impairment Of Capital Assets": NaN,
        "Net Non Operating Interest Income Expense": -203000.0,
        "Interest Expense Non Operating": 203000.0,
        "Operating Income": -3149000.0,
        "Operating Expense": 24071000.0,
        "Depreciation Amortization Depletion Income Statement": 924000.0,
        "Depreciation And Amortization In Income Statement": 924000.0,
        "Amortization": 924000.0,
        "Amortization Of Intangibles Income Statement": 924000.0,
        "Selling General And Administration": 23147000.0,
        "Gross Profit": 20922000.0,
        "Cost Of Revenue": 74159000.0,
        "Total Revenue": 95081000.0,
        "Operating Revenue": 95081000.0
    },
    "2024-10-31": {
        "Tax Effect Of Unusual Items": -199936.0,
        "Tax Rate For Calcs": 0.256,
        "Normalized EBITDA": -2554000.0,
        "Total Unusual Items": -781000.0,
        "Total Unusual Items Excluding Goodwill": -781000.0,
        "Net Income From Continuing Operation Net Minority Interest": -3581000.0,
        "Reconciled Depreciation": 1157000.0,
        "Reconciled Cost Of Revenue": 61736000.0,
        "EBITDA": -3335000.0,
        "EBIT": -4492000.0,
        "Net Interest Income": -319000.0,
        "Interest Expense": 319000.0,
        "Normalized Income": -2999936.0,
        "Net Income From Continuing And Discontinued Operation": -4131000.0,
        "Total Expenses": 86993000.0,
        "Total Operating Income As Reported": -5104000.0,
        "Diluted Average Shares": 10541000.0,
        "Basic Average Shares": 10541000.0,
        "Diluted EPS": -0.39,
        "Basic EPS": -0.39,
        "Diluted NI Availto Com Stockholders": -4169000.0,
        "Net Income Common Stockholders": -4169000.0,
        "Otherunder Preferred Stock Dividend": 38000.0,
        "Net Income": -4131000.0,
        "Net Income Including Noncontrolling Interests": -4131000.0,
        "Net Income Discontinuous Operations": -550000.0,
        "Net Income Continuous Operations": -3581000.0,
        "Tax Provision": -1230000.0,
        "Pretax Income": -4811000.0,
        "Other Income Expense": -169000.0,
        "Other Non Operating Income Expenses": 612000.0,
        "Special Income Charges": -781000.0,
        "Impairment Of Capital Assets": 781000.0,
        "Net Non Operating Interest Income Expense": -319000.0,
        "Interest Expense Non Operating": 319000.0,
        "Operating Income": -4323000.0,
        "Operating Expense": 24787000.0,
        "Depreciation Amortization Depletion Income Statement": 687000.0,
        "Depreciation And Amortization In Income Statement": 687000.0,
        "Amortization": 687000.0,
        "Amortization Of Intangibles Income Statement": 687000.0,
        "Selling General And Administration": 24100000.0,
        "Gross Profit": 20464000.0,
        "Cost Of Revenue": 62206000.0,
        "Total Revenue": 82670000.0,
        "Operating Revenue": 82670000.0
    },
    "2025-01-31": {
        "Tax Effect Of Unusual Items": -115104.655493,
        "Tax Rate For Calcs": 0.131099,
        "Normalized EBITDA": 880000.0,
        "Total Unusual Items": -878000.0,
        "Total Unusual Items Excluding Goodwill": -878000.0,
        "Net Income From Continuing Operation Net Minority Interest": -2333000.0,
        "Reconciled Depreciation": 2299000.0,
        "Reconciled Cost Of Revenue": 78753000.0,
        "EBITDA": 2000.0,
        "EBIT": -2297000.0,
        "Net Interest Income": -388000.0,
        "Interest Expense": 388000.0,
        "Normalized Income": -1570104.655493,
        "Net Income From Continuing And Discontinued Operation": -2333000.0,
        "Total Expenses": 106237000.0,
        "Total Operating Income As Reported": -2655000.0,
        "Diluted Average Shares": 10542000.0,
        "Basic Average Shares": 10542000.0,
        "Diluted EPS": -0.22,
        "Basic EPS": -0.22,
        "Diluted NI Availto Com Stockholders": -2372000.0,
        "Net Income Common Stockholders": -2372000.0,
        "Otherunder Preferred Stock Dividend": 39000.0,
        "Net Income": -2333000.0,
        "Net Income Including Noncontrolling Interests": -2333000.0,
        "Net Income Discontinuous Operations": NaN,
        "Net Income Continuous Operations": -2333000.0,
        "Tax Provision": -352000.0,
        "Pretax Income": -2685000.0,
        "Other Income Expense": -520000.0,
        "Other Non Operating Income Expenses": 358000.0,
        "Special Income Charges": -878000.0,
        "Impairment Of Capital Assets": 878000.0,
        "Net Non Operating Interest Income Expense": -388000.0,
        "Interest Expense Non Operating": 388000.0,
        "Operating Income": -1777000.0,
        "Operating Expense": 26107000.0,
        "Depreciation Amortization Depletion Income Statement": 922000.0,
        "Depreciation And Amortization In Income Statement": 922000.0,
        "Amortization": 922000.0,
        "Amortization Of Intangibles Income Statement": 922000.0,
        "Selling General And Administration": 25185000.0,
        "Gross Profit": 24330000.0,
        "Cost Of Revenue": 80130000.0,
        "Total Revenue": 104460000.0,
        "Operating Revenue": 104460000.0
    },
    "2025-04-30": {
        "Tax Effect Of Unusual Items": 0.0,
        "Tax Rate For Calcs": 0.2,
        "Normalized EBITDA": -1235000.0,
        "Total Unusual Items": NaN,
        "Total Unusual Items Excluding Goodwill": NaN,
        "Net Income From Continuing Operation Net Minority Interest": -3052000.0,
        "Reconciled Depreciation": 2203000.0,
        "Reconciled Cost Of Revenue": 65024000.0,
        "EBITDA": -1235000.0,
        "EBIT": -3438000.0,
        "Net Interest Income": -378000.0,
        "Interest Expense": 378000.0,
        "Normalized Income": -3052000.0,
        "Net Income From Continuing And Discontinued Operation": -3052000.0,
        "Total Expenses": 88880000.0,
        "Total Operating Income As Reported": -3564000.0,
        "Diluted Average Shares": 10563000.0,
        "Basic Average Shares": 10563000.0,
        "Diluted EPS": -0.29,
        "Basic EPS": -0.29,
        "Diluted NI Availto Com Stockholders": -3085000.0,
        "Net Income Common Stockholders": -3085000.0,
        "Otherunder Preferred Stock Dividend": 33000.0,
        "Net Income": -3052000.0,
        "Net Income Including Noncontrolling Interests": -3052000.0,
        "Net Income Discontinuous Operations": NaN,
        "Net Income Continuous Operations": -3052000.0,
        "Tax Provision": -764000.0,
        "Pretax Income": -3816000.0,
        "Other Income Expense": 126000.0,
        "Other Non Operating Income Expenses": 126000.0,
        "Special Income Charges": NaN,
        "Impairment Of Capital Assets": NaN,
        "Net Non Operating Interest Income Expense": -378000.0,
        "Interest Expense Non Operating": 378000.0,
        "Operating Income": -3564000.0,
        "Operating Expense": 22566000.0,
        "Depreciation Amortization Depletion Income Statement": 913000.0,
        "Depreciation And Amortization In Income Statement": 913000.0,
        "Amortization": 913000.0,
        "Amortization Of Intangibles Income Statement": 913000.0,
        "Selling General And Administration": 21653000.0,
        "Gross Profit": 19002000.0,
        "Cost Of Revenue": 66314000.0,
        "Total Revenue": 85316000.0,
        "Operating Revenue": 85316000.0
    },
    "2025-07-31": {
        "Tax Effect Of Unusual Items": 0.0,
        "Tax Rate For Calcs": 0.268527,
        "Normalized EBITDA": -2137000.0,
        "Total Unusual Items": NaN,
        "Total Unusual Items Excluding Goodwill": NaN,
        "Net Income From Continuing Operation Net Minority Interest": -3277000.0,
        "Reconciled Depreciation": 2172000.0,
        "Reconciled Cost Of Revenue": 64012000.0,
        "EBITDA": -2137000.0,
        "EBIT": -4309000.0,
        "Net Interest Income": -171000.0,
        "Interest Expense": 171000.0,
        "Normalized Income": -3277000.0,
        "Net Income From Continuing And Discontinued Operation": -3277000.0,
        "Total Expenses": 86550000.0,
        "Total Operating Income As Reported": -4401000.0,
        "Diluted Average Shares": 10612000.0,
        "Basic Average Shares": 10612000.0,
        "Diluted EPS": -0.31,
        "Basic EPS": -0.31,
        "Diluted NI Availto Com Stockholders": -3306000.0,
        "Net Income Common Stockholders": -3306000.0,
        "Otherunder Preferred Stock Dividend": 29000.0,
        "Net Income": -3277000.0,
        "Net Income Including Noncontrolling Interests": -3277000.0,
        "Net Income Discontinuous Operations": NaN,
        "Net Income Continuous Operations": -3277000.0,
        "Tax Provision": -1203000.0,
        "Pretax Income": -4480000.0,
        "Other Income Expense": 92000.0,
        "Other Non Operating Income Expenses": 92000.0,
        "Special Income Charges": NaN,
        "Impairment Of Capital Assets": NaN,
        "Net Non Operating Interest Income Expense": -171000.0,
        "Interest Expense Non Operating": 171000.0,
        "Operating Income": -4401000.0,
        "Operating Expense": 21238000.0,
        "Depreciation Amortization Depletion Income Statement": 872000.0,
        "Depreciation And Amortization In Income Statement": 872000.0,
        "Amortization": 872000.0,
        "Amortization Of Intangibles Income Statement": 872000.0,
        "Selling General And Administration": 20366000.0,
        "Gross Profit": 16837000.0,
        "Cost Of Revenue": 65312000.0,
        "Total Revenue": 82149000.0,
        "Operating Revenue": 82149000.0
    },
    "2025-10-31": {
        "Tax Effect Of Unusual Items": -3473448.0,
        "Tax Rate For Calcs": 0.223,
        "Normalized EBITDA": 511000.0,
        "Total Unusual Items": -15576000.0,
        "Total Unusual Items Excluding Goodwill": -15576000.0,
        "Net Income From Continuing Operation Net Minority Interest": -12534000.0,
        "Reconciled Depreciation": 987000.0,
        "Reconciled Cost Of Revenue": 52278000.0,
        "EBITDA": -15065000.0,
        "EBIT": -16052000.0,
        "Net Interest Income": -86000.0,
        "Interest Expense": 86000.0,
        "Normalized Income": -431448.0,
        "Net Income From Continuing And Discontinued Operation": -21174000.0,
        "Total Expenses": 71469000.0,
        "Total Operating Income As Reported": -16315000.0,
        "Diluted Average Shares": 10624000.0,
        "Basic Average Shares": 10624000.0,
        "Diluted EPS": -1.99,
        "Basic EPS": -1.99,
        "Diluted NI Availto Com Stockholders": -21208000.0,
        "Net Income Common Stockholders": -21208000.0,
        "Otherunder Preferred Stock Dividend": 34000.0,
        "Net Income": -21174000.0,
        "Net Income Including Noncontrolling Interests": -21174000.0,
        "Net Income Discontinuous Operations": -8640000.0,
        "Net Income Continuous Operations": -12534000.0,
        "Tax Provision": -3604000.0,
        "Pretax Income": -16138000.0,
        "Other Income Expense": -15313000.0,
        "Other Non Operating Income Expenses": 263000.0,
        "Special Income Charges": -15576000.0,
        "Impairment Of Capital Assets": 15576000.0,
        "Net Non Operating Interest Income Expense": -86000.0,
        "Interest Expense Non Operating": 86000.0,
        "Operating Income": -739000.0,
        "Operating Expense": 18827000.0,
        "Depreciation Amortization Depletion Income Statement": 623000.0,
        "Depreciation And Amortization In Income Statement": 623000.0,
        "Amortization": 623000.0,
        "Amortization Of Intangibles Income Statement": 623000.0,
        "Selling General And Administration": 18204000.0,
        "Gross Profit": 18088000.0,
        "Cost Of Revenue": 52642000.0,
        "Total Revenue": 70730000.0,
        "Operating Revenue": 70730000.0
    }
}