{
    "2023-03-31": {
        "Tax Effect Of Unusual Items": -268272.47514,
        "Tax Rate For Calcs": 0.215653,
        "Normalized EBITDA": 18875000.0,
        "Total Unusual Items": -1244000.0,
        "Total Unusual Items Excluding Goodwill": -1244000.0,
        "Net Income From Continuing Operation Net Minority Interest": 11568000.0,
        "Reconciled Depreciation": 2596000.0,
        "Reconciled Cost Of Revenue": 122641000.0,
        "EBITDA": 17631000.0,
        "EBIT": 15035000.0,
        "Net Interest Income": 2689000.0,
        "Interest Expense": 252000.0,
        "Interest Income": 2941000.0,
        "Normalized Income": 12543727.52486,
        "Net Income From Continuing And Discontinued Operation": 11568000.0,
        "Total Expenses": 156614000.0,
        "Total Operating Income As Reported": 11022000.0,
        "Diluted Average Shares": 62127557.0,
        "Basic Average Shares": 61595286.0,
        "Diluted EPS": 0.19,
        "Basic EPS": 0.19,
        "Diluted NI Availto Com Stockholders": 11568000.0,
        "Net Income Common Stockholders": 11568000.0,
        "Net Income": 11568000.0,
        "Minority Interests": -27000.0,
        "Net Income Including Noncontrolling Interests": 11595000.0,
        "Net Income Continuous Operations": 11595000.0,
        "Tax Provision": 3188000.0,
        "Pretax Income": 14783000.0,
        "Other Income Expense": 1072000.0,
        "Other Non Operating Income Expenses": 1626000.0,
        "Special Income Charges": 0.0,
        "Gain On Sale Of Business": 0.0,
        "Write Off": 0.0,
        "Earnings From Equity Interest": 690000.0,
        "Gain On Sale Of Security": -1244000.0,
        "Net Non Operating Interest Income Expense": 2689000.0,
        "Interest Expense Non Operating": 252000.0,
        "Interest Income Non Operating": 2941000.0,
        "Operating Income": 11022000.0,
        "Operating Expense": 33973000.0,
        "Other Taxes": -8187000.0,
        "Research And Development": 15662000.0,
        "Selling General And Administration": 26498000.0,
        "Selling And Marketing Expense": 14577000.0,
        "General And Administrative Expense": 11921000.0,
        "Other Gand A": 11921000.0,
        "Gross Profit": 44995000.0,
        "Cost Of Revenue": 122641000.0,
        "Total Revenue": 167636000.0,
        "Operating Revenue": 167636000.0
    },
    "2022-12-31": {
        "Tax Effect Of Unusual Items": NaN,
        "Tax Rate For Calcs": NaN,
        "Normalized EBITDA": NaN,
        "Total Unusual Items": NaN,
        "Total Unusual Items Excluding Goodwill": NaN,
        "Net Income From Continuing Operation Net Minority Interest": NaN,
        "Reconciled Depreciation": NaN,
        "Reconciled Cost Of Revenue": NaN,
        "EBITDA": NaN,
        "EBIT": NaN,
        "Net Interest Income": NaN,
        "Interest Expense": NaN,
        "Interest Income": NaN,
        "Normalized Income": NaN,
        "Net Income From Continuing And Discontinued Operation": NaN,
        "Total Expenses": NaN,
        "Total Operating Income As Reported": NaN,
        "Diluted Average Shares": NaN,
        "Basic Average Shares": NaN,
        "Diluted EPS": NaN,
        "Basic EPS": NaN,
        "Diluted NI Availto Com Stockholders": NaN,
        "Net Income Common Stockholders": NaN,
        "Net Income": NaN,
        "Minority Interests": NaN,
        "Net Income Including Noncontrolling Interests": NaN,
        "Net Income Continuous Operations": NaN,
        "Tax Provision": NaN,
        "Pretax Income": NaN,
        "Other Income Expense": NaN,
        "Other Non Operating Income Expenses": NaN,
        "Special Income Charges": 0.0,
        "Gain On Sale Of Business": 0.0,
        "Write Off": 0.0,
        "Earnings From Equity Interest": NaN,
        "Gain On Sale Of Security": NaN,
        "Net Non Operating Interest Income Expense": NaN,
        "Interest Expense Non Operating": NaN,
        "Interest Income Non Operating": NaN,
        "Operating Income": NaN,
        "Operating Expense": NaN,
        "Other Taxes": NaN,
        "Research And Development": NaN,
        "Selling General And Administration": NaN,
        "Selling And Marketing Expense": NaN,
        "General And Administrative Expense": NaN,
        "Other Gand A": NaN,
        "Gross Profit": NaN,
        "Cost Of Revenue": NaN,
        "Total Revenue": NaN,
        "Operating Revenue": NaN
    },
    "2022-09-30": {
        "Tax Effect Of Unusual Items": 627793.531061,
        "Tax Rate For Calcs": 0.153232,
        "Normalized EBITDA": 24168000.0,
        "Total Unusual Items": 4097000.0,
        "Total Unusual Items Excluding Goodwill": 4097000.0,
        "Net Income From Continuing Operation Net Minority Interest": 21397000.0,
        "Reconciled Depreciation": 2801000.0,
        "Reconciled Cost Of Revenue": 117194000.0,
        "EBITDA": 28265000.0,
        "EBIT": 25464000.0,
        "Net Interest Income": 3018000.0,
        "Interest Expense": 143000.0,
        "Interest Income": 3161000.0,
        "Normalized Income": 17927793.531061,
        "Net Income From Continuing And Discontinued Operation": 21397000.0,
        "Total Expenses": 153498000.0,
        "Total Operating Income As Reported": 16543000.0,
        "Diluted Average Shares": 61940240.0,
        "Basic Average Shares": 61317302.0,
        "Diluted EPS": 0.35,
        "Basic EPS": 0.35,
        "Diluted NI Availto Com Stockholders": 21397000.0,
        "Net Income Common Stockholders": 21397000.0,
        "Net Income": 21397000.0,
        "Minority Interests": -44000.0,
        "Net Income Including Noncontrolling Interests": 21441000.0,
        "Net Income Continuous Operations": 21441000.0,
        "Tax Provision": 3880000.0,
        "Pretax Income": 25321000.0,
        "Other Income Expense": 5760000.0,
        "Other Non Operating Income Expenses": 1066000.0,
        "Special Income Charges": NaN,
        "Gain On Sale Of Business": NaN,
        "Write Off": NaN,
        "Earnings From Equity Interest": 597000.0,
        "Gain On Sale Of Security": 4097000.0,
        "Net Non Operating Interest Income Expense": 3018000.0,
        "Interest Expense Non Operating": 143000.0,
        "Interest Income Non Operating": 3161000.0,
        "Operating Income": 16543000.0,
        "Operating Expense": 36304000.0,
        "Other Taxes": -6801000.0,
        "Research And Development": 17359000.0,
        "Selling General And Administration": 25746000.0,
        "Selling And Marketing Expense": 13013000.0,
        "General And Administrative Expense": 12733000.0,
        "Other Gand A": 12733000.0,
        "Gross Profit": 52847000.0,
        "Cost Of Revenue": 117194000.0,
        "Total Revenue": 170041000.0,
        "Operating Revenue": 170041000.0
    },
    "2022-06-30": {
        "Tax Effect Of Unusual Items": 467915.0,
        "Tax Rate For Calcs": 0.145,
        "Normalized EBITDA": 26968000.0,
        "Total Unusual Items": 3227000.0,
        "Total Unusual Items Excluding Goodwill": 3227000.0,
        "Net Income From Continuing Operation Net Minority Interest": 23022000.0,
        "Reconciled Depreciation": 2949000.0,
        "Reconciled Cost Of Revenue": 120780000.0,
        "EBITDA": 30195000.0,
        "EBIT": 27246000.0,
        "Net Interest Income": 3222000.0,
        "Interest Expense": 141000.0,
        "Interest Income": 3363000.0,
        "Normalized Income": 20262915.0,
        "Net Income From Continuing And Discontinued Operation": 23022000.0,
        "Total Expenses": 162995000.0,
        "Total Operating Income As Reported": 19120000.0,
        "Diluted Average Shares": 61591216.0,
        "Basic Average Shares": 61195831.0,
        "Diluted EPS": 0.37,
        "Basic EPS": 0.38,
        "Diluted NI Availto Com Stockholders": 23022000.0,
        "Net Income Common Stockholders": 23022000.0,
        "Net Income": 23022000.0,
        "Minority Interests": -155000.0,
        "Net Income Including Noncontrolling Interests": 23177000.0,
        "Net Income Continuous Operations": 23177000.0,
        "Tax Provision": 3928000.0,
        "Pretax Income": 27105000.0,
        "Other Income Expense": 4763000.0,
        "Other Non Operating Income Expenses": 256000.0,
        "Special Income Charges": -773000.0,
        "Gain On Sale Of Business": 0.0,
        "Write Off": 773000.0,
        "Earnings From Equity Interest": 1280000.0,
        "Gain On Sale Of Security": 4000000.0,
        "Net Non Operating Interest Income Expense": 3222000.0,
        "Interest Expense Non Operating": 141000.0,
        "Interest Income Non Operating": 3363000.0,
        "Operating Income": 19120000.0,
        "Operating Expense": 42215000.0,
        "Other Taxes": -8600000.0,
        "Research And Development": 16629000.0,
        "Selling General And Administration": 34186000.0,
        "Selling And Marketing Expense": 10863000.0,
        "General And Administrative Expense": 23323000.0,
        "Other Gand A": 23323000.0,
        "Gross Profit": 61335000.0,
        "Cost Of Revenue": 120780000.0,
        "Total Revenue": 182115000.0,
        "Operating Revenue": 182115000.0
    },
    "2022-03-31": {
        "Diluted EPS": 0.26,
        "Total Revenue": 156,
        "Gross Profit": 48,
        "Operating Income": 17,
        "EBIT": 14,
        "Net Income": 16
    },
    "2021-12-31": {
        "Diluted EPS": 0.49,
        "Total Revenue": 216,
        "Gross Profit": 78,
        "Operating Income": 24,
        "EBIT": 24,
        "Net Income": 30
    },
    "2021-09-30": {
        "Diluted EPS": 0.23,
        "Total Revenue": 153,
        "Gross Profit": 52,
        "Operating Income": 15,
        "EBIT": 15,
        "Net Income": 14
    },
    "2021-06-30": {
        "Diluted EPS": 0.35,
        "Total Revenue": 159,
        "Gross Profit": 60,
        "Operating Income": 16,
        "EBIT": 17,
        "Net Income": 22
    },
    "2021-03-31": {
        "Diluted EPS": 0.26,
        "Total Revenue": 110,
        "Gross Profit": 41,
        "Operating Income": 17,
        "EBIT": 21,
        "Net Income": 16
    },
    "2020-12-31": {
        "Diluted EPS": 0.51,
        "Total Revenue": 195,
        "Gross Profit": 74,
        "Operating Income": 33,
        "EBIT": 36,
        "Net Income": 31
    },
    "2020-09-30": {
        "Diluted EPS": 0.34,
        "Total Revenue": 129,
        "Gross Profit": 44,
        "Operating Income": 21,
        "EBIT": 23,
        "Net Income": 21
    },
    "2020-06-30": {
        "Diluted EPS": 0.03,
        "Total Revenue": 129,
        "Gross Profit": 58,
        "Operating Income": 2,
        "EBIT": 39,
        "Net Income": 2
    },
    "2020-03-31": {
        "Diluted EPS": 0.23,
        "Total Revenue": 81,
        "Gross Profit": 25,
        "Operating Income": 11,
        "EBIT": 14,
        "Net Income": 14
    },
    "2019-12-31": {
        "Diluted EPS": 0.56,
        "Total Revenue": 170,
        "Gross Profit": 62,
        "Operating Income": 33,
        "EBIT": 36,
        "Net Income": 34
    },
    "2019-09-30": {
        "Diluted EPS": 0.49,
        "Total Revenue": 123,
        "Gross Profit": 46,
        "Operating Income": 23,
        "EBIT": 26,
        "Net Income": 30
    },
    "2019-06-30": {
        "Diluted EPS": 0.41,
        "Total Revenue": 157,
        "Gross Profit": 53,
        "Operating Income": 22,
        "EBIT": 40,
        "Net Income": 25
    },
    "2019-03-31": {
        "Diluted EPS": 0.46,
        "Total Revenue": 125,
        "Gross Profit": 49,
        "Operating Income": 30,
        "EBIT": 28,
        "Net Income": 28
    },
    "2018-12-31": {
        "Diluted EPS": 0.72,
        "Total Revenue": 149,
        "Gross Profit": 57,
        "Operating Income": 42,
        "EBIT": 44,
        "Net Income": 44
    },
    "2018-09-30": {
        "Diluted EPS": 0.46,
        "Total Revenue": 139,
        "Gross Profit": 51,
        "Operating Income": 30,
        "EBIT": 32,
        "Net Income": 28
    },
    "2018-06-30": {
        "Diluted EPS": 0.44,
        "Total Revenue": 147,
        "Gross Profit": 58,
        "Operating Income": 32,
        "EBIT": 39,
        "Net Income": 28
    },
    "2018-03-31": {
        "Diluted EPS": 0.36,
        "Total Revenue": 121,
        "Gross Profit": 44,
        "Operating Income": 25,
        "EBIT": 22,
        "Net Income": 22
    },
    "2017-12-31": {
        "Diluted EPS": 0.6,
        "Total Revenue": 157,
        "Gross Profit": 62,
        "Operating Income": 41,
        "EBIT": 43,
        "Net Income": 36
    },
    "2017-09-30": {
        "Diluted EPS": 0.35,
        "Total Revenue": 116,
        "Gross Profit": 42,
        "Operating Income": 22,
        "EBIT": 25,
        "Net Income": 21
    },
    "2017-06-30": {
        "Diluted EPS": 0.35,
        "Total Revenue": 138,
        "Gross Profit": 54,
        "Operating Income": 19,
        "EBIT": 38,
        "Net Income": 22
    },
    "2017-03-31": {
        "Diluted EPS": 0.26,
        "Total Revenue": 91,
        "Gross Profit": 28,
        "Operating Income": 15,
        "EBIT": 13,
        "Net Income": 16
    },
    "2016-12-31": {
        "Diluted EPS": 0.17,
        "Total Revenue": 99,
        "Gross Profit": 28,
        "Operating Income": 10,
        "EBIT": 12,
        "Net Income": 10
    },
    "2016-09-30": {
        "Diluted EPS": 0.36,
        "Total Revenue": 104,
        "Gross Profit": 31,
        "Operating Income": 16,
        "EBIT": 18,
        "Net Income": 22
    },
    "2016-06-30": {
        "Diluted EPS": 0.56,
        "Total Revenue": 148,
        "Gross Profit": 59,
        "Operating Income": 32,
        "EBIT": 35,
        "Net Income": 33
    },
    "2016-03-31": {
        "Diluted EPS": 0.36,
        "Total Revenue": 119,
        "Gross Profit": 38,
        "Operating Income": 18,
        "EBIT": 19,
        "Net Income": 22
    },
    "2015-12-31": {
        "Diluted EPS": 0.55,
        "Total Revenue": 153,
        "Gross Profit": 61,
        "Operating Income": 40,
        "EBIT": 42,
        "Net Income": 33
    },
    "2015-09-30": {
        "Diluted EPS": 0.5,
        "Total Revenue": 125,
        "Gross Profit": 49,
        "Operating Income": 30,
        "EBIT": 32,
        "Net Income": 30
    },
    "2015-06-30": {
        "Diluted EPS": 0.3,
        "Total Revenue": 142,
        "Gross Profit": 59,
        "Operating Income": 40,
        "EBIT": 43,
        "Net Income": 19
    },
    "2015-03-31": {
        "Diluted EPS": 0.53,
        "Total Revenue": 118,
        "Gross Profit": 54,
        "Operating Income": 36,
        "EBIT": 38,
        "Net Income": 32
    },
    "2014-12-31": {
        "Diluted EPS": 0.32,
        "Total Revenue": 130,
        "Gross Profit": 48,
        "Operating Income": 20,
        "EBIT": 24,
        "Net Income": 19
    },
    "2014-09-30": {
        "Diluted EPS": 0.46,
        "Total Revenue": 141,
        "Gross Profit": 54,
        "Operating Income": 35,
        "EBIT": 39,
        "Net Income": 27
    },
    "2014-06-30": {
        "Diluted EPS": 0.36,
        "Total Revenue": 159,
        "Gross Profit": 54,
        "Operating Income": 33,
        "EBIT": 37,
        "Net Income": 21
    },
    "2014-03-31": {
        "Diluted EPS": 0.17,
        "Total Revenue": 96,
        "Gross Profit": 34,
        "Operating Income": 17,
        "EBIT": 20,
        "Net Income": 10
    },
    "2013-12-31": {
        "Diluted EPS": 0.31,
        "Total Revenue": 153,
        "Gross Profit": 47,
        "Operating Income": 26,
        "EBIT": 30,
        "Net Income": 18
    },
    "2013-09-30": {
        "Diluted EPS": 0.35,
        "Total Revenue": 113,
        "Gross Profit": 40,
        "Operating Income": 22,
        "EBIT": 25,
        "Net Income": 20
    },
    "2013-06-30": {
        "Diluted EPS": 0.22,
        "Total Revenue": 113,
        "Gross Profit": 39,
        "Operating Income": 19,
        "EBIT": 23,
        "Net Income": 13
    },
    "2013-03-31": {
        "Diluted EPS": 0.2,
        "Total Revenue": 60,
        "Gross Profit": 26,
        "Operating Income": 10,
        "EBIT": 13,
        "Net Income": 11
    },
    "2012-12-31": {
        "Diluted EPS": 0.23,
        "Total Revenue": 87,
        "Gross Profit": 28,
        "Operating Income": 14,
        "EBIT": 14,
        "Net Income": 13
    },
    "2012-09-30": {
        "Diluted EPS": 0.27,
        "Total Revenue": 88,
        "Gross Profit": 30,
        "Operating Income": 14,
        "EBIT": 16,
        "Net Income": 15
    },
    "2012-06-30": {
        "Diluted EPS": 0.21,
        "Total Revenue": 88,
        "Gross Profit": 36,
        "Operating Income": 30,
        "EBIT": 33,
        "Net Income": 12
    },
    "2012-03-31": {
        "Diluted EPS": 0.21,
        "Total Revenue": 66,
        "Gross Profit": 26,
        "Operating Income": 12,
        "EBIT": 14,
        "Net Income": 12
    },
    "2011-12-31": {
        "Diluted EPS": 0.36,
        "Total Revenue": 80,
        "Gross Profit": 31,
        "Operating Income": 8,
        "EBIT": 8,
        "Net Income": 20
    },
    "2011-09-30": {
        "Diluted EPS": 0.23,
        "Total Revenue": 87,
        "Gross Profit": 33,
        "Operating Income": 15,
        "EBIT": 15,
        "Net Income": 13
    },
    "2011-06-30": {
        "Diluted EPS": 0.12,
        "Total Revenue": 72,
        "Gross Profit": 21,
        "Operating Income": 17,
        "EBIT": 18,
        "Net Income": 7
    },
    "2011-03-31": {
        "Diluted EPS": 0.17,
        "Total Revenue": 56,
        "Gross Profit": 23,
        "Operating Income": 8,
        "EBIT": 10,
        "Net Income": 9
    },
    "2010-12-31": {
        "Diluted EPS": 0.27,
        "Total Revenue": 74,
        "Gross Profit": 27,
        "Operating Income": 10,
        "EBIT": 11,
        "Net Income": 15
    },
    "2010-09-30": {
        "Diluted EPS": 0.19,
        "Total Revenue": 61,
        "Gross Profit": 21,
        "Operating Income": 9,
        "EBIT": 10,
        "Net Income": 10
    },
    "2010-06-30": {
        "Diluted EPS": 0.19,
        "Total Revenue": 56,
        "Gross Profit": 19,
        "Operating Income": -2,
        "EBIT": -2,
        "Net Income": 11
    },
    "2010-03-31": {
        "Diluted EPS": 0.1,
        "Total Revenue": 33,
        "Gross Profit": 12,
        "Operating Income": 6,
        "EBIT": 7,
        "Net Income": 5
    },
    "2009-12-31": {
        "Diluted EPS": 0.16,
        "Total Revenue": 46,
        "Gross Profit": 14,
        "Operating Income": 9,
        "EBIT": 10,
        "Net Income": 8
    },
    "2009-09-30": {
        "Diluted EPS": 0.13,
        "Total Revenue": 38,
        "Gross Profit": 14,
        "Operating Income": 8,
        "EBIT": 9,
        "Net Income": 6
    },
    "2009-06-30": {
        "Diluted EPS": -0.35,
        "Total Revenue": 45,
        "Gross Profit": 45,
        "Operating Income": 45,
        "EBIT": 46,
        "Net Income": -16
    },
    "2009-03-31": {
        "Diluted EPS": 0.04,
        "Total Revenue": 23,
        "Gross Profit": 8,
        "Operating Income": 1,
        "EBIT": 1,
        "Net Income": 2
    },
    "2023-06-30": {
        "Tax Effect Of Unusual Items": 113800.386057,
        "Tax Rate For Calcs": 0.026343,
        "Normalized EBITDA": 24680000.0,
        "Total Unusual Items": 4320000.0,
        "Total Unusual Items Excluding Goodwill": 4320000.0,
        "Net Income From Continuing Operation Net Minority Interest": 25720000.0,
        "Reconciled Depreciation": 2322000.0,
        "Reconciled Cost Of Revenue": 134161000.0,
        "EBITDA": 29000000.0,
        "EBIT": 26678000.0,
        "Net Interest Income": 3117000.0,
        "Interest Expense": 257000.0,
        "Interest Income": 3374000.0,
        "Normalized Income": 21513800.386057,
        "Net Income From Continuing And Discontinued Operation": 25720000.0,
        "Total Expenses": 177364000.0,
        "Total Operating Income As Reported": 17599000.0,
        "Diluted Average Shares": 62134923.0,
        "Basic Average Shares": 61731177.0,
        "Diluted EPS": 0.41,
        "Basic EPS": 0.42,
        "Diluted NI Availto Com Stockholders": 25720000.0,
        "Net Income Common Stockholders": 25720000.0,
        "Net Income": 25720000.0,
        "Minority Interests": -5000.0,
        "Net Income Including Noncontrolling Interests": 25725000.0,
        "Net Income Continuous Operations": 25725000.0,
        "Tax Provision": 696000.0,
        "Pretax Income": 26421000.0,
        "Other Income Expense": 5705000.0,
        "Other Non Operating Income Expenses": 624000.0,
        "Special Income Charges": 0.0,
        "Gain On Sale Of Business": 0.0,
        "Write Off": NaN,
        "Earnings From Equity Interest": 761000.0,
        "Gain On Sale Of Security": 4320000.0,
        "Net Non Operating Interest Income Expense": 3117000.0,
        "Interest Expense Non Operating": 257000.0,
        "Interest Income Non Operating": 3374000.0,
        "Operating Income": 17599000.0,
        "Operating Expense": 43203000.0,
        "Other Taxes": -6359000.0,
        "Research And Development": 16748000.0,
        "Selling General And Administration": 32814000.0,
        "Selling And Marketing Expense": 13628000.0,
        "General And Administrative Expense": 19186000.0,
        "Other Gand A": 19186000.0,
        "Gross Profit": 60802000.0,
        "Cost Of Revenue": 134161000.0,
        "Total Revenue": 194963000.0,
        "Operating Revenue": 194963000.0
    },
    "2023-09-30": {
        "Tax Effect Of Unusual Items": -6435.0,
        "Tax Rate For Calcs": 0.143,
        "Normalized EBITDA": 39738000.0,
        "Total Unusual Items": -45000.0,
        "Total Unusual Items Excluding Goodwill": -45000.0,
        "Net Income From Continuing Operation Net Minority Interest": 31639000.0,
        "Reconciled Depreciation": 2520000.0,
        "Reconciled Cost Of Revenue": 130724000.0,
        "EBITDA": 39693000.0,
        "EBIT": 37173000.0,
        "Net Interest Income": 3243000.0,
        "Interest Expense": 317000.0,
        "Interest Income": 3560000.0,
        "Normalized Income": 31677565.0,
        "Net Income From Continuing And Discontinued Operation": 31639000.0,
        "Total Expenses": 165649000.0,
        "Total Operating Income As Reported": 34251000.0,
        "Diluted Average Shares": 62197935.0,
        "Basic Average Shares": 61847885.0,
        "Diluted EPS": 0.51,
        "Basic EPS": 0.51,
        "Diluted NI Availto Com Stockholders": 31639000.0,
        "Net Income Common Stockholders": 31639000.0,
        "Net Income": 31639000.0,
        "Minority Interests": 56000.0,
        "Net Income Including Noncontrolling Interests": 31583000.0,
        "Net Income Continuous Operations": 31583000.0,
        "Tax Provision": 5273000.0,
        "Pretax Income": 36856000.0,
        "Other Income Expense": -638000.0,
        "Other Non Operating Income Expenses": 350000.0,
        "Special Income Charges": NaN,
        "Gain On Sale Of Business": NaN,
        "Write Off": NaN,
        "Earnings From Equity Interest": -943000.0,
        "Gain On Sale Of Security": -45000.0,
        "Net Non Operating Interest Income Expense": 3243000.0,
        "Interest Expense Non Operating": 317000.0,
        "Interest Income Non Operating": 3560000.0,
        "Operating Income": 34251000.0,
        "Operating Expense": 34925000.0,
        "Other Taxes": -5145000.0,
        "Research And Development": 18356000.0,
        "Selling General And Administration": 21714000.0,
        "Selling And Marketing Expense": 16184000.0,
        "General And Administrative Expense": 5530000.0,
        "Other Gand A": 5530000.0,
        "Gross Profit": 69176000.0,
        "Cost Of Revenue": 130724000.0,
        "Total Revenue": 199900000.0,
        "Operating Revenue": 199900000.0
    },
    "2023-12-31": {
        "Tax Effect Of Unusual Items": -125048.0,
        "Tax Rate For Calcs": 0.116,
        "Normalized EBITDA": 20332000.0,
        "Total Unusual Items": -1078000.0,
        "Total Unusual Items Excluding Goodwill": -1078000.0,
        "Net Income From Continuing Operation Net Minority Interest": 14139000.0,
        "Reconciled Depreciation": 2865000.0,
        "Reconciled Cost Of Revenue": 157711000.0,
        "EBITDA": 19254000.0,
        "EBIT": 16389000.0,
        "Net Interest Income": 2694000.0,
        "Interest Expense": 414000.0,
        "Interest Income": 3108000.0,
        "Normalized Income": 15091952.0,
        "Net Income From Continuing And Discontinued Operation": 14139000.0,
        "Total Expenses": 209952000.0,
        "Total Operating Income As Reported": 13771000.0,
        "Diluted Average Shares": 62305532.0,
        "Basic Average Shares": 61987791.0,
        "Diluted EPS": 0.23,
        "Basic EPS": 0.23,
        "Diluted NI Availto Com Stockholders": 14139000.0,
        "Net Income Common Stockholders": 14139000.0,
        "Net Income": 14139000.0,
        "Minority Interests": 15000.0,
        "Net Income Including Noncontrolling Interests": 14124000.0,
        "Net Income Continuous Operations": 14124000.0,
        "Tax Provision": 1851000.0,
        "Pretax Income": 15975000.0,
        "Other Income Expense": -490000.0,
        "Other Non Operating Income Expenses": -653000.0,
        "Special Income Charges": -69000.0,
        "Gain On Sale Of Business": NaN,
        "Write Off": 69000.0,
        "Earnings From Equity Interest": 1241000.0,
        "Gain On Sale Of Security": -1009000.0,
        "Net Non Operating Interest Income Expense": 2694000.0,
        "Interest Expense Non Operating": 414000.0,
        "Interest Income Non Operating": 3108000.0,
        "Operating Income": 13771000.0,
        "Operating Expense": 52241000.0,
        "Other Taxes": -14763000.0,
        "Research And Development": 28270000.0,
        "Selling General And Administration": 38734000.0,
        "Selling And Marketing Expense": 19870000.0,
        "General And Administrative Expense": 18864000.0,
        "Other Gand A": 18864000.0,
        "Gross Profit": 66012000.0,
        "Cost Of Revenue": 157711000.0,
        "Total Revenue": 223723000.0,
        "Operating Revenue": 223723000.0
    },
    "2024-03-31": {
        "Tax Effect Of Unusual Items": 78419.333769,
        "Tax Rate For Calcs": 0.378837,
        "Normalized EBITDA": 9961000.0,
        "Total Unusual Items": 207000.0,
        "Total Unusual Items Excluding Goodwill": 207000.0,
        "Net Income From Continuing Operation Net Minority Interest": 3909000.0,
        "Reconciled Depreciation": 3340000.0,
        "Reconciled Cost Of Revenue": 123343000.0,
        "EBITDA": 10168000.0,
        "EBIT": 6828000.0,
        "Net Interest Income": 2971000.0,
        "Interest Expense": 704000.0,
        "Interest Income": 3675000.0,
        "Normalized Income": 3780419.333769,
        "Net Income From Continuing And Discontinued Operation": 3909000.0,
        "Total Expenses": 170747000.0,
        "Total Operating Income As Reported": 2719000.0,
        "Diluted Average Shares": 62426784.0,
        "Basic Average Shares": 62127607.0,
        "Diluted EPS": 0.06,
        "Basic EPS": 0.06,
        "Diluted NI Availto Com Stockholders": 3909000.0,
        "Net Income Common Stockholders": 3909000.0,
        "Net Income": 3909000.0,
        "Minority Interests": 105000.0,
        "Net Income Including Noncontrolling Interests": 3804000.0,
        "Net Income Continuous Operations": 3804000.0,
        "Tax Provision": 2320000.0,
        "Pretax Income": 6124000.0,
        "Other Income Expense": 434000.0,
        "Other Non Operating Income Expenses": 1139000.0,
        "Special Income Charges": 0.0,
        "Gain On Sale Of Business": NaN,
        "Write Off": 0.0,
        "Earnings From Equity Interest": -912000.0,
        "Gain On Sale Of Security": 207000.0,
        "Net Non Operating Interest Income Expense": 2971000.0,
        "Interest Expense Non Operating": 704000.0,
        "Interest Income Non Operating": 3675000.0,
        "Operating Income": 2719000.0,
        "Operating Expense": 47404000.0,
        "Other Taxes": -10124000.0,
        "Research And Development": 19287000.0,
        "Selling General And Administration": 38241000.0,
        "Selling And Marketing Expense": 15470000.0,
        "General And Administrative Expense": 22771000.0,
        "Other Gand A": 22771000.0,
        "Gross Profit": 50123000.0,
        "Cost Of Revenue": 123343000.0,
        "Total Revenue": 173466000.0,
        "Operating Revenue": 173466000.0
    }
}