{
    "2023-06-30": {
        "Tax Effect Of Unusual Items": NaN,
        "Tax Rate For Calcs": NaN,
        "Normalized EBITDA": NaN,
        "Total Unusual Items": NaN,
        "Total Unusual Items Excluding Goodwill": NaN,
        "Net Income From Continuing Operation Net Minority Interest": NaN,
        "Reconciled Depreciation": NaN,
        "Reconciled Cost Of Revenue": NaN,
        "EBITDA": NaN,
        "EBIT": NaN,
        "Net Interest Income": NaN,
        "Interest Expense": NaN,
        "Interest Income": NaN,
        "Normalized Income": NaN,
        "Net Income From Continuing And Discontinued Operation": NaN,
        "Total Expenses": NaN,
        "Total Operating Income As Reported": NaN,
        "Diluted Average Shares": 246908000.0,
        "Basic Average Shares": 246908000.0,
        "Diluted EPS": -0.16,
        "Basic EPS": -0.16,
        "Diluted NI Availto Com Stockholders": NaN,
        "Net Income Common Stockholders": NaN,
        "Net Income": NaN,
        "Net Income Including Noncontrolling Interests": NaN,
        "Net Income Continuous Operations": NaN,
        "Tax Provision": NaN,
        "Pretax Income": NaN,
        "Other Income Expense": NaN,
        "Other Non Operating Income Expenses": NaN,
        "Special Income Charges": NaN,
        "Impairment Of Capital Assets": NaN,
        "Restructuring And Mergern Acquisition": NaN,
        "Net Non Operating Interest Income Expense": NaN,
        "Interest Expense Non Operating": NaN,
        "Interest Income Non Operating": NaN,
        "Operating Income": NaN,
        "Operating Expense": NaN,
        "Depreciation Amortization Depletion Income Statement": NaN,
        "Depreciation And Amortization In Income Statement": NaN,
        "Amortization": NaN,
        "Amortization Of Intangibles Income Statement": NaN,
        "Research And Development": NaN,
        "Selling General And Administration": NaN,
        "Selling And Marketing Expense": NaN,
        "General And Administrative Expense": NaN,
        "Other Gand A": NaN,
        "Gross Profit": NaN,
        "Cost Of Revenue": NaN,
        "Total Revenue": NaN,
        "Operating Revenue": NaN
    },
    "2023-03-31": {
        "Tax Effect Of Unusual Items": 2310800.0,
        "Tax Rate For Calcs": 0.218,
        "Normalized EBITDA": 376700000.0,
        "Total Unusual Items": 10600000.0,
        "Total Unusual Items Excluding Goodwill": 10600000.0,
        "Net Income From Continuing Operation Net Minority Interest": 218500000.0,
        "Reconciled Depreciation": 80800000.0,
        "Reconciled Cost Of Revenue": 367000000.0,
        "EBITDA": 387300000.0,
        "EBIT": 306500000.0,
        "Net Interest Income": 4300000.0,
        "Interest Expense": 27200000.0,
        "Interest Income": 31500000.0,
        "Normalized Income": 210210800.0,
        "Net Income From Continuing And Discontinued Operation": 218500000.0,
        "Total Expenses": 765000000.0,
        "Total Operating Income As Reported": 272100000.0,
        "Diluted Average Shares": 249793000.0,
        "Basic Average Shares": 247730000.0,
        "Diluted EPS": 0.87,
        "Basic EPS": 0.88,
        "Diluted NI Availto Com Stockholders": 218500000.0,
        "Net Income Common Stockholders": 218500000.0,
        "Net Income": 218500000.0,
        "Net Income Including Noncontrolling Interests": 218500000.0,
        "Net Income Continuous Operations": 218500000.0,
        "Tax Provision": 60800000.0,
        "Pretax Income": 279300000.0,
        "Other Income Expense": 13500000.0,
        "Other Non Operating Income Expenses": 2900000.0,
        "Special Income Charges": 10600000.0,
        "Impairment Of Capital Assets": 0.0,
        "Restructuring And Mergern Acquisition": -10600000.0,
        "Net Non Operating Interest Income Expense": 4300000.0,
        "Interest Expense Non Operating": 27200000.0,
        "Interest Income Non Operating": 31500000.0,
        "Operating Income": 261500000.0,
        "Operating Expense": 324300000.0,
        "Depreciation Amortization Depletion Income Statement": 7100000.0,
        "Depreciation And Amortization In Income Statement": 7100000.0,
        "Amortization": 7100000.0,
        "Amortization Of Intangibles Income Statement": 7100000.0,
        "Research And Development": 74000000.0,
        "Selling General And Administration": 243200000.0,
        "Selling And Marketing Expense": 142400000.0,
        "General And Administrative Expense": 100800000.0,
        "Other Gand A": 100800000.0,
        "Gross Profit": 585800000.0,
        "Cost Of Revenue": 440700000.0,
        "Total Revenue": 1026500000.0,
        "Operating Revenue": 1026500000.0
    },
    "2022-12-31": {
        "Tax Effect Of Unusual Items": -237600.0,
        "Tax Rate For Calcs": 0.216,
        "Normalized EBITDA": 354200000.0,
        "Total Unusual Items": -1100000.0,
        "Total Unusual Items Excluding Goodwill": -1100000.0,
        "Net Income From Continuing Operation Net Minority Interest": 187400000.0,
        "Reconciled Depreciation": 85900000.0,
        "Reconciled Cost Of Revenue": 378000000.0,
        "EBITDA": 353100000.0,
        "EBIT": 267200000.0,
        "Net Interest Income": -7500000.0,
        "Interest Expense": 28100000.0,
        "Interest Income": 20600000.0,
        "Normalized Income": 188262400.0,
        "Net Income From Continuing And Discontinued Operation": 187400000.0,
        "Total Expenses": 810700000.0,
        "Total Operating Income As Reported": 262400000.0,
        "Diluted Average Shares": 249281000.0,
        "Basic Average Shares": 247319000.0,
        "Diluted EPS": 0.75,
        "Basic EPS": 0.76,
        "Diluted NI Availto Com Stockholders": 187400000.0,
        "Net Income Common Stockholders": 187400000.0,
        "Net Income": 187400000.0,
        "Net Income Including Noncontrolling Interests": 187400000.0,
        "Net Income Continuous Operations": 187400000.0,
        "Tax Provision": 51700000.0,
        "Pretax Income": 239100000.0,
        "Other Income Expense": -16900000.0,
        "Other Non Operating Income Expenses": -15800000.0,
        "Special Income Charges": -1100000.0,
        "Impairment Of Capital Assets": 0.0,
        "Restructuring And Mergern Acquisition": 1100000.0,
        "Net Non Operating Interest Income Expense": -7500000.0,
        "Interest Expense Non Operating": 28100000.0,
        "Interest Income Non Operating": 20600000.0,
        "Operating Income": 263500000.0,
        "Operating Expense": 354400000.0,
        "Depreciation Amortization Depletion Income Statement": 7600000.0,
        "Depreciation And Amortization In Income Statement": 7600000.0,
        "Amortization": 7600000.0,
        "Amortization Of Intangibles Income Statement": 7600000.0,
        "Research And Development": 74800000.0,
        "Selling General And Administration": 272000000.0,
        "Selling And Marketing Expense": 163500000.0,
        "General And Administrative Expense": 108500000.0,
        "Other Gand A": 108500000.0,
        "Gross Profit": 617900000.0,
        "Cost Of Revenue": 456300000.0,
        "Total Revenue": 1074200000.0,
        "Operating Revenue": 1074200000.0
    },
    "2022-09-30": {
        "Tax Effect Of Unusual Items": NaN,
        "Tax Rate For Calcs": NaN,
        "Normalized EBITDA": NaN,
        "Total Unusual Items": NaN,
        "Total Unusual Items Excluding Goodwill": NaN,
        "Net Income From Continuing Operation Net Minority Interest": NaN,
        "Reconciled Depreciation": NaN,
        "Reconciled Cost Of Revenue": NaN,
        "EBITDA": NaN,
        "EBIT": NaN,
        "Net Interest Income": NaN,
        "Interest Expense": NaN,
        "Interest Income": NaN,
        "Normalized Income": NaN,
        "Net Income From Continuing And Discontinued Operation": NaN,
        "Total Expenses": NaN,
        "Total Operating Income As Reported": NaN,
        "Diluted Average Shares": NaN,
        "Basic Average Shares": NaN,
        "Diluted EPS": NaN,
        "Basic EPS": NaN,
        "Diluted NI Availto Com Stockholders": NaN,
        "Net Income Common Stockholders": NaN,
        "Net Income": NaN,
        "Minority Interests": 0.0,
        "Net Income Including Noncontrolling Interests": NaN,
        "Net Income Continuous Operations": NaN,
        "Tax Provision": NaN,
        "Pretax Income": NaN,
        "Other Income Expense": NaN,
        "Other Non Operating Income Expenses": NaN,
        "Special Income Charges": NaN,
        "Other Special Charges": 0.0,
        "Impairment Of Capital Assets": NaN,
        "Restructuring And Mergern Acquisition": NaN,
        "Net Non Operating Interest Income Expense": NaN,
        "Interest Expense Non Operating": NaN,
        "Interest Income Non Operating": NaN,
        "Operating Income": NaN,
        "Operating Expense": NaN,
        "Depreciation Amortization Depletion Income Statement": NaN,
        "Depreciation And Amortization In Income Statement": NaN,
        "Amortization": NaN,
        "Amortization Of Intangibles Income Statement": NaN,
        "Research And Development": NaN,
        "Selling General And Administration": NaN,
        "Selling And Marketing Expense": NaN,
        "General And Administrative Expense": NaN,
        "Other Gand A": NaN,
        "Gross Profit": NaN,
        "Cost Of Revenue": NaN,
        "Total Revenue": NaN,
        "Operating Revenue": NaN
    },
    "2022-06-30": {
        "Tax Effect Of Unusual Items": 2802600.0,
        "Tax Rate For Calcs": 0.081,
        "Normalized EBITDA": 345900000.0,
        "Total Unusual Items": 34600000.0,
        "Total Unusual Items Excluding Goodwill": 34600000.0,
        "Net Income From Continuing Operation Net Minority Interest": 228400000.0,
        "Reconciled Depreciation": 109400000.0,
        "Reconciled Cost Of Revenue": 354700000.0,
        "EBITDA": 380500000.0,
        "EBIT": 271100000.0,
        "Net Interest Income": -20300000.0,
        "Interest Expense": 22700000.0,
        "Interest Income": 2400000.0,
        "Normalized Income": 196602600.0,
        "Net Income From Continuing And Discontinued Operation": 228400000.0,
        "Total Expenses": 773400000.0,
        "Total Operating Income As Reported": 263900000.0,
        "Diluted Average Shares": 253093000.0,
        "Basic Average Shares": 250756000.0,
        "Diluted EPS": 0.9,
        "Basic EPS": 0.91,
        "Diluted NI Availto Com Stockholders": 228400000.0,
        "Net Income Common Stockholders": 228400000.0,
        "Net Income": 228400000.0,
        "Minority Interests": 0.0,
        "Net Income Including Noncontrolling Interests": 228400000.0,
        "Net Income Continuous Operations": 228400000.0,
        "Tax Provision": 20000000.0,
        "Pretax Income": 248400000.0,
        "Other Income Expense": 39400000.0,
        "Other Non Operating Income Expenses": 4800000.0,
        "Special Income Charges": 34600000.0,
        "Other Special Charges": NaN,
        "Impairment Of Capital Assets": NaN,
        "Restructuring And Mergern Acquisition": -34600000.0,
        "Net Non Operating Interest Income Expense": -20300000.0,
        "Interest Expense Non Operating": 22700000.0,
        "Interest Income Non Operating": 2400000.0,
        "Operating Income": 229300000.0,
        "Operating Expense": 320500000.0,
        "Depreciation Amortization Depletion Income Statement": 11200000.0,
        "Depreciation And Amortization In Income Statement": 11200000.0,
        "Amortization": 11200000.0,
        "Amortization Of Intangibles Income Statement": 11200000.0,
        "Research And Development": 65100000.0,
        "Selling General And Administration": 244200000.0,
        "Selling And Marketing Expense": 152300000.0,
        "General And Administrative Expense": 91900000.0,
        "Other Gand A": 91900000.0,
        "Gross Profit": 549800000.0,
        "Cost Of Revenue": 452900000.0,
        "Total Revenue": 1002700000.0,
        "Operating Revenue": 1002700000.0
    },
    "2022-03-31": {
        "Diluted EPS": 1.8,
        "Total Revenue": NaN,
        "Gross Profit": 947,
        "Operating Income": 594,
        "EBIT": 700,
        "Net Income": 456
    },
    "2021-12-31": {
        "Diluted EPS": 1.95,
        "Total Revenue": NaN,
        "Gross Profit": 986,
        "Operating Income": 641,
        "EBIT": 749,
        "Net Income": 499
    },
    "2021-09-30": {
        "Diluted EPS": 1.29,
        "Total Revenue": NaN,
        "Gross Profit": 828,
        "Operating Income": 439,
        "EBIT": 557,
        "Net Income": 329
    },
    "2021-06-30": {
        "Diluted EPS": 1.04,
        "Total Revenue": NaN,
        "Gross Profit": 702,
        "Operating Income": 359,
        "EBIT": 460,
        "Net Income": 268
    },
    "2021-03-31": {
        "Diluted EPS": 2.38,
        "Total Revenue": NaN,
        "Gross Profit": NaN,
        "Operating Income": 797,
        "EBIT": 892,
        "Net Income": 620
    },
    "2020-12-31": {
        "Diluted EPS": 2.5,
        "Total Revenue": NaN,
        "Gross Profit": NaN,
        "Operating Income": 886,
        "EBIT": 978,
        "Net Income": 654
    },
    "2020-09-30": {
        "Diluted EPS": 1.89,
        "Total Revenue": NaN,
        "Gross Profit": 932,
        "Operating Income": 633,
        "EBIT": 727,
        "Net Income": 495
    },
    "2020-06-30": {
        "Diluted EPS": 0.53,
        "Total Revenue": 823,
        "Gross Profit": 466,
        "Operating Income": 191,
        "EBIT": 285,
        "Net Income": 138
    },
    "2020-03-31": {
        "Diluted EPS": 0.36,
        "Total Revenue": 756,
        "Gross Profit": 396,
        "Operating Income": 156,
        "EBIT": 250,
        "Net Income": 96
    },
    "2019-12-31": {
        "Diluted EPS": 1.43,
        "Total Revenue": 851,
        "Gross Profit": 434,
        "Operating Income": 125,
        "EBIT": 219,
        "Net Income": 386
    },
    "2019-09-30": {
        "Diluted EPS": -0.46,
        "Total Revenue": 866,
        "Gross Profit": 250,
        "Operating Income": -86,
        "EBIT": 307,
        "Net Income": -124
    },
    "2019-06-30": {
        "Diluted EPS": 0.35,
        "Total Revenue": 852,
        "Gross Profit": 445,
        "Operating Income": 145,
        "EBIT": -21,
        "Net Income": 94
    },
    "2019-03-31": {
        "Diluted EPS": -1.01,
        "Total Revenue": 818,
        "Gross Profit": 42,
        "Operating Income": -323,
        "EBIT": -206,
        "Net Income": -273
    },
    "2018-12-31": {
        "Diluted EPS": 0.36,
        "Total Revenue": 831,
        "Gross Profit": 434,
        "Operating Income": 141,
        "EBIT": 259,
        "Net Income": 99
    },
    "2018-09-30": {
        "Diluted EPS": 0.2,
        "Total Revenue": 814,
        "Gross Profit": 421,
        "Operating Income": 99,
        "EBIT": 218,
        "Net Income": 51
    },
    "2018-06-30": {
        "Diluted EPS": 0.41,
        "Total Revenue": 824,
        "Gross Profit": 436,
        "Operating Income": 133,
        "EBIT": 254,
        "Net Income": 113
    },
    "2018-03-31": {
        "Diluted EPS": -2.46,
        "Total Revenue": 789,
        "Gross Profit": 415,
        "Operating Income": -604,
        "EBIT": -485,
        "Net Income": -681
    },
    "2017-12-31": {
        "Diluted EPS": 1.45,
        "Total Revenue": 791,
        "Gross Profit": 425,
        "Operating Income": 134,
        "EBIT": 255,
        "Net Income": 407
    },
    "2017-09-30": {
        "Diluted EPS": 0.29,
        "Total Revenue": 803,
        "Gross Profit": 418,
        "Operating Income": 109,
        "EBIT": 230,
        "Net Income": 83
    },
    "2017-06-30": {
        "Diluted EPS": 0.21,
        "Total Revenue": 806,
        "Gross Profit": 410,
        "Operating Income": 115,
        "EBIT": 233,
        "Net Income": 60
    },
    "2017-03-31": {
        "Diluted EPS": 1.84,
        "Total Revenue": 715,
        "Gross Profit": 389,
        "Operating Income": NaN,
        "EBIT": NaN,
        "Net Income": 527
    },
    "2016-12-31": {
        "Diluted EPS": 0.3,
        "Total Revenue": 734,
        "Gross Profit": 405,
        "Operating Income": 146,
        "EBIT": 261,
        "Net Income": 87
    },
    "2016-09-30": {
        "Diluted EPS": 0.33,
        "Total Revenue": 727,
        "Gross Profit": 406,
        "Operating Income": 147,
        "EBIT": 262,
        "Net Income": 92
    },
    "2016-06-30": {
        "Diluted EPS": 0.3,
        "Total Revenue": 717,
        "Gross Profit": 393,
        "Operating Income": 139,
        "EBIT": 260,
        "Net Income": 85
    },
    "2016-03-31": {
        "Diluted EPS": 0.24,
        "Total Revenue": 693,
        "Gross Profit": 385,
        "Operating Income": 136,
        "EBIT": 250,
        "Net Income": 69
    },
    "2015-12-31": {
        "Diluted EPS": 0.29,
        "Total Revenue": 695,
        "Gross Profit": 379,
        "Operating Income": 126,
        "EBIT": 242,
        "Net Income": 85
    },
    "2015-09-30": {
        "Diluted EPS": 0.08,
        "Total Revenue": 703,
        "Gross Profit": 379,
        "Operating Income": 126,
        "EBIT": 248,
        "Net Income": 25
    },
    "2015-06-30": {
        "Diluted EPS": 0.1,
        "Total Revenue": 694,
        "Gross Profit": 379,
        "Operating Income": 116,
        "EBIT": 237,
        "Net Income": 29
    },
    "2015-03-31": {
        "Diluted EPS": 0.17,
        "Total Revenue": 656,
        "Gross Profit": 336,
        "Operating Income": 110,
        "EBIT": 236,
        "Net Income": 48
    },
    "2014-12-31": {
        "Diluted EPS": 0.1,
        "Total Revenue": 653,
        "Gross Profit": 339,
        "Operating Income": 104,
        "EBIT": 226,
        "Net Income": 29
    },
    "2014-09-30": {
        "Diluted EPS": 0.1,
        "Total Revenue": 661,
        "Gross Profit": 345,
        "Operating Income": 92,
        "EBIT": 223,
        "Net Income": 28
    },
    "2014-06-30": {
        "Diluted EPS": 0.04,
        "Total Revenue": 633,
        "Gross Profit": 313,
        "Operating Income": 76,
        "EBIT": 210,
        "Net Income": 11
    },
    "2014-03-31": {
        "Diluted EPS": -0.06,
        "Total Revenue": 625,
        "Gross Profit": 282,
        "Operating Income": 50,
        "EBIT": 180,
        "Net Income": -17
    },
    "2013-12-31": {
        "Diluted EPS": -0.02,
        "Total Revenue": 613,
        "Gross Profit": 306,
        "Operating Income": 61,
        "EBIT": 189,
        "Net Income": -5
    },
    "2013-09-30": {
        "Diluted EPS": -4.14,
        "Total Revenue": 622,
        "Gross Profit": 291,
        "Operating Income": NaN,
        "EBIT": 214,
        "Net Income": NaN
    },
    "2013-06-30": {
        "Diluted EPS": -0.04,
        "Total Revenue": 626,
        "Gross Profit": 310,
        "Operating Income": 61,
        "EBIT": 190,
        "Net Income": -11
    },
    "2013-03-31": {
        "Diluted EPS": -0.19,
        "Total Revenue": 613,
        "Gross Profit": 279,
        "Operating Income": 6,
        "EBIT": 132,
        "Net Income": -51
    },
    "2012-12-31": {
        "Diluted EPS": 0.01,
        "Total Revenue": 631,
        "Gross Profit": 282,
        "Operating Income": 63,
        "EBIT": 191,
        "Net Income": 3
    },
    "2012-09-30": {
        "Diluted EPS": -0.3,
        "Total Revenue": 588,
        "Gross Profit": 274,
        "Operating Income": -44,
        "EBIT": 77,
        "Net Income": -78
    },
    "2012-06-30": {
        "Diluted EPS": 0.09,
        "Total Revenue": 470,
        "Gross Profit": 245,
        "Operating Income": 81,
        "EBIT": 157,
        "Net Income": 24
    },
    "2012-03-31": {
        "Diluted EPS": -0.15,
        "Total Revenue": 471,
        "Gross Profit": 226,
        "Operating Income": 10,
        "EBIT": 87,
        "Net Income": -40
    },
    "2011-12-31": {
        "Diluted EPS": 0.08,
        "Total Revenue": 473,
        "Gross Profit": 249,
        "Operating Income": 67,
        "EBIT": 144,
        "Net Income": 21
    },
    "2011-09-30": {
        "Diluted EPS": 0.1,
        "Total Revenue": 467,
        "Gross Profit": 243,
        "Operating Income": 73,
        "EBIT": 152,
        "Net Income": 28
    },
    "2011-06-30": {
        "Diluted EPS": 0.14,
        "Total Revenue": 451,
        "Gross Profit": 235,
        "Operating Income": 74,
        "EBIT": 151,
        "Net Income": 36
    },
    "2011-03-31": {
        "Diluted EPS": 0.31,
        "Total Revenue": 439,
        "Gross Profit": 221,
        "Operating Income": 155,
        "EBIT": 231,
        "Net Income": 82
    },
    "2010-12-31": {
        "Diluted EPS": 0.04,
        "Total Revenue": 433,
        "Gross Profit": 225,
        "Operating Income": 72,
        "EBIT": 145,
        "Net Income": 11
    },
    "2010-09-30": {
        "Diluted EPS": -0.52,
        "Total Revenue": 428,
        "Gross Profit": 97,
        "Operating Income": -143,
        "EBIT": 6,
        "Net Income": -137
    },
    "2010-06-30": {
        "Diluted EPS": 0.1,
        "Total Revenue": 421,
        "Gross Profit": 210,
        "Operating Income": 79,
        "EBIT": 153,
        "Net Income": 27
    },
    "2010-03-31": {
        "Diluted EPS": 0.08,
        "Total Revenue": 418,
        "Gross Profit": 214,
        "Operating Income": 62,
        "EBIT": 136,
        "Net Income": 21
    },
    "2009-12-31": {
        "Diluted EPS": 0.1,
        "Total Revenue": 412,
        "Gross Profit": 216,
        "Operating Income": 72,
        "EBIT": 146,
        "Net Income": 26
    },
    "2009-09-30": {
        "Diluted EPS": 0.1,
        "Total Revenue": 403,
        "Gross Profit": 207,
        "Operating Income": 76,
        "EBIT": 146,
        "Net Income": 25
    },
    "2009-06-30": {
        "Diluted EPS": 0.12,
        "Total Revenue": 403,
        "Gross Profit": 211,
        "Operating Income": 79,
        "EBIT": 150,
        "Net Income": 31
    },
    "2009-03-31": {
        "Diluted EPS": -9.01,
        "Total Revenue": 402,
        "Gross Profit": 210,
        "Operating Income": NaN,
        "EBIT": 141,
        "Net Income": NaN
    },
    "2023-09-30": {
        "Tax Effect Of Unusual Items": NaN,
        "Tax Rate For Calcs": NaN,
        "Normalized EBITDA": NaN,
        "Total Unusual Items": NaN,
        "Total Unusual Items Excluding Goodwill": NaN,
        "Net Income From Continuing Operation Net Minority Interest": NaN,
        "Reconciled Depreciation": NaN,
        "Reconciled Cost Of Revenue": NaN,
        "EBITDA": NaN,
        "EBIT": NaN,
        "Net Interest Income": NaN,
        "Interest Expense": NaN,
        "Interest Income": NaN,
        "Normalized Income": NaN,
        "Net Income From Continuing And Discontinued Operation": NaN,
        "Total Expenses": NaN,
        "Total Operating Income As Reported": NaN,
        "Diluted Average Shares": NaN,
        "Basic Average Shares": NaN,
        "Diluted EPS": NaN,
        "Basic EPS": NaN,
        "Diluted NI Availto Com Stockholders": NaN,
        "Net Income Common Stockholders": NaN,
        "Net Income": NaN,
        "Net Income Including Noncontrolling Interests": NaN,
        "Net Income Continuous Operations": NaN,
        "Tax Provision": NaN,
        "Pretax Income": NaN,
        "Other Income Expense": NaN,
        "Other Non Operating Income Expenses": 5300000.0,
        "Special Income Charges": NaN,
        "Other Special Charges": NaN,
        "Impairment Of Capital Assets": NaN,
        "Restructuring And Mergern Acquisition": NaN,
        "Earnings From Equity Interest": NaN,
        "Gain On Sale Of Security": NaN,
        "Net Non Operating Interest Income Expense": NaN,
        "Interest Expense Non Operating": NaN,
        "Interest Income Non Operating": NaN,
        "Operating Income": NaN,
        "Operating Expense": NaN,
        "Depreciation Amortization Depletion Income Statement": NaN,
        "Depreciation And Amortization In Income Statement": NaN,
        "Amortization": NaN,
        "Amortization Of Intangibles Income Statement": NaN,
        "Research And Development": NaN,
        "Selling General And Administration": NaN,
        "Selling And Marketing Expense": NaN,
        "General And Administrative Expense": NaN,
        "Other Gand A": NaN,
        "Gross Profit": NaN,
        "Cost Of Revenue": NaN,
        "Total Revenue": NaN,
        "Operating Revenue": NaN
    },
    "2023-12-31": {
        "Tax Effect Of Unusual Items": NaN,
        "Tax Rate For Calcs": NaN,
        "Normalized EBITDA": NaN,
        "Total Unusual Items": NaN,
        "Total Unusual Items Excluding Goodwill": NaN,
        "Net Income From Continuing Operation Net Minority Interest": NaN,
        "Reconciled Depreciation": NaN,
        "Reconciled Cost Of Revenue": NaN,
        "EBITDA": NaN,
        "EBIT": NaN,
        "Net Interest Income": NaN,
        "Interest Expense": NaN,
        "Interest Income": NaN,
        "Normalized Income": NaN,
        "Net Income From Continuing And Discontinued Operation": NaN,
        "Total Expenses": NaN,
        "Total Operating Income As Reported": NaN,
        "Diluted Average Shares": NaN,
        "Basic Average Shares": NaN,
        "Diluted EPS": NaN,
        "Basic EPS": NaN,
        "Diluted NI Availto Com Stockholders": NaN,
        "Net Income Common Stockholders": NaN,
        "Net Income": NaN,
        "Net Income Including Noncontrolling Interests": NaN,
        "Net Income Continuous Operations": NaN,
        "Tax Provision": NaN,
        "Pretax Income": NaN,
        "Other Income Expense": NaN,
        "Other Non Operating Income Expenses": NaN,
        "Special Income Charges": NaN,
        "Other Special Charges": -5700000.0,
        "Impairment Of Capital Assets": NaN,
        "Restructuring And Mergern Acquisition": NaN,
        "Earnings From Equity Interest": NaN,
        "Gain On Sale Of Security": -13100000.0,
        "Net Non Operating Interest Income Expense": NaN,
        "Interest Expense Non Operating": NaN,
        "Interest Income Non Operating": NaN,
        "Operating Income": NaN,
        "Operating Expense": NaN,
        "Depreciation Amortization Depletion Income Statement": NaN,
        "Depreciation And Amortization In Income Statement": NaN,
        "Amortization": NaN,
        "Amortization Of Intangibles Income Statement": NaN,
        "Research And Development": NaN,
        "Selling General And Administration": NaN,
        "Selling And Marketing Expense": NaN,
        "General And Administrative Expense": NaN,
        "Other Gand A": NaN,
        "Gross Profit": NaN,
        "Cost Of Revenue": NaN,
        "Total Revenue": NaN,
        "Operating Revenue": NaN
    },
    "2024-03-31": {
        "Tax Effect Of Unusual Items": NaN,
        "Tax Rate For Calcs": NaN,
        "Normalized EBITDA": NaN,
        "Total Unusual Items": NaN,
        "Total Unusual Items Excluding Goodwill": NaN,
        "Net Income From Continuing Operation Net Minority Interest": NaN,
        "Reconciled Depreciation": NaN,
        "Reconciled Cost Of Revenue": NaN,
        "EBITDA": NaN,
        "EBIT": NaN,
        "Net Interest Income": NaN,
        "Interest Expense": NaN,
        "Interest Income": NaN,
        "Normalized Income": NaN,
        "Net Income From Continuing And Discontinued Operation": NaN,
        "Total Expenses": NaN,
        "Total Operating Income As Reported": NaN,
        "Diluted Average Shares": NaN,
        "Basic Average Shares": NaN,
        "Diluted EPS": NaN,
        "Basic EPS": NaN,
        "Diluted NI Availto Com Stockholders": NaN,
        "Net Income Common Stockholders": NaN,
        "Net Income": NaN,
        "Net Income Including Noncontrolling Interests": NaN,
        "Net Income Continuous Operations": NaN,
        "Tax Provision": NaN,
        "Pretax Income": NaN,
        "Other Income Expense": NaN,
        "Other Non Operating Income Expenses": 9400000.0,
        "Special Income Charges": NaN,
        "Impairment Of Capital Assets": NaN,
        "Restructuring And Mergern Acquisition": NaN,
        "Earnings From Equity Interest": NaN,
        "Gain On Sale Of Security": NaN,
        "Net Non Operating Interest Income Expense": NaN,
        "Interest Expense Non Operating": NaN,
        "Interest Income Non Operating": NaN,
        "Operating Income": NaN,
        "Operating Expense": NaN,
        "Depreciation Amortization Depletion Income Statement": NaN,
        "Depreciation And Amortization In Income Statement": NaN,
        "Amortization": NaN,
        "Amortization Of Intangibles Income Statement": NaN,
        "Research And Development": NaN,
        "Selling General And Administration": NaN,
        "Selling And Marketing Expense": NaN,
        "General And Administrative Expense": NaN,
        "Other Gand A": NaN,
        "Gross Profit": NaN,
        "Cost Of Revenue": NaN,
        "Total Revenue": NaN,
        "Operating Revenue": NaN
    },
    "2024-06-30": {
        "Tax Effect Of Unusual Items": NaN,
        "Tax Rate For Calcs": NaN,
        "Normalized EBITDA": NaN,
        "Total Unusual Items": NaN,
        "Total Unusual Items Excluding Goodwill": NaN,
        "Net Income From Continuing Operation Net Minority Interest": NaN,
        "Reconciled Depreciation": NaN,
        "Reconciled Cost Of Revenue": NaN,
        "EBITDA": NaN,
        "EBIT": NaN,
        "Net Interest Income": NaN,
        "Interest Expense": NaN,
        "Interest Income": NaN,
        "Normalized Income": NaN,
        "Net Income From Continuing And Discontinued Operation": NaN,
        "Total Expenses": NaN,
        "Total Operating Income As Reported": NaN,
        "Diluted Average Shares": NaN,
        "Basic Average Shares": NaN,
        "Diluted EPS": NaN,
        "Basic EPS": NaN,
        "Diluted NI Availto Com Stockholders": NaN,
        "Net Income Common Stockholders": NaN,
        "Net Income": NaN,
        "Net Income Including Noncontrolling Interests": NaN,
        "Net Income Continuous Operations": NaN,
        "Tax Provision": NaN,
        "Pretax Income": NaN,
        "Other Income Expense": NaN,
        "Other Non Operating Income Expenses": 200000.0,
        "Special Income Charges": NaN,
        "Other Special Charges": NaN,
        "Impairment Of Capital Assets": NaN,
        "Restructuring And Mergern Acquisition": NaN,
        "Earnings From Equity Interest": NaN,
        "Gain On Sale Of Security": NaN,
        "Net Non Operating Interest Income Expense": NaN,
        "Interest Expense Non Operating": NaN,
        "Interest Income Non Operating": NaN,
        "Operating Income": NaN,
        "Operating Expense": NaN,
        "Depreciation Amortization Depletion Income Statement": NaN,
        "Depreciation And Amortization In Income Statement": NaN,
        "Amortization": NaN,
        "Amortization Of Intangibles Income Statement": NaN,
        "Research And Development": NaN,
        "Selling General And Administration": NaN,
        "Selling And Marketing Expense": NaN,
        "General And Administrative Expense": NaN,
        "Other Gand A": NaN,
        "Gross Profit": NaN,
        "Cost Of Revenue": NaN,
        "Total Revenue": NaN,
        "Operating Revenue": NaN
    },
    "2024-09-30": {
        "Tax Effect Of Unusual Items": NaN,
        "Tax Rate For Calcs": NaN,
        "Normalized EBITDA": NaN,
        "Total Unusual Items": NaN,
        "Total Unusual Items Excluding Goodwill": NaN,
        "Net Income From Continuing Operation Net Minority Interest": NaN,
        "Reconciled Depreciation": NaN,
        "Reconciled Cost Of Revenue": NaN,
        "EBITDA": NaN,
        "EBIT": NaN,
        "Net Interest Income": NaN,
        "Interest Expense": NaN,
        "Interest Income": NaN,
        "Normalized Income": NaN,
        "Net Income From Continuing And Discontinued Operation": NaN,
        "Total Expenses": NaN,
        "Total Operating Income As Reported": NaN,
        "Diluted Average Shares": NaN,
        "Basic Average Shares": NaN,
        "Diluted EPS": NaN,
        "Basic EPS": NaN,
        "Diluted NI Availto Com Stockholders": NaN,
        "Net Income Common Stockholders": NaN,
        "Net Income": NaN,
        "Net Income Including Noncontrolling Interests": NaN,
        "Net Income Continuous Operations": NaN,
        "Tax Provision": NaN,
        "Pretax Income": NaN,
        "Other Income Expense": NaN,
        "Other Non Operating Income Expenses": -4900000.0,
        "Special Income Charges": NaN,
        "Other Special Charges": NaN,
        "Impairment Of Capital Assets": 0.0,
        "Restructuring And Mergern Acquisition": NaN,
        "Earnings From Equity Interest": NaN,
        "Gain On Sale Of Security": NaN,
        "Net Non Operating Interest Income Expense": NaN,
        "Interest Expense Non Operating": NaN,
        "Interest Income Non Operating": NaN,
        "Operating Income": NaN,
        "Operating Expense": NaN,
        "Depreciation Amortization Depletion Income Statement": NaN,
        "Depreciation And Amortization In Income Statement": NaN,
        "Amortization": NaN,
        "Amortization Of Intangibles Income Statement": NaN,
        "Research And Development": NaN,
        "Selling General And Administration": NaN,
        "Selling And Marketing Expense": NaN,
        "General And Administrative Expense": NaN,
        "Other Gand A": NaN,
        "Gross Profit": NaN,
        "Cost Of Revenue": NaN,
        "Total Revenue": NaN,
        "Operating Revenue": NaN
    },
    "2024-12-31": {
        "Tax Effect Of Unusual Items": 4076969.69697,
        "Tax Rate For Calcs": 0.187879,
        "Normalized EBITDA": 330300000.0,
        "Total Unusual Items": 21700000.0,
        "Total Unusual Items Excluding Goodwill": 21700000.0,
        "Net Income From Continuing Operation Net Minority Interest": 201000000.0,
        "Reconciled Depreciation": 74000000.0,
        "Reconciled Cost Of Revenue": 372000000.0,
        "EBITDA": 352000000.0,
        "EBIT": 278000000.0,
        "Net Interest Income": -6300000.0,
        "Interest Expense": 30500000.0,
        "Interest Income": 24200000.0,
        "Normalized Income": 183376969.69697,
        "Net Income From Continuing And Discontinued Operation": 201000000.0,
        "Total Expenses": 788100000.0,
        "Total Operating Income As Reported": 229800000.0,
        "Diluted Average Shares": 232107000.0,
        "Basic Average Shares": 230284000.0,
        "Diluted EPS": 0.87,
        "Basic EPS": 0.87,
        "Diluted NI Availto Com Stockholders": 201000000.0,
        "Net Income Common Stockholders": 201000000.0,
        "Net Income": 201000000.0,
        "Net Income Including Noncontrolling Interests": 201000000.0,
        "Net Income Continuous Operations": 201000000.0,
        "Tax Provision": 46500000.0,
        "Pretax Income": 247500000.0,
        "Other Income Expense": 20200000.0,
        "Other Non Operating Income Expenses": NaN,
        "Special Income Charges": -3900000.0,
        "Other Special Charges": NaN,
        "Impairment Of Capital Assets": 0.0,
        "Restructuring And Mergern Acquisition": 3900000.0,
        "Earnings From Equity Interest": -1500000.0,
        "Gain On Sale Of Security": 25600000.0,
        "Net Non Operating Interest Income Expense": -6300000.0,
        "Interest Expense Non Operating": 30500000.0,
        "Interest Income Non Operating": 24200000.0,
        "Operating Income": 233700000.0,
        "Operating Expense": 346800000.0,
        "Depreciation Amortization Depletion Income Statement": 4700000.0,
        "Depreciation And Amortization In Income Statement": 4700000.0,
        "Amortization": 4700000.0,
        "Amortization Of Intangibles Income Statement": 4700000.0,
        "Research And Development": 60300000.0,
        "Selling General And Administration": 281800000.0,
        "Selling And Marketing Expense": 166100000.0,
        "General And Administrative Expense": 115700000.0,
        "Other Gand A": 115700000.0,
        "Gross Profit": 580500000.0,
        "Cost Of Revenue": 441300000.0,
        "Total Revenue": 1021800000.0,
        "Operating Revenue": 1021800000.0
    },
    "2025-03-31": {
        "Tax Effect Of Unusual Items": -17466100.0,
        "Tax Rate For Calcs": 0.389,
        "Normalized EBITDA": 121700000.0,
        "Total Unusual Items": -44900000.0,
        "Total Unusual Items Excluding Goodwill": -44900000.0,
        "Net Income From Continuing Operation Net Minority Interest": -17400000.0,
        "Reconciled Depreciation": 76200000.0,
        "Reconciled Cost Of Revenue": 555600000.0,
        "EBITDA": 76800000.0,
        "EBIT": 600000.0,
        "Net Interest Income": -14200000.0,
        "Interest Expense": 29100000.0,
        "Interest Income": 14900000.0,
        "Normalized Income": 10033900.0,
        "Net Income From Continuing And Discontinued Operation": -17400000.0,
        "Total Expenses": 967400000.0,
        "Total Operating Income As Reported": -7000000.0,
        "Diluted Average Shares": 225774000.0,
        "Basic Average Shares": 225774000.0,
        "Diluted EPS": -0.08,
        "Basic EPS": -0.08,
        "Diluted NI Availto Com Stockholders": -17400000.0,
        "Net Income Common Stockholders": -17400000.0,
        "Net Income": -17400000.0,
        "Net Income Including Noncontrolling Interests": -17400000.0,
        "Net Income Continuous Operations": -17400000.0,
        "Tax Provision": -11100000.0,
        "Pretax Income": -28500000.0,
        "Other Income Expense": -52200000.0,
        "Other Non Operating Income Expenses": -7300000.0,
        "Special Income Charges": -44900000.0,
        "Other Special Charges": NaN,
        "Impairment Of Capital Assets": 37500000.0,
        "Restructuring And Mergern Acquisition": 7400000.0,
        "Earnings From Equity Interest": NaN,
        "Gain On Sale Of Security": NaN,
        "Net Non Operating Interest Income Expense": -14200000.0,
        "Interest Expense Non Operating": 29100000.0,
        "Interest Income Non Operating": 14900000.0,
        "Operating Income": 37900000.0,
        "Operating Expense": 339400000.0,
        "Depreciation Amortization Depletion Income Statement": 3800000.0,
        "Depreciation And Amortization In Income Statement": 3800000.0,
        "Amortization": 3800000.0,
        "Amortization Of Intangibles Income Statement": 3800000.0,
        "Research And Development": 61500000.0,
        "Selling General And Administration": 274100000.0,
        "Selling And Marketing Expense": 154400000.0,
        "General And Administrative Expense": 119700000.0,
        "Other Gand A": 119700000.0,
        "Gross Profit": 377300000.0,
        "Cost Of Revenue": 628000000.0,
        "Total Revenue": 1005300000.0,
        "Operating Revenue": 1005300000.0
    },
    "2025-06-30": {
        "Tax Effect Of Unusual Items": -1077300.0,
        "Tax Rate For Calcs": 0.171,
        "Normalized EBITDA": 340300000.0,
        "Total Unusual Items": -6300000.0,
        "Total Unusual Items Excluding Goodwill": -6300000.0,
        "Net Income From Continuing Operation Net Minority Interest": 194900000.0,
        "Reconciled Depreciation": 70100000.0,
        "Reconciled Cost Of Revenue": 380100000.0,
        "EBITDA": 334000000.0,
        "EBIT": 263900000.0,
        "Net Interest Income": -12500000.0,
        "Interest Expense": 28900000.0,
        "Interest Income": 16400000.0,
        "Normalized Income": 200122700.0,
        "Net Income From Continuing And Discontinued Operation": 194900000.0,
        "Total Expenses": 762900000.0,
        "Total Operating Income As Reported": 254600000.0,
        "Diluted Average Shares": 225462000.0,
        "Basic Average Shares": 224315000.0,
        "Diluted EPS": 0.86,
        "Basic EPS": 0.87,
        "Diluted NI Availto Com Stockholders": 194900000.0,
        "Net Income Common Stockholders": 194900000.0,
        "Net Income": 194900000.0,
        "Net Income Including Noncontrolling Interests": 194900000.0,
        "Net Income Continuous Operations": 194900000.0,
        "Tax Provision": 40100000.0,
        "Pretax Income": 235000000.0,
        "Other Income Expense": -13400000.0,
        "Other Non Operating Income Expenses": -7100000.0,
        "Special Income Charges": -6300000.0,
        "Other Special Charges": NaN,
        "Impairment Of Capital Assets": 0.0,
        "Restructuring And Mergern Acquisition": 6300000.0,
        "Earnings From Equity Interest": NaN,
        "Gain On Sale Of Security": NaN,
        "Net Non Operating Interest Income Expense": -12500000.0,
        "Interest Expense Non Operating": 28900000.0,
        "Interest Income Non Operating": 16400000.0,
        "Operating Income": 260900000.0,
        "Operating Expense": 315700000.0,
        "Depreciation Amortization Depletion Income Statement": 3000000.0,
        "Depreciation And Amortization In Income Statement": 3000000.0,
        "Amortization": 3000000.0,
        "Amortization Of Intangibles Income Statement": 3000000.0,
        "Research And Development": 61400000.0,
        "Selling General And Administration": 251300000.0,
        "Selling And Marketing Expense": 152200000.0,
        "General And Administrative Expense": 99100000.0,
        "Other Gand A": 99100000.0,
        "Gross Profit": 576600000.0,
        "Cost Of Revenue": 447200000.0,
        "Total Revenue": 1023800000.0,
        "Operating Revenue": 1023800000.0
    },
    "2025-09-30": {
        "Tax Effect Of Unusual Items": -2816901.408451,
        "Tax Rate For Calcs": 0.176056,
        "Normalized EBITDA": 351300000.0,
        "Total Unusual Items": -16000000.0,
        "Total Unusual Items Excluding Goodwill": -16000000.0,
        "Net Income From Continuing Operation Net Minority Interest": 187200000.0,
        "Reconciled Depreciation": 79500000.0,
        "Reconciled Cost Of Revenue": 389500000.0,
        "EBITDA": 335300000.0,
        "EBIT": 255800000.0,
        "Net Interest Income": -9700000.0,
        "Interest Expense": 28600000.0,
        "Interest Income": 18900000.0,
        "Normalized Income": 200383098.591549,
        "Net Income From Continuing And Discontinued Operation": 187200000.0,
        "Total Expenses": 796700000.0,
        "Total Operating Income As Reported": 236900000.0,
        "Diluted Average Shares": 225730000.0,
        "Basic Average Shares": 224252000.0,
        "Diluted EPS": 0.83,
        "Basic EPS": 0.84,
        "Diluted NI Availto Com Stockholders": 187200000.0,
        "Net Income Common Stockholders": 187200000.0,
        "Net Income": 187200000.0,
        "Net Income Including Noncontrolling Interests": 187200000.0,
        "Net Income Continuous Operations": 187200000.0,
        "Tax Provision": 40000000.0,
        "Pretax Income": 227200000.0,
        "Other Income Expense": -16000000.0,
        "Other Non Operating Income Expenses": 0.0,
        "Special Income Charges": -16000000.0,
        "Other Special Charges": NaN,
        "Impairment Of Capital Assets": 5000000.0,
        "Restructuring And Mergern Acquisition": 11000000.0,
        "Earnings From Equity Interest": NaN,
        "Gain On Sale Of Security": NaN,
        "Net Non Operating Interest Income Expense": -9700000.0,
        "Interest Expense Non Operating": 28600000.0,
        "Interest Income Non Operating": 18900000.0,
        "Operating Income": 252900000.0,
        "Operating Expense": 330600000.0,
        "Depreciation Amortization Depletion Income Statement": 2900000.0,
        "Depreciation And Amortization In Income Statement": 2900000.0,
        "Amortization": 2900000.0,
        "Amortization Of Intangibles Income Statement": 2900000.0,
        "Research And Development": 65100000.0,
        "Selling General And Administration": 262600000.0,
        "Selling And Marketing Expense": 147800000.0,
        "General And Administrative Expense": 114800000.0,
        "Other Gand A": 114800000.0,
        "Gross Profit": 583500000.0,
        "Cost Of Revenue": 466100000.0,
        "Total Revenue": 1049600000.0,
        "Operating Revenue": 1049600000.0
    },
    "2025-12-31": {
        "Tax Effect Of Unusual Items": -132172.398781,
        "Tax Rate For Calcs": 0.220287,
        "Normalized EBITDA": 327500000.0,
        "Total Unusual Items": -600000.0,
        "Total Unusual Items Excluding Goodwill": -600000.0,
        "Net Income From Continuing Operation Net Minority Interest": 179100000.0,
        "Reconciled Depreciation": 69600000.0,
        "Reconciled Cost Of Revenue": 394100000.0,
        "EBITDA": 326900000.0,
        "EBIT": 257300000.0,
        "Net Interest Income": -7900000.0,
        "Interest Expense": 27600000.0,
        "Interest Income": 19700000.0,
        "Normalized Income": 179567827.601219,
        "Net Income From Continuing And Discontinued Operation": 179100000.0,
        "Total Expenses": 806900000.0,
        "Total Operating Income As Reported": 237000000.0,
        "Diluted Average Shares": 225879000.0,
        "Basic Average Shares": 224405000.0,
        "Diluted EPS": 0.79,
        "Basic EPS": 0.8,
        "Diluted NI Availto Com Stockholders": 179100000.0,
        "Net Income Common Stockholders": 179100000.0,
        "Net Income": 179100000.0,
        "Net Income Including Noncontrolling Interests": 179100000.0,
        "Net Income Continuous Operations": 179100000.0,
        "Tax Provision": 50600000.0,
        "Pretax Income": 229700000.0,
        "Other Income Expense": -3400000.0,
        "Other Non Operating Income Expenses": NaN,
        "Special Income Charges": -1000000.0,
        "Other Special Charges": -2900000.0,
        "Impairment Of Capital Assets": NaN,
        "Restructuring And Mergern Acquisition": 3900000.0,
        "Earnings From Equity Interest": -2800000.0,
        "Gain On Sale Of Security": 400000.0,
        "Net Non Operating Interest Income Expense": -7900000.0,
        "Interest Expense Non Operating": 27600000.0,
        "Interest Income Non Operating": 19700000.0,
        "Operating Income": 240900000.0,
        "Operating Expense": 345500000.0,
        "Depreciation Amortization Depletion Income Statement": 2300000.0,
        "Depreciation And Amortization In Income Statement": 2300000.0,
        "Amortization": 2300000.0,
        "Amortization Of Intangibles Income Statement": 2300000.0,
        "Research And Development": 60500000.0,
        "Selling General And Administration": 282700000.0,
        "Selling And Marketing Expense": 154900000.0,
        "General And Administrative Expense": 127800000.0,
        "Other Gand A": 127800000.0,
        "Gross Profit": 586400000.0,
        "Cost Of Revenue": 461400000.0,
        "Total Revenue": 1047800000.0,
        "Operating Revenue": 1047800000.0
    }
}