{
    "2023-03-31": {
        "Tax Effect Of Unusual Items": NaN,
        "Tax Rate For Calcs": NaN,
        "Normalized EBITDA": NaN,
        "Total Unusual Items": -8000000.0,
        "Total Unusual Items Excluding Goodwill": -8000000.0,
        "Net Income From Continuing Operation Net Minority Interest": NaN,
        "Reconciled Depreciation": NaN,
        "Reconciled Cost Of Revenue": NaN,
        "EBITDA": NaN,
        "EBIT": NaN,
        "Normalized Income": NaN,
        "Net Income From Continuing And Discontinued Operation": NaN,
        "Total Expenses": NaN,
        "Diluted Average Shares": NaN,
        "Basic Average Shares": NaN,
        "Diluted EPS": NaN,
        "Basic EPS": NaN,
        "Diluted NI Availto Com Stockholders": NaN,
        "Net Income Common Stockholders": NaN,
        "Otherunder Preferred Stock Dividend": NaN,
        "Net Income": NaN,
        "Net Income Including Noncontrolling Interests": NaN,
        "Net Income Continuous Operations": NaN,
        "Tax Provision": NaN,
        "Pretax Income": NaN,
        "Other Income Expense": NaN,
        "Other Non Operating Income Expenses": NaN,
        "Special Income Charges": -8000000.0,
        "Other Special Charges": 8000000.0,
        "Gain On Sale Of Security": NaN,
        "Operating Income": NaN,
        "Operating Expense": NaN,
        "Other Operating Expenses": NaN,
        "Provision For Doubtful Accounts": NaN,
        "Research And Development": NaN,
        "Selling General And Administration": NaN,
        "Selling And Marketing Expense": NaN,
        "General And Administrative Expense": NaN,
        "Other Gand A": NaN,
        "Salaries And Wages": NaN,
        "Gross Profit": NaN,
        "Cost Of Revenue": NaN,
        "Total Revenue": NaN,
        "Operating Revenue": NaN
    },
    "2022-12-31": {
        "Tax Effect Of Unusual Items": NaN,
        "Tax Rate For Calcs": NaN,
        "Normalized EBITDA": NaN,
        "Total Unusual Items": NaN,
        "Total Unusual Items Excluding Goodwill": NaN,
        "Net Income From Continuing Operation Net Minority Interest": NaN,
        "Reconciled Depreciation": NaN,
        "Reconciled Cost Of Revenue": NaN,
        "EBITDA": NaN,
        "EBIT": NaN,
        "Normalized Income": NaN,
        "Net Income From Continuing And Discontinued Operation": NaN,
        "Total Expenses": NaN,
        "Diluted Average Shares": NaN,
        "Basic Average Shares": NaN,
        "Diluted EPS": NaN,
        "Basic EPS": NaN,
        "Diluted NI Availto Com Stockholders": NaN,
        "Net Income Common Stockholders": NaN,
        "Otherunder Preferred Stock Dividend": 0.0,
        "Net Income": NaN,
        "Net Income Including Noncontrolling Interests": NaN,
        "Net Income Continuous Operations": NaN,
        "Tax Provision": NaN,
        "Pretax Income": NaN,
        "Other Income Expense": NaN,
        "Other Non Operating Income Expenses": -14000000.0,
        "Special Income Charges": 2000000.0,
        "Other Special Charges": 0.0,
        "Impairment Of Capital Assets": -2000000.0,
        "Gain On Sale Of Security": NaN,
        "Operating Income": NaN,
        "Operating Expense": NaN,
        "Other Operating Expenses": NaN,
        "Provision For Doubtful Accounts": NaN,
        "Research And Development": NaN,
        "Selling General And Administration": NaN,
        "Selling And Marketing Expense": NaN,
        "General And Administrative Expense": NaN,
        "Other Gand A": NaN,
        "Insurance And Claims": 10000000.0,
        "Salaries And Wages": NaN,
        "Gross Profit": NaN,
        "Cost Of Revenue": NaN,
        "Total Revenue": NaN,
        "Operating Revenue": NaN
    },
    "2022-09-30": {
        "Tax Effect Of Unusual Items": NaN,
        "Tax Rate For Calcs": NaN,
        "Normalized EBITDA": NaN,
        "Total Unusual Items": NaN,
        "Total Unusual Items Excluding Goodwill": NaN,
        "Net Income From Continuing Operation Net Minority Interest": NaN,
        "Reconciled Depreciation": NaN,
        "Reconciled Cost Of Revenue": NaN,
        "EBITDA": NaN,
        "EBIT": NaN,
        "Normalized Income": NaN,
        "Net Income From Continuing And Discontinued Operation": NaN,
        "Total Expenses": NaN,
        "Diluted Average Shares": NaN,
        "Basic Average Shares": NaN,
        "Diluted EPS": NaN,
        "Basic EPS": NaN,
        "Diluted NI Availto Com Stockholders": NaN,
        "Net Income Common Stockholders": NaN,
        "Otherunder Preferred Stock Dividend": 0.0,
        "Net Income": NaN,
        "Net Income Including Noncontrolling Interests": NaN,
        "Net Income Continuous Operations": NaN,
        "Tax Provision": NaN,
        "Pretax Income": NaN,
        "Other Income Expense": NaN,
        "Other Non Operating Income Expenses": NaN,
        "Special Income Charges": NaN,
        "Other Special Charges": 1000000.0,
        "Impairment Of Capital Assets": 47000000.0,
        "Gain On Sale Of Security": -47000000.0,
        "Operating Income": NaN,
        "Operating Expense": NaN,
        "Other Operating Expenses": NaN,
        "Provision For Doubtful Accounts": NaN,
        "Research And Development": NaN,
        "Selling General And Administration": NaN,
        "Selling And Marketing Expense": NaN,
        "General And Administrative Expense": NaN,
        "Other Gand A": NaN,
        "Insurance And Claims": 10000000.0,
        "Salaries And Wages": NaN,
        "Gross Profit": NaN,
        "Cost Of Revenue": NaN,
        "Total Revenue": NaN,
        "Operating Revenue": NaN
    },
    "2022-06-30": {
        "Tax Effect Of Unusual Items": 0.0,
        "Tax Rate For Calcs": 0.4,
        "Normalized EBITDA": -275000000.0,
        "Total Unusual Items": -11000000.0,
        "Total Unusual Items Excluding Goodwill": -11000000.0,
        "Net Income From Continuing Operation Net Minority Interest": -295000000.0,
        "Reconciled Depreciation": 17000000.0,
        "Reconciled Cost Of Revenue": 30000000.0,
        "EBITDA": -275000000.0,
        "EBIT": -292000000.0,
        "Normalized Income": -295000000.0,
        "Net Income From Continuing And Discontinued Operation": -295000000.0,
        "Total Expenses": 610000000.0,
        "Diluted Average Shares": 874873301.0,
        "Basic Average Shares": 874873301.0,
        "Diluted EPS": -0.34,
        "Basic EPS": -0.34,
        "Diluted NI Availto Com Stockholders": -295000000.0,
        "Average Dilution Earnings": 0.0,
        "Net Income Common Stockholders": -295000000.0,
        "Otherunder Preferred Stock Dividend": 0.0,
        "Net Income": -295000000.0,
        "Net Income Including Noncontrolling Interests": -295000000.0,
        "Net Income Continuous Operations": -295000000.0,
        "Tax Provision": 1000000.0,
        "Pretax Income": -294000000.0,
        "Other Income Expense": -2000000.0,
        "Other Non Operating Income Expenses": -2000000.0,
        "Special Income Charges": -11000000.0,
        "Other Special Charges": 11000000.0,
        "Impairment Of Capital Assets": NaN,
        "Operating Income": -292000000.0,
        "Operating Expense": 580000000.0,
        "Other Operating Expenses": 86000000.0,
        "Provision For Doubtful Accounts": 12000000.0,
        "Research And Development": 244000000.0,
        "Selling General And Administration": 250000000.0,
        "Selling And Marketing Expense": 24000000.0,
        "General And Administrative Expense": 226000000.0,
        "Other Gand A": 226000000.0,
        "Insurance And Claims": 10000000.0,
        "Salaries And Wages": 218000000.0,
        "Gross Profit": 288000000.0,
        "Cost Of Revenue": 30000000.0,
        "Total Revenue": 318000000.0,
        "Operating Revenue": 276000000.0
    },
    "2023-06-30": {
        "Tax Effect Of Unusual Items": NaN,
        "Tax Rate For Calcs": NaN,
        "Normalized EBITDA": NaN,
        "Total Unusual Items": 0.0,
        "Total Unusual Items Excluding Goodwill": 0.0,
        "Net Income From Continuing Operation Net Minority Interest": NaN,
        "Reconciled Depreciation": NaN,
        "Reconciled Cost Of Revenue": NaN,
        "EBITDA": NaN,
        "EBIT": NaN,
        "Normalized Income": NaN,
        "Net Income From Continuing And Discontinued Operation": NaN,
        "Total Expenses": NaN,
        "Diluted Average Shares": NaN,
        "Basic Average Shares": NaN,
        "Diluted EPS": NaN,
        "Basic EPS": NaN,
        "Diluted NI Availto Com Stockholders": NaN,
        "Net Income Common Stockholders": NaN,
        "Otherunder Preferred Stock Dividend": NaN,
        "Net Income": NaN,
        "Net Income Including Noncontrolling Interests": NaN,
        "Net Income Continuous Operations": NaN,
        "Tax Provision": NaN,
        "Pretax Income": NaN,
        "Other Income Expense": NaN,
        "Other Non Operating Income Expenses": NaN,
        "Special Income Charges": 0.0,
        "Other Special Charges": NaN,
        "Gain On Sale Of Security": NaN,
        "Operating Income": NaN,
        "Operating Expense": NaN,
        "Other Operating Expenses": NaN,
        "Provision For Doubtful Accounts": NaN,
        "Research And Development": NaN,
        "Selling General And Administration": NaN,
        "Selling And Marketing Expense": NaN,
        "General And Administrative Expense": NaN,
        "Other Gand A": NaN,
        "Salaries And Wages": NaN,
        "Gross Profit": NaN,
        "Cost Of Revenue": NaN,
        "Total Revenue": NaN,
        "Operating Revenue": NaN
    },
    "2022-03-31": {
        "Diluted EPS": -0.45,
        "Total Revenue": 299,
        "Gross Profit": 268,
        "Operating Income": -391,
        "EBIT": -379,
        "Net Income": -392
    },
    "2021-12-31": {
        "Diluted EPS": 2.99,
        "Total Revenue": 363,
        "Gross Profit": 328,
        "Operating Income": -420,
        "EBIT": -411,
        "Net Income": -423
    },
    "2021-09-30": {
        "Diluted EPS": -2.06,
        "Total Revenue": 365,
        "Gross Profit": 321,
        "Operating Income": NaN,
        "EBIT": NaN,
        "Net Income": NaN
    },
    "2021-06-30": {
        "Diluted EPS": -2.16,
        "Total Revenue": 565,
        "Gross Profit": 527,
        "Operating Income": 64,
        "EBIT": 69,
        "Net Income": -502
    },
    "2021-03-31": {
        "Diluted EPS": -6.26,
        "Total Revenue": 522,
        "Gross Profit": 481,
        "Operating Income": 58,
        "EBIT": 62,
        "Net Income": NaN
    },
    "2020-12-31": {
        "Diluted EPS": 0.2,
        "Total Revenue": 317,
        "Gross Profit": 283,
        "Operating Income": 18,
        "EBIT": 21,
        "Net Income": 13
    },
    "2020-09-30": {
        "Diluted EPS": -0.05,
        "Total Revenue": 270,
        "Gross Profit": 238,
        "Operating Income": -11,
        "EBIT": -8,
        "Net Income": -11
    },
    "2020-06-30": {
        "Diluted EPS": 0.09,
        "Total Revenue": 244,
        "Gross Profit": 216,
        "Operating Income": 58,
        "EBIT": 60,
        "Net Income": 58
    },
    "2020-03-31": {
        "Diluted EPS": -0.23,
        "Total Revenue": 128,
        "Gross Profit": 107,
        "Operating Income": -52,
        "EBIT": -51,
        "Net Income": -53
    },
    "2019-12-31": {
        "Diluted EPS": 0.0,
        "Total Revenue": NaN,
        "Gross Profit": NaN,
        "Operating Income": NaN,
        "EBIT": NaN,
        "Net Income": NaN
    },
    "2023-09-30": {
        "Tax Effect Of Unusual Items": NaN,
        "Tax Rate For Calcs": NaN,
        "Normalized EBITDA": NaN,
        "Total Unusual Items": -107000000.0,
        "Total Unusual Items Excluding Goodwill": -107000000.0,
        "Net Income From Continuing Operation Net Minority Interest": NaN,
        "Reconciled Depreciation": NaN,
        "Reconciled Cost Of Revenue": NaN,
        "EBITDA": NaN,
        "EBIT": NaN,
        "Normalized Income": NaN,
        "Net Income From Continuing And Discontinued Operation": NaN,
        "Total Expenses": NaN,
        "Diluted Average Shares": NaN,
        "Basic Average Shares": NaN,
        "Diluted EPS": NaN,
        "Basic EPS": NaN,
        "Diluted NI Availto Com Stockholders": NaN,
        "Net Income Common Stockholders": NaN,
        "Otherunder Preferred Stock Dividend": 0.0,
        "Net Income": NaN,
        "Net Income Including Noncontrolling Interests": NaN,
        "Net Income Continuous Operations": NaN,
        "Tax Provision": NaN,
        "Pretax Income": NaN,
        "Other Income Expense": NaN,
        "Other Non Operating Income Expenses": NaN,
        "Special Income Charges": -107000000.0,
        "Other Special Charges": 107000000.0,
        "Gain On Sale Of Security": NaN,
        "Operating Income": NaN,
        "Operating Expense": NaN,
        "Other Operating Expenses": NaN,
        "Provision For Doubtful Accounts": NaN,
        "Research And Development": NaN,
        "Selling General And Administration": NaN,
        "Selling And Marketing Expense": NaN,
        "General And Administrative Expense": NaN,
        "Other Gand A": NaN,
        "Salaries And Wages": NaN,
        "Gross Profit": NaN,
        "Cost Of Revenue": NaN,
        "Total Revenue": NaN,
        "Operating Revenue": NaN
    },
    "2023-12-31": {
        "Tax Effect Of Unusual Items": NaN,
        "Tax Rate For Calcs": NaN,
        "Normalized EBITDA": NaN,
        "Total Unusual Items": -4000000.0,
        "Total Unusual Items Excluding Goodwill": -4000000.0,
        "Net Income From Continuing Operation Net Minority Interest": NaN,
        "Reconciled Depreciation": NaN,
        "Reconciled Cost Of Revenue": NaN,
        "EBITDA": NaN,
        "EBIT": NaN,
        "Normalized Income": NaN,
        "Net Income From Continuing And Discontinued Operation": NaN,
        "Total Expenses": NaN,
        "Diluted Average Shares": NaN,
        "Basic Average Shares": NaN,
        "Diluted EPS": NaN,
        "Basic EPS": NaN,
        "Diluted NI Availto Com Stockholders": NaN,
        "Net Income Common Stockholders": NaN,
        "Net Income": NaN,
        "Net Income Including Noncontrolling Interests": NaN,
        "Net Income Continuous Operations": NaN,
        "Tax Provision": NaN,
        "Pretax Income": NaN,
        "Other Income Expense": NaN,
        "Other Non Operating Income Expenses": NaN,
        "Special Income Charges": NaN,
        "Other Special Charges": NaN,
        "Gain On Sale Of Security": -4000000.0,
        "Operating Income": NaN,
        "Operating Expense": NaN,
        "Other Operating Expenses": NaN,
        "Provision For Doubtful Accounts": NaN,
        "Research And Development": NaN,
        "Selling General And Administration": NaN,
        "Selling And Marketing Expense": NaN,
        "General And Administrative Expense": NaN,
        "Other Gand A": NaN,
        "Salaries And Wages": NaN,
        "Gross Profit": NaN,
        "Cost Of Revenue": NaN,
        "Total Revenue": NaN,
        "Operating Revenue": NaN
    },
    "2024-03-31": {
        "Tax Effect Of Unusual Items": NaN,
        "Tax Rate For Calcs": NaN,
        "Normalized EBITDA": NaN,
        "Total Unusual Items": -2000000.0,
        "Total Unusual Items Excluding Goodwill": -2000000.0,
        "Net Income From Continuing Operation Net Minority Interest": NaN,
        "Reconciled Depreciation": NaN,
        "Reconciled Cost Of Revenue": NaN,
        "EBITDA": NaN,
        "EBIT": NaN,
        "Normalized Income": NaN,
        "Net Income From Continuing And Discontinued Operation": NaN,
        "Total Expenses": NaN,
        "Diluted Average Shares": NaN,
        "Basic Average Shares": NaN,
        "Diluted EPS": NaN,
        "Basic EPS": NaN,
        "Diluted NI Availto Com Stockholders": NaN,
        "Net Income Common Stockholders": NaN,
        "Net Income": NaN,
        "Net Income Including Noncontrolling Interests": NaN,
        "Net Income Continuous Operations": NaN,
        "Tax Provision": NaN,
        "Pretax Income": NaN,
        "Other Income Expense": NaN,
        "Other Non Operating Income Expenses": NaN,
        "Special Income Charges": -2000000.0,
        "Other Special Charges": 2000000.0,
        "Operating Income": NaN,
        "Operating Expense": NaN,
        "Other Operating Expenses": NaN,
        "Provision For Doubtful Accounts": NaN,
        "Research And Development": NaN,
        "Selling General And Administration": NaN,
        "Selling And Marketing Expense": NaN,
        "General And Administrative Expense": NaN,
        "Other Gand A": NaN,
        "Salaries And Wages": NaN,
        "Gross Profit": NaN,
        "Cost Of Revenue": NaN,
        "Total Revenue": NaN,
        "Operating Revenue": NaN
    },
    "2024-06-30": {
        "Tax Effect Of Unusual Items": 0.0,
        "Tax Rate For Calcs": 0.018,
        "Normalized EBITDA": 207000000.0,
        "Total Unusual Items": NaN,
        "Total Unusual Items Excluding Goodwill": NaN,
        "Net Income From Continuing Operation Net Minority Interest": 188000000.0,
        "Reconciled Depreciation": 18000000.0,
        "Reconciled Cost Of Revenue": 123000000.0,
        "EBITDA": 207000000.0,
        "EBIT": 189000000.0,
        "Normalized Income": 188000000.0,
        "Net Income From Continuing And Discontinued Operation": 188000000.0,
        "Total Expenses": 493000000.0,
        "Diluted Average Shares": 904490572.0,
        "Basic Average Shares": 881076624.0,
        "Diluted EPS": 0.21,
        "Basic EPS": 0.21,
        "Diluted NI Availto Com Stockholders": 188000000.0,
        "Net Income Common Stockholders": 188000000.0,
        "Net Income": 188000000.0,
        "Net Income Including Noncontrolling Interests": 188000000.0,
        "Net Income Continuous Operations": 188000000.0,
        "Tax Provision": 3000000.0,
        "Pretax Income": 191000000.0,
        "Other Income Expense": 2000000.0,
        "Other Non Operating Income Expenses": 2000000.0,
        "Special Income Charges": NaN,
        "Other Special Charges": NaN,
        "Operating Income": 189000000.0,
        "Operating Expense": 370000000.0,
        "Other Operating Expenses": 9000000.0,
        "Provision For Doubtful Accounts": 18000000.0,
        "Research And Development": 209000000.0,
        "Selling General And Administration": 134000000.0,
        "Selling And Marketing Expense": 55000000.0,
        "General And Administrative Expense": 79000000.0,
        "Other Gand A": 45000000.0,
        "Salaries And Wages": 34000000.0,
        "Gross Profit": 559000000.0,
        "Cost Of Revenue": 123000000.0,
        "Total Revenue": 682000000.0,
        "Operating Revenue": 612000000.0
    },
    "2024-09-30": {
        "Tax Effect Of Unusual Items": 0.0,
        "Tax Rate For Calcs": 0.019,
        "Normalized EBITDA": 171000000.0,
        "Total Unusual Items": NaN,
        "Total Unusual Items Excluding Goodwill": NaN,
        "Net Income From Continuing Operation Net Minority Interest": 150000000.0,
        "Reconciled Depreciation": 20000000.0,
        "Reconciled Cost Of Revenue": 121000000.0,
        "EBITDA": 171000000.0,
        "EBIT": 151000000.0,
        "Normalized Income": 150000000.0,
        "Net Income From Continuing And Discontinued Operation": 150000000.0,
        "Total Expenses": 486000000.0,
        "Diluted Average Shares": 905544750.0,
        "Basic Average Shares": 884108545.0,
        "Diluted EPS": 0.17,
        "Basic EPS": 0.17,
        "Diluted NI Availto Com Stockholders": 150000000.0,
        "Net Income Common Stockholders": 150000000.0,
        "Net Income": 150000000.0,
        "Net Income Including Noncontrolling Interests": 150000000.0,
        "Net Income Continuous Operations": 150000000.0,
        "Tax Provision": 3000000.0,
        "Pretax Income": 153000000.0,
        "Other Income Expense": 2000000.0,
        "Other Non Operating Income Expenses": 2000000.0,
        "Special Income Charges": NaN,
        "Other Special Charges": NaN,
        "Operating Income": 151000000.0,
        "Operating Expense": 365000000.0,
        "Other Operating Expenses": 8000000.0,
        "Provision For Doubtful Accounts": 23000000.0,
        "Research And Development": 205000000.0,
        "Selling General And Administration": 129000000.0,
        "Selling And Marketing Expense": 47000000.0,
        "General And Administrative Expense": 82000000.0,
        "Other Gand A": 51000000.0,
        "Salaries And Wages": 31000000.0,
        "Gross Profit": 516000000.0,
        "Cost Of Revenue": 121000000.0,
        "Total Revenue": 637000000.0,
        "Operating Revenue": 593000000.0
    },
    "2024-12-31": {
        "Tax Effect Of Unusual Items": 0.0,
        "Tax Rate For Calcs": 0.21,
        "Normalized EBITDA": 580000000.0,
        "Total Unusual Items": NaN,
        "Total Unusual Items Excluding Goodwill": NaN,
        "Net Income From Continuing Operation Net Minority Interest": 916000000.0,
        "Reconciled Depreciation": 22000000.0,
        "Reconciled Cost Of Revenue": 144000000.0,
        "EBITDA": 580000000.0,
        "EBIT": 558000000.0,
        "Normalized Income": 916000000.0,
        "Net Income From Continuing And Discontinued Operation": 916000000.0,
        "Total Expenses": 456000000.0,
        "Diluted Average Shares": 907767796.0,
        "Basic Average Shares": 883884676.0,
        "Diluted EPS": 1.01,
        "Basic EPS": 1.04,
        "Diluted NI Availto Com Stockholders": 916000000.0,
        "Net Income Common Stockholders": 916000000.0,
        "Net Income": 916000000.0,
        "Net Income Including Noncontrolling Interests": 916000000.0,
        "Net Income Continuous Operations": 916000000.0,
        "Tax Provision": -358000000.0,
        "Pretax Income": 558000000.0,
        "Other Income Expense": 0.0,
        "Other Non Operating Income Expenses": 2000000.0,
        "Special Income Charges": NaN,
        "Other Special Charges": NaN,
        "Operating Income": 558000000.0,
        "Operating Expense": 312000000.0,
        "Other Operating Expenses": 9000000.0,
        "Provision For Doubtful Accounts": 19000000.0,
        "Research And Development": 208000000.0,
        "Selling General And Administration": 76000000.0,
        "Selling And Marketing Expense": 71000000.0,
        "General And Administrative Expense": 5000000.0,
        "Other Gand A": -15000000.0,
        "Salaries And Wages": 20000000.0,
        "Gross Profit": 870000000.0,
        "Cost Of Revenue": 144000000.0,
        "Total Revenue": 1014000000.0,
        "Operating Revenue": 968000000.0
    },
    "2025-03-31": {
        "Tax Effect Of Unusual Items": -188000.0,
        "Tax Rate For Calcs": 0.094,
        "Normalized EBITDA": 394000000.0,
        "Total Unusual Items": -2000000.0,
        "Total Unusual Items Excluding Goodwill": -2000000.0,
        "Net Income From Continuing Operation Net Minority Interest": 336000000.0,
        "Reconciled Depreciation": 20000000.0,
        "Reconciled Cost Of Revenue": 134000000.0,
        "EBITDA": 392000000.0,
        "EBIT": 372000000.0,
        "Normalized Income": 337812000.0,
        "Net Income From Continuing And Discontinued Operation": 336000000.0,
        "Total Expenses": 555000000.0,
        "Diluted Average Shares": 909241619.0,
        "Basic Average Shares": 884577603.0,
        "Diluted EPS": 0.37,
        "Basic EPS": 0.37,
        "Diluted NI Availto Com Stockholders": 336000000.0,
        "Net Income Common Stockholders": 336000000.0,
        "Net Income": 336000000.0,
        "Net Income Including Noncontrolling Interests": 336000000.0,
        "Net Income Continuous Operations": 336000000.0,
        "Tax Provision": 35000000.0,
        "Pretax Income": 371000000.0,
        "Other Income Expense": -1000000.0,
        "Other Non Operating Income Expenses": 1000000.0,
        "Special Income Charges": -2000000.0,
        "Other Special Charges": 2000000.0,
        "Operating Income": 372000000.0,
        "Operating Expense": 421000000.0,
        "Other Operating Expenses": 11000000.0,
        "Provision For Doubtful Accounts": 24000000.0,
        "Research And Development": 214000000.0,
        "Selling General And Administration": 172000000.0,
        "Selling And Marketing Expense": 94000000.0,
        "General And Administrative Expense": 78000000.0,
        "Other Gand A": 49000000.0,
        "Salaries And Wages": 29000000.0,
        "Gross Profit": 793000000.0,
        "Cost Of Revenue": 134000000.0,
        "Total Revenue": 927000000.0,
        "Operating Revenue": 873000000.0
    },
    "2025-06-30": {
        "Tax Effect Of Unusual Items": 0.0,
        "Tax Rate For Calcs": 0.127,
        "Normalized EBITDA": 460000000.0,
        "Total Unusual Items": NaN,
        "Total Unusual Items Excluding Goodwill": NaN,
        "Net Income From Continuing Operation Net Minority Interest": 386000000.0,
        "Reconciled Depreciation": 21000000.0,
        "Reconciled Cost Of Revenue": 141000000.0,
        "EBITDA": 460000000.0,
        "EBIT": 439000000.0,
        "Normalized Income": 386000000.0,
        "Net Income From Continuing And Discontinued Operation": 386000000.0,
        "Total Expenses": 550000000.0,
        "Diluted Average Shares": 909127658.0,
        "Basic Average Shares": 882149402.0,
        "Diluted EPS": 0.42,
        "Basic EPS": 0.44,
        "Diluted NI Availto Com Stockholders": 386000000.0,
        "Net Income Common Stockholders": 386000000.0,
        "Net Income": 386000000.0,
        "Net Income Including Noncontrolling Interests": 386000000.0,
        "Net Income Continuous Operations": 386000000.0,
        "Tax Provision": 56000000.0,
        "Pretax Income": 442000000.0,
        "Other Income Expense": 3000000.0,
        "Other Non Operating Income Expenses": 3000000.0,
        "Special Income Charges": NaN,
        "Other Special Charges": NaN,
        "Operating Income": 439000000.0,
        "Operating Expense": 409000000.0,
        "Other Operating Expenses": 10000000.0,
        "Provision For Doubtful Accounts": 28000000.0,
        "Research And Development": 214000000.0,
        "Selling General And Administration": 157000000.0,
        "Selling And Marketing Expense": 86000000.0,
        "General And Administrative Expense": 71000000.0,
        "Other Gand A": 32000000.0,
        "Salaries And Wages": 39000000.0,
        "Gross Profit": 848000000.0,
        "Cost Of Revenue": 141000000.0,
        "Total Revenue": 989000000.0,
        "Operating Revenue": 896000000.0
    },
    "2025-09-30": {
        "Tax Effect Of Unusual Items": 0.0,
        "Tax Rate For Calcs": 0.123,
        "Normalized EBITDA": 657000000.0,
        "Total Unusual Items": NaN,
        "Total Unusual Items Excluding Goodwill": NaN,
        "Net Income From Continuing Operation Net Minority Interest": 556000000.0,
        "Reconciled Depreciation": 22000000.0,
        "Reconciled Cost Of Revenue": 169000000.0,
        "EBITDA": 657000000.0,
        "EBIT": 635000000.0,
        "Normalized Income": 556000000.0,
        "Net Income From Continuing And Discontinued Operation": 556000000.0,
        "Total Expenses": 639000000.0,
        "Diluted Average Shares": 917940660.0,
        "Basic Average Shares": 889261220.0,
        "Diluted EPS": 0.61,
        "Basic EPS": 0.63,
        "Diluted NI Availto Com Stockholders": 556000000.0,
        "Net Income Common Stockholders": 556000000.0,
        "Net Income": 556000000.0,
        "Net Income Including Noncontrolling Interests": 556000000.0,
        "Net Income Continuous Operations": 556000000.0,
        "Tax Provision": 78000000.0,
        "Pretax Income": 634000000.0,
        "Other Income Expense": -1000000.0,
        "Other Non Operating Income Expenses": -1000000.0,
        "Special Income Charges": NaN,
        "Other Special Charges": NaN,
        "Operating Income": 635000000.0,
        "Operating Expense": 470000000.0,
        "Other Operating Expenses": 11000000.0,
        "Provision For Doubtful Accounts": 26000000.0,
        "Research And Development": 237000000.0,
        "Selling General And Administration": 196000000.0,
        "Selling And Marketing Expense": 89000000.0,
        "General And Administrative Expense": 107000000.0,
        "Other Gand A": 69000000.0,
        "Salaries And Wages": 38000000.0,
        "Gross Profit": 1105000000.0,
        "Cost Of Revenue": 169000000.0,
        "Total Revenue": 1274000000.0,
        "Operating Revenue": 1186000000.0
    }
}