{
    "2023-03-31": {
        "Tax Effect Of Unusual Items": NaN,
        "Tax Rate For Calcs": NaN,
        "Normalized EBITDA": NaN,
        "Net Income From Continuing Operation Net Minority Interest": NaN,
        "Reconciled Depreciation": NaN,
        "Reconciled Cost Of Revenue": NaN,
        "EBITDA": NaN,
        "EBIT": NaN,
        "Net Interest Income": NaN,
        "Interest Expense": NaN,
        "Normalized Income": NaN,
        "Net Income From Continuing And Discontinued Operation": NaN,
        "Total Expenses": NaN,
        "Rent Expense Supplemental": 113242.0,
        "Total Operating Income As Reported": NaN,
        "Diluted Average Shares": NaN,
        "Basic Average Shares": NaN,
        "Diluted EPS": NaN,
        "Basic EPS": NaN,
        "Diluted NI Availto Com Stockholders": NaN,
        "Net Income Common Stockholders": NaN,
        "Net Income": NaN,
        "Net Income Including Noncontrolling Interests": NaN,
        "Net Income Continuous Operations": NaN,
        "Tax Provision": NaN,
        "Pretax Income": NaN,
        "Other Income Expense": NaN,
        "Other Non Operating Income Expenses": NaN,
        "Net Non Operating Interest Income Expense": NaN,
        "Interest Expense Non Operating": NaN,
        "Operating Income": NaN,
        "Operating Expense": NaN,
        "Other Taxes": 60540.0,
        "Selling General And Administration": NaN,
        "Selling And Marketing Expense": NaN,
        "General And Administrative Expense": NaN,
        "Other Gand A": NaN,
        "Insurance And Claims": 137381.0,
        "Rent And Landing Fees": 113242.0,
        "Salaries And Wages": 1122180.0,
        "Gross Profit": NaN,
        "Cost Of Revenue": NaN,
        "Total Revenue": NaN,
        "Operating Revenue": NaN
    },
    "2022-12-31": {
        "Tax Effect Of Unusual Items": NaN,
        "Tax Rate For Calcs": NaN,
        "Normalized EBITDA": NaN,
        "Net Income From Continuing Operation Net Minority Interest": NaN,
        "Reconciled Depreciation": NaN,
        "Reconciled Cost Of Revenue": NaN,
        "EBITDA": NaN,
        "EBIT": NaN,
        "Net Interest Income": NaN,
        "Interest Expense": NaN,
        "Normalized Income": NaN,
        "Net Income From Continuing And Discontinued Operation": NaN,
        "Total Expenses": NaN,
        "Rent Expense Supplemental": 276876.0,
        "Total Operating Income As Reported": NaN,
        "Diluted Average Shares": NaN,
        "Basic Average Shares": NaN,
        "Diluted EPS": NaN,
        "Basic EPS": NaN,
        "Diluted NI Availto Com Stockholders": NaN,
        "Net Income Common Stockholders": NaN,
        "Net Income": NaN,
        "Net Income Including Noncontrolling Interests": NaN,
        "Net Income Continuous Operations": NaN,
        "Tax Provision": NaN,
        "Pretax Income": NaN,
        "Other Income Expense": NaN,
        "Other Non Operating Income Expenses": NaN,
        "Net Non Operating Interest Income Expense": NaN,
        "Interest Expense Non Operating": NaN,
        "Operating Income": NaN,
        "Operating Expense": NaN,
        "Other Taxes": -145412.0,
        "Selling General And Administration": NaN,
        "Selling And Marketing Expense": NaN,
        "General And Administrative Expense": NaN,
        "Other Gand A": NaN,
        "Insurance And Claims": 143469.0,
        "Rent And Landing Fees": 276876.0,
        "Salaries And Wages": 2338257.0,
        "Gross Profit": NaN,
        "Cost Of Revenue": NaN,
        "Total Revenue": NaN,
        "Operating Revenue": NaN
    },
    "2022-09-30": {
        "Tax Effect Of Unusual Items": NaN,
        "Tax Rate For Calcs": NaN,
        "Normalized EBITDA": NaN,
        "Net Income From Continuing Operation Net Minority Interest": NaN,
        "Reconciled Depreciation": NaN,
        "Reconciled Cost Of Revenue": NaN,
        "EBITDA": NaN,
        "EBIT": NaN,
        "Net Interest Income": NaN,
        "Interest Expense": NaN,
        "Normalized Income": NaN,
        "Net Income From Continuing And Discontinued Operation": NaN,
        "Total Expenses": NaN,
        "Rent Expense Supplemental": 131373.0,
        "Total Operating Income As Reported": NaN,
        "Diluted Average Shares": 33300058.0,
        "Basic Average Shares": 33300058.0,
        "Diluted EPS": 0.01,
        "Basic EPS": 0.01,
        "Diluted NI Availto Com Stockholders": NaN,
        "Net Income Common Stockholders": NaN,
        "Net Income": NaN,
        "Net Income Including Noncontrolling Interests": NaN,
        "Net Income Continuous Operations": NaN,
        "Tax Provision": NaN,
        "Pretax Income": NaN,
        "Other Income Expense": NaN,
        "Other Non Operating Income Expenses": NaN,
        "Net Non Operating Interest Income Expense": NaN,
        "Interest Expense Non Operating": NaN,
        "Operating Income": NaN,
        "Operating Expense": NaN,
        "Other Taxes": 8218.0,
        "Selling General And Administration": NaN,
        "Selling And Marketing Expense": NaN,
        "General And Administrative Expense": NaN,
        "Other Gand A": NaN,
        "Insurance And Claims": 173915.0,
        "Rent And Landing Fees": 131373.0,
        "Salaries And Wages": 1106339.0,
        "Gross Profit": NaN,
        "Cost Of Revenue": NaN,
        "Total Revenue": NaN,
        "Operating Revenue": NaN
    },
    "2022-06-30": {
        "Tax Effect Of Unusual Items": 0.0,
        "Tax Rate For Calcs": 0.236367,
        "Normalized EBITDA": -375747.0,
        "Net Income From Continuing Operation Net Minority Interest": -313407.0,
        "Reconciled Depreciation": 14102.0,
        "Reconciled Cost Of Revenue": 6443910.0,
        "EBITDA": -375747.0,
        "EBIT": -389849.0,
        "Net Interest Income": -20567.0,
        "Interest Expense": 20567.0,
        "Normalized Income": -313407.0,
        "Net Income From Continuing And Discontinued Operation": -313407.0,
        "Total Expenses": 15200177.0,
        "Rent Expense Supplemental": 101393.0,
        "Total Operating Income As Reported": -399659.0,
        "Diluted Average Shares": 34939695.0,
        "Basic Average Shares": 34939695.0,
        "Diluted EPS": -0.01,
        "Basic EPS": -0.01,
        "Diluted NI Availto Com Stockholders": -313407.0,
        "Net Income Common Stockholders": -313407.0,
        "Net Income": -313407.0,
        "Net Income Including Noncontrolling Interests": -313407.0,
        "Net Income Continuous Operations": -313407.0,
        "Tax Provision": -97009.0,
        "Pretax Income": -410416.0,
        "Other Income Expense": 9810.0,
        "Other Non Operating Income Expenses": 9810.0,
        "Net Non Operating Interest Income Expense": -20567.0,
        "Interest Expense Non Operating": 20567.0,
        "Operating Income": -399659.0,
        "Operating Expense": 8756267.0,
        "Other Taxes": 72166.0,
        "Selling General And Administration": 8684101.0,
        "Selling And Marketing Expense": 6502976.0,
        "General And Administrative Expense": 2181125.0,
        "Other Gand A": 633763.0,
        "Insurance And Claims": 115201.0,
        "Rent And Landing Fees": 101393.0,
        "Salaries And Wages": 1330768.0,
        "Gross Profit": 8356608.0,
        "Cost Of Revenue": 6443910.0,
        "Total Revenue": 14800518.0,
        "Operating Revenue": 15836298.0
    },
    "2022-03-31": {
        "Diluted EPS": -0.02,
        "Total Revenue": 12,
        "Gross Profit": 6,
        "Operating Income": -1,
        "EBIT": -1,
        "Net Income": -1
    },
    "2021-12-31": {
        "Diluted EPS": 0.07,
        "Total Revenue": 31,
        "Gross Profit": 17,
        "Operating Income": 3,
        "EBIT": 3,
        "Net Income": 3
    },
    "2021-09-30": {
        "Diluted EPS": 0.01,
        "Total Revenue": 10,
        "Gross Profit": 6,
        "Operating Income": 0,
        "EBIT": 0,
        "Net Income": 0
    },
    "2021-06-30": {
        "Diluted EPS": 0.03,
        "Total Revenue": 12,
        "Gross Profit": 7,
        "Operating Income": 1,
        "EBIT": 1,
        "Net Income": 1
    },
    "2021-03-31": {
        "Diluted EPS": 0.03,
        "Total Revenue": 9,
        "Gross Profit": 5,
        "Operating Income": 1,
        "EBIT": 1,
        "Net Income": 1
    },
    "2020-12-31": {
        "Diluted EPS": 0.0,
        "Total Revenue": NaN,
        "Gross Profit": NaN,
        "Operating Income": NaN,
        "EBIT": NaN,
        "Net Income": NaN
    },
    "2023-06-30": {
        "Tax Effect Of Unusual Items": NaN,
        "Tax Rate For Calcs": NaN,
        "Normalized EBITDA": NaN,
        "Net Income From Continuing Operation Net Minority Interest": NaN,
        "Reconciled Depreciation": NaN,
        "Reconciled Cost Of Revenue": NaN,
        "EBITDA": NaN,
        "EBIT": NaN,
        "Net Interest Income": NaN,
        "Interest Expense": NaN,
        "Normalized Income": NaN,
        "Net Income From Continuing And Discontinued Operation": NaN,
        "Total Expenses": NaN,
        "Rent Expense Supplemental": 107034.0,
        "Total Operating Income As Reported": NaN,
        "Diluted Average Shares": 35055293.0,
        "Basic Average Shares": 35055293.0,
        "Diluted EPS": -0.02,
        "Basic EPS": -0.02,
        "Diluted NI Availto Com Stockholders": NaN,
        "Net Income Common Stockholders": NaN,
        "Net Income": NaN,
        "Net Income Including Noncontrolling Interests": NaN,
        "Net Income Continuous Operations": NaN,
        "Tax Provision": NaN,
        "Pretax Income": NaN,
        "Other Income Expense": NaN,
        "Other Non Operating Income Expenses": NaN,
        "Net Non Operating Interest Income Expense": NaN,
        "Interest Expense Non Operating": NaN,
        "Operating Income": NaN,
        "Operating Expense": NaN,
        "Other Taxes": 46705.0,
        "Selling General And Administration": NaN,
        "Selling And Marketing Expense": NaN,
        "General And Administrative Expense": NaN,
        "Other Gand A": NaN,
        "Insurance And Claims": 140450.0,
        "Rent And Landing Fees": 107034.0,
        "Salaries And Wages": 1288015.0,
        "Gross Profit": NaN,
        "Cost Of Revenue": NaN,
        "Total Revenue": NaN,
        "Operating Revenue": NaN
    },
    "2023-09-30": {
        "Tax Effect Of Unusual Items": NaN,
        "Tax Rate For Calcs": NaN,
        "Normalized EBITDA": NaN,
        "Net Income From Continuing Operation Net Minority Interest": NaN,
        "Reconciled Depreciation": NaN,
        "Reconciled Cost Of Revenue": NaN,
        "EBITDA": NaN,
        "EBIT": NaN,
        "Net Interest Income": NaN,
        "Interest Expense": NaN,
        "Normalized Income": NaN,
        "Net Income From Continuing And Discontinued Operation": NaN,
        "Total Expenses": NaN,
        "Rent Expense Supplemental": 105623.0,
        "Total Operating Income As Reported": NaN,
        "Diluted Average Shares": 35058340.0,
        "Basic Average Shares": 35058340.0,
        "Diluted EPS": -0.000429,
        "Basic EPS": -0.000429,
        "Diluted NI Availto Com Stockholders": NaN,
        "Net Income Common Stockholders": NaN,
        "Net Income": NaN,
        "Net Income Including Noncontrolling Interests": NaN,
        "Net Income Continuous Operations": NaN,
        "Tax Provision": NaN,
        "Pretax Income": NaN,
        "Other Income Expense": NaN,
        "Other Non Operating Income Expenses": NaN,
        "Net Non Operating Interest Income Expense": NaN,
        "Interest Expense Non Operating": NaN,
        "Operating Income": NaN,
        "Operating Expense": NaN,
        "Other Taxes": 21133.0,
        "Selling General And Administration": NaN,
        "Selling And Marketing Expense": NaN,
        "General And Administrative Expense": NaN,
        "Other Gand A": NaN,
        "Insurance And Claims": 130831.0,
        "Rent And Landing Fees": 105623.0,
        "Salaries And Wages": 1072099.0,
        "Gross Profit": NaN,
        "Cost Of Revenue": NaN,
        "Total Revenue": NaN,
        "Operating Revenue": NaN
    },
    "2023-12-31": {
        "Tax Effect Of Unusual Items": 0.0,
        "Tax Rate For Calcs": 0.351631,
        "Normalized EBITDA": -569581.0,
        "Net Income From Continuing Operation Net Minority Interest": -410026.0,
        "Reconciled Depreciation": -225353.0,
        "Reconciled Cost Of Revenue": 29275343.0,
        "EBITDA": -569581.0,
        "EBIT": -569581.0,
        "Net Interest Income": -62815.0,
        "Interest Expense": 62815.0,
        "Normalized Income": -410026.0,
        "Net Income From Continuing And Discontinued Operation": -410026.0,
        "Total Expenses": 60057402.0,
        "Rent Expense Supplemental": NaN,
        "Total Operating Income As Reported": -570617.0,
        "Diluted Average Shares": NaN,
        "Basic Average Shares": NaN,
        "Diluted EPS": NaN,
        "Basic EPS": NaN,
        "Diluted NI Availto Com Stockholders": -410026.0,
        "Net Income Common Stockholders": -410026.0,
        "Net Income": -410026.0,
        "Net Income Including Noncontrolling Interests": -410026.0,
        "Net Income Continuous Operations": -410026.0,
        "Tax Provision": -222370.0,
        "Pretax Income": -632396.0,
        "Other Income Expense": 1036.0,
        "Other Non Operating Income Expenses": 1036.0,
        "Net Non Operating Interest Income Expense": -62815.0,
        "Interest Expense Non Operating": 62815.0,
        "Operating Income": -570617.0,
        "Operating Expense": 30782059.0,
        "Other Taxes": NaN,
        "Selling General And Administration": 30910437.0,
        "Selling And Marketing Expense": 27750011.0,
        "General And Administrative Expense": 3160426.0,
        "Other Gand A": 7377281.0,
        "Insurance And Claims": NaN,
        "Rent And Landing Fees": NaN,
        "Salaries And Wages": NaN,
        "Gross Profit": 30211442.0,
        "Cost Of Revenue": 29275343.0,
        "Total Revenue": 59486785.0,
        "Operating Revenue": 63520224.0
    },
    "2024-03-31": {
        "Tax Effect Of Unusual Items": NaN,
        "Tax Rate For Calcs": NaN,
        "Normalized EBITDA": NaN,
        "Net Income From Continuing Operation Net Minority Interest": NaN,
        "Reconciled Depreciation": NaN,
        "Reconciled Cost Of Revenue": NaN,
        "EBITDA": NaN,
        "EBIT": NaN,
        "Net Interest Income": NaN,
        "Interest Expense": NaN,
        "Normalized Income": NaN,
        "Net Income From Continuing And Discontinued Operation": NaN,
        "Total Expenses": NaN,
        "Total Operating Income As Reported": NaN,
        "Diluted Average Shares": 35095602.0,
        "Basic Average Shares": 35095602.0,
        "Diluted EPS": 0.03,
        "Basic EPS": 0.03,
        "Diluted NI Availto Com Stockholders": NaN,
        "Net Income Common Stockholders": NaN,
        "Net Income": NaN,
        "Net Income Including Noncontrolling Interests": NaN,
        "Net Income Continuous Operations": NaN,
        "Tax Provision": NaN,
        "Pretax Income": NaN,
        "Other Income Expense": NaN,
        "Other Non Operating Income Expenses": NaN,
        "Net Non Operating Interest Income Expense": NaN,
        "Interest Expense Non Operating": NaN,
        "Operating Income": NaN,
        "Operating Expense": NaN,
        "Selling General And Administration": NaN,
        "Selling And Marketing Expense": NaN,
        "General And Administrative Expense": NaN,
        "Other Gand A": NaN,
        "Gross Profit": NaN,
        "Cost Of Revenue": NaN,
        "Total Revenue": NaN,
        "Operating Revenue": NaN
    },
    "2024-06-30": {
        "Tax Effect Of Unusual Items": NaN,
        "Tax Rate For Calcs": NaN,
        "Normalized EBITDA": NaN,
        "Net Income From Continuing Operation Net Minority Interest": NaN,
        "Reconciled Depreciation": NaN,
        "Reconciled Cost Of Revenue": NaN,
        "EBITDA": NaN,
        "EBIT": NaN,
        "Net Interest Income": NaN,
        "Interest Expense": NaN,
        "Normalized Income": NaN,
        "Net Income From Continuing And Discontinued Operation": NaN,
        "Total Expenses": NaN,
        "Total Operating Income As Reported": NaN,
        "Diluted Average Shares": 35108804.0,
        "Basic Average Shares": 35108804.0,
        "Diluted EPS": 0.02,
        "Basic EPS": 0.02,
        "Diluted NI Availto Com Stockholders": NaN,
        "Net Income Common Stockholders": NaN,
        "Net Income": NaN,
        "Net Income Including Noncontrolling Interests": NaN,
        "Net Income Continuous Operations": NaN,
        "Tax Provision": NaN,
        "Pretax Income": NaN,
        "Other Income Expense": NaN,
        "Other Non Operating Income Expenses": NaN,
        "Net Non Operating Interest Income Expense": NaN,
        "Interest Expense Non Operating": NaN,
        "Operating Income": NaN,
        "Operating Expense": NaN,
        "Selling General And Administration": NaN,
        "Selling And Marketing Expense": NaN,
        "General And Administrative Expense": NaN,
        "Other Gand A": NaN,
        "Gross Profit": NaN,
        "Cost Of Revenue": NaN,
        "Total Revenue": NaN,
        "Operating Revenue": NaN
    },
    "2024-09-30": {
        "Tax Effect Of Unusual Items": 0.0,
        "Tax Rate For Calcs": 0.316776,
        "Normalized EBITDA": 836711.0,
        "Net Income From Continuing Operation Net Minority Interest": 469647.0,
        "Reconciled Depreciation": 86451.0,
        "Reconciled Cost Of Revenue": 14036187.0,
        "EBITDA": 836711.0,
        "EBIT": 750260.0,
        "Net Interest Income": -62862.0,
        "Interest Expense": 62862.0,
        "Normalized Income": 469647.0,
        "Net Income From Continuing And Discontinued Operation": 469647.0,
        "Total Expenses": 30353655.0,
        "Total Operating Income As Reported": 721843.0,
        "Diluted Average Shares": 35130677.0,
        "Basic Average Shares": 35130677.0,
        "Diluted EPS": 0.01,
        "Basic EPS": 0.01,
        "Diluted NI Availto Com Stockholders": 469647.0,
        "Net Income Common Stockholders": 469647.0,
        "Net Income": 469647.0,
        "Net Income Including Noncontrolling Interests": 469647.0,
        "Net Income Continuous Operations": 469647.0,
        "Tax Provision": 217751.0,
        "Pretax Income": 687398.0,
        "Other Income Expense": 28417.0,
        "Other Non Operating Income Expenses": 28417.0,
        "Net Non Operating Interest Income Expense": -62862.0,
        "Interest Expense Non Operating": 62862.0,
        "Operating Income": 721843.0,
        "Operating Expense": 16317468.0,
        "Selling General And Administration": 16317468.0,
        "Selling And Marketing Expense": 14585652.0,
        "General And Administrative Expense": 1731816.0,
        "Other Gand A": 1731816.0,
        "Gross Profit": 17039311.0,
        "Cost Of Revenue": 14036187.0,
        "Total Revenue": 31075498.0,
        "Operating Revenue": 33327554.0
    },
    "2024-12-31": {
        "Tax Effect Of Unusual Items": 0.0,
        "Tax Rate For Calcs": 0.293204,
        "Normalized EBITDA": -2098058.0,
        "Net Income From Continuing Operation Net Minority Interest": -1527164.0,
        "Reconciled Depreciation": -137080.0,
        "Reconciled Cost Of Revenue": 29531753.0,
        "EBITDA": -2098058.0,
        "EBIT": -2098058.0,
        "Net Interest Income": -62629.0,
        "Interest Expense": 62629.0,
        "Normalized Income": -1527164.0,
        "Net Income From Continuing And Discontinued Operation": -1527164.0,
        "Total Expenses": 56891805.0,
        "Total Operating Income As Reported": -2466271.0,
        "Diluted Average Shares": NaN,
        "Basic Average Shares": NaN,
        "Diluted EPS": NaN,
        "Basic EPS": NaN,
        "Diluted NI Availto Com Stockholders": -1527164.0,
        "Net Income Common Stockholders": -1527164.0,
        "Net Income": -1527164.0,
        "Net Income Including Noncontrolling Interests": -1527164.0,
        "Net Income Continuous Operations": -1527164.0,
        "Tax Provision": -633523.0,
        "Pretax Income": -2160687.0,
        "Other Income Expense": 368213.0,
        "Other Non Operating Income Expenses": 368213.0,
        "Net Non Operating Interest Income Expense": -62629.0,
        "Interest Expense Non Operating": 62629.0,
        "Operating Income": -2466271.0,
        "Operating Expense": 27360052.0,
        "Selling General And Administration": 27360052.0,
        "Selling And Marketing Expense": 23205439.0,
        "General And Administrative Expense": 4154613.0,
        "Other Gand A": 4154613.0,
        "Gross Profit": 24893781.0,
        "Cost Of Revenue": 29531753.0,
        "Total Revenue": 54425534.0,
        "Operating Revenue": 59876738.0
    },
    "2025-03-31": {
        "Tax Effect Of Unusual Items": 0.0,
        "Tax Rate For Calcs": 0.3007,
        "Normalized EBITDA": 1052500.0,
        "Net Income From Continuing Operation Net Minority Interest": 654517.0,
        "Reconciled Depreciation": 69509.0,
        "Reconciled Cost Of Revenue": 11691792.0,
        "EBITDA": 1052500.0,
        "EBIT": 982991.0,
        "Net Interest Income": -47055.0,
        "Interest Expense": 47055.0,
        "Normalized Income": 654517.0,
        "Net Income From Continuing And Discontinued Operation": 654517.0,
        "Total Expenses": 24916225.0,
        "Total Operating Income As Reported": 920865.0,
        "Diluted Average Shares": 35151351.0,
        "Basic Average Shares": 35151351.0,
        "Diluted EPS": 0.02,
        "Basic EPS": 0.02,
        "Diluted NI Availto Com Stockholders": 654517.0,
        "Net Income Common Stockholders": 654517.0,
        "Net Income": 654517.0,
        "Net Income Including Noncontrolling Interests": 654517.0,
        "Net Income Continuous Operations": 654517.0,
        "Tax Provision": 281419.0,
        "Pretax Income": 935936.0,
        "Other Income Expense": 62126.0,
        "Other Non Operating Income Expenses": 62126.0,
        "Net Non Operating Interest Income Expense": -47055.0,
        "Interest Expense Non Operating": 47055.0,
        "Operating Income": 920865.0,
        "Operating Expense": 13224433.0,
        "Selling General And Administration": 13224433.0,
        "Selling And Marketing Expense": 11246997.0,
        "General And Administrative Expense": 1977436.0,
        "Other Gand A": 1977436.0,
        "Gross Profit": 14145298.0,
        "Cost Of Revenue": 11691792.0,
        "Total Revenue": 25837090.0,
        "Operating Revenue": 27553986.0
    },
    "2025-06-30": {
        "Tax Effect Of Unusual Items": 0.0,
        "Tax Rate For Calcs": 0.256325,
        "Normalized EBITDA": 1702489.0,
        "Net Income From Continuing Operation Net Minority Interest": 1177001.0,
        "Reconciled Depreciation": 76026.0,
        "Reconciled Cost Of Revenue": 11605754.0,
        "EBITDA": 1702489.0,
        "EBIT": 1626463.0,
        "Net Interest Income": -43782.0,
        "Interest Expense": 43782.0,
        "Normalized Income": 1177001.0,
        "Net Income From Continuing And Discontinued Operation": 1177001.0,
        "Total Expenses": 25482255.0,
        "Total Operating Income As Reported": 1620851.0,
        "Diluted Average Shares": 35160095.0,
        "Basic Average Shares": 35160095.0,
        "Diluted EPS": 0.04,
        "Basic EPS": 0.04,
        "Diluted NI Availto Com Stockholders": 1177001.0,
        "Net Income Common Stockholders": 1177001.0,
        "Net Income": 1177001.0,
        "Net Income Including Noncontrolling Interests": 1177001.0,
        "Net Income Continuous Operations": 1177001.0,
        "Tax Provision": 405680.0,
        "Pretax Income": 1582681.0,
        "Other Income Expense": 5612.0,
        "Other Non Operating Income Expenses": 5612.0,
        "Net Non Operating Interest Income Expense": -43782.0,
        "Interest Expense Non Operating": 43782.0,
        "Operating Income": 1620851.0,
        "Operating Expense": 13876501.0,
        "Selling General And Administration": 13876501.0,
        "Selling And Marketing Expense": 11715571.0,
        "General And Administrative Expense": 2160930.0,
        "Other Gand A": 2160930.0,
        "Gross Profit": 15497352.0,
        "Cost Of Revenue": 11605754.0,
        "Total Revenue": 27103106.0,
        "Operating Revenue": 29447342.0
    },
    "2025-09-30": {
        "Tax Effect Of Unusual Items": 0.0,
        "Tax Rate For Calcs": 0.256804,
        "Normalized EBITDA": 783321.0,
        "Net Income From Continuing Operation Net Minority Interest": 530591.0,
        "Reconciled Depreciation": 26894.0,
        "Reconciled Cost Of Revenue": 16249395.0,
        "EBITDA": 783321.0,
        "EBIT": 756427.0,
        "Net Interest Income": -42496.0,
        "Interest Expense": 42496.0,
        "Normalized Income": 530591.0,
        "Net Income From Continuing And Discontinued Operation": 530591.0,
        "Total Expenses": 32682697.0,
        "Total Operating Income As Reported": 742006.0,
        "Diluted Average Shares": 35171320.0,
        "Basic Average Shares": 35171320.0,
        "Diluted EPS": 0.01,
        "Basic EPS": 0.01,
        "Diluted NI Availto Com Stockholders": 530591.0,
        "Net Income Common Stockholders": 530591.0,
        "Net Income": 530591.0,
        "Net Income Including Noncontrolling Interests": 530591.0,
        "Net Income Continuous Operations": 530591.0,
        "Tax Provision": 183340.0,
        "Pretax Income": 713931.0,
        "Other Income Expense": 14421.0,
        "Other Non Operating Income Expenses": 14421.0,
        "Net Non Operating Interest Income Expense": -42496.0,
        "Interest Expense Non Operating": 42496.0,
        "Operating Income": 742006.0,
        "Operating Expense": 16433302.0,
        "Selling General And Administration": 16433302.0,
        "Selling And Marketing Expense": 14665407.0,
        "General And Administrative Expense": 1767895.0,
        "Other Gand A": 1767895.0,
        "Gross Profit": 17175308.0,
        "Cost Of Revenue": 16249395.0,
        "Total Revenue": 33424703.0,
        "Operating Revenue": 36164277.0
    }
}