{
    "2023-04-30": {
        "Tax Effect Of Unusual Items": 0.0,
        "Tax Rate For Calcs": 0.259675,
        "Normalized EBITDA": 65138000.0,
        "Total Unusual Items": 0.0,
        "Total Unusual Items Excluding Goodwill": 0.0,
        "Net Income From Continuing Operation Net Minority Interest": 34146000.0,
        "Reconciled Depreciation": 4514000.0,
        "Reconciled Cost Of Revenue": 572336000.0,
        "EBITDA": 65138000.0,
        "EBIT": 60624000.0,
        "Net Interest Income": -14501000.0,
        "Interest Expense": 14501000.0,
        "Normalized Income": 34146000.0,
        "Net Income From Continuing And Discontinued Operation": 34146000.0,
        "Total Expenses": 647871000.0,
        "Diluted Average Shares": 6462000.0,
        "Basic Average Shares": 6166000.0,
        "Diluted EPS": 4.47,
        "Basic EPS": 4.68,
        "Diluted NI Availto Com Stockholders": 28877000.0,
        "Average Dilution Earnings": -1000.0,
        "Net Income Common Stockholders": 28878000.0,
        "Otherunder Preferred Stock Dividend": 2599000.0,
        "Preferred Stock Dividends": 2669000.0,
        "Net Income": 34146000.0,
        "Net Income Including Noncontrolling Interests": 34146000.0,
        "Net Income Continuous Operations": 34146000.0,
        "Tax Provision": 11977000.0,
        "Pretax Income": 46123000.0,
        "Other Income Expense": 4834000.0,
        "Other Non Operating Income Expenses": -574000.0,
        "Special Income Charges": 0.0,
        "Other Special Charges": NaN,
        "Earnings From Equity Interest": 5408000.0,
        "Net Non Operating Interest Income Expense": -14501000.0,
        "Interest Expense Non Operating": 14501000.0,
        "Operating Income": 55790000.0,
        "Operating Expense": 75535000.0,
        "Selling General And Administration": 75535000.0,
        "General And Administrative Expense": 75535000.0,
        "Other Gand A": 75535000.0,
        "Gross Profit": 131325000.0,
        "Cost Of Revenue": 572336000.0,
        "Total Revenue": 703661000.0,
        "Operating Revenue": 703661000.0
    },
    "2023-01-31": {
        "Tax Effect Of Unusual Items": 0.0,
        "Tax Rate For Calcs": 0.21,
        "Normalized EBITDA": 34550000.0,
        "Total Unusual Items": 0.0,
        "Total Unusual Items Excluding Goodwill": 0.0,
        "Net Income From Continuing Operation Net Minority Interest": 18716000.0,
        "Reconciled Depreciation": 1410000.0,
        "Reconciled Cost Of Revenue": 415592000.0,
        "EBITDA": 34550000.0,
        "EBIT": 33140000.0,
        "Net Interest Income": -15093000.0,
        "Interest Expense": 15093000.0,
        "Normalized Income": 18716000.0,
        "Net Income From Continuing And Discontinued Operation": 18716000.0,
        "Total Expenses": 489000000.0,
        "Diluted Average Shares": 6468000.0,
        "Basic Average Shares": 6186000.0,
        "Diluted EPS": 2.26,
        "Basic EPS": 2.37,
        "Diluted NI Availto Com Stockholders": 14644000.0,
        "Average Dilution Earnings": 0.0,
        "Net Income Common Stockholders": 14644000.0,
        "Otherunder Preferred Stock Dividend": 1403000.0,
        "Preferred Stock Dividends": 2669000.0,
        "Net Income": 18716000.0,
        "Net Income Including Noncontrolling Interests": 18716000.0,
        "Net Income Continuous Operations": 18716000.0,
        "Tax Provision": -669000.0,
        "Pretax Income": 18047000.0,
        "Other Income Expense": 6774000.0,
        "Other Non Operating Income Expenses": -386000.0,
        "Special Income Charges": 0.0,
        "Other Special Charges": NaN,
        "Earnings From Equity Interest": 7160000.0,
        "Net Non Operating Interest Income Expense": -15093000.0,
        "Interest Expense Non Operating": 15093000.0,
        "Operating Income": 26366000.0,
        "Operating Expense": 73408000.0,
        "Selling General And Administration": 73408000.0,
        "General And Administrative Expense": 73408000.0,
        "Other Gand A": 73408000.0,
        "Gross Profit": 99774000.0,
        "Cost Of Revenue": 415592000.0,
        "Total Revenue": 515366000.0,
        "Operating Revenue": 515366000.0
    },
    "2022-10-31": {
        "Tax Effect Of Unusual Items": NaN,
        "Tax Rate For Calcs": NaN,
        "Normalized EBITDA": NaN,
        "Total Unusual Items": NaN,
        "Total Unusual Items Excluding Goodwill": NaN,
        "Net Income From Continuing Operation Net Minority Interest": NaN,
        "Reconciled Depreciation": NaN,
        "Reconciled Cost Of Revenue": NaN,
        "EBITDA": NaN,
        "EBIT": NaN,
        "Net Interest Income": NaN,
        "Interest Expense": NaN,
        "Normalized Income": NaN,
        "Net Income From Continuing And Discontinued Operation": NaN,
        "Total Expenses": NaN,
        "Diluted Average Shares": NaN,
        "Basic Average Shares": NaN,
        "Diluted EPS": NaN,
        "Basic EPS": NaN,
        "Diluted NI Availto Com Stockholders": NaN,
        "Average Dilution Earnings": NaN,
        "Net Income Common Stockholders": NaN,
        "Otherunder Preferred Stock Dividend": NaN,
        "Preferred Stock Dividends": NaN,
        "Net Income": NaN,
        "Net Income Including Noncontrolling Interests": NaN,
        "Net Income Continuous Operations": NaN,
        "Tax Provision": NaN,
        "Pretax Income": NaN,
        "Other Income Expense": NaN,
        "Other Non Operating Income Expenses": NaN,
        "Special Income Charges": NaN,
        "Other Special Charges": 0.0,
        "Earnings From Equity Interest": NaN,
        "Net Non Operating Interest Income Expense": NaN,
        "Interest Expense Non Operating": NaN,
        "Operating Income": NaN,
        "Operating Expense": NaN,
        "Selling General And Administration": NaN,
        "General And Administrative Expense": NaN,
        "Other Gand A": NaN,
        "Gross Profit": NaN,
        "Cost Of Revenue": NaN,
        "Total Revenue": NaN,
        "Operating Revenue": NaN
    },
    "2022-07-31": {
        "Tax Effect Of Unusual Items": 0.0,
        "Tax Rate For Calcs": 0.261894,
        "Normalized EBITDA": 121551000.0,
        "Total Unusual Items": 0.0,
        "Total Unusual Items Excluding Goodwill": 0.0,
        "Net Income From Continuing Operation Net Minority Interest": 82614000.0,
        "Reconciled Depreciation": 1520000.0,
        "Reconciled Cost Of Revenue": 582992000.0,
        "EBITDA": 121551000.0,
        "EBIT": 121551000.0,
        "Net Interest Income": -9624000.0,
        "Interest Expense": 9624000.0,
        "Normalized Income": 82614000.0,
        "Net Income From Continuing And Discontinued Operation": 82614000.0,
        "Total Expenses": 658599000.0,
        "Diluted Average Shares": 6544000.0,
        "Basic Average Shares": 6485000.0,
        "Diluted EPS": 10.82,
        "Basic EPS": 10.92,
        "Diluted NI Availto Com Stockholders": 79945000.0,
        "Average Dilution Earnings": -2000.0,
        "Net Income Common Stockholders": 79945000.0,
        "Otherunder Preferred Stock Dividend": 9139000.0,
        "Preferred Stock Dividends": 2669000.0,
        "Net Income": 82614000.0,
        "Net Income Including Noncontrolling Interests": 82614000.0,
        "Net Income Continuous Operations": 82614000.0,
        "Tax Provision": 29313000.0,
        "Pretax Income": 111927000.0,
        "Other Income Expense": 12557000.0,
        "Other Non Operating Income Expenses": NaN,
        "Special Income Charges": 0.0,
        "Other Special Charges": NaN,
        "Earnings From Equity Interest": 12557000.0,
        "Net Non Operating Interest Income Expense": -9624000.0,
        "Interest Expense Non Operating": 9624000.0,
        "Operating Income": 108994000.0,
        "Operating Expense": 75607000.0,
        "Other Operating Expenses": 670000.0,
        "Selling General And Administration": 74937000.0,
        "General And Administrative Expense": 74937000.0,
        "Other Gand A": 74937000.0,
        "Gross Profit": 184601000.0,
        "Cost Of Revenue": 582992000.0,
        "Total Revenue": 767593000.0,
        "Operating Revenue": 767593000.0
    },
    "2022-04-30": {
        "Diluted EPS": 8.39,
        "Total Revenue": 703,
        "Gross Profit": 166,
        "Operating Income": 98,
        "EBIT": 99,
        "Net Income": 60
    },
    "2022-01-31": {
        "Diluted EPS": 3.07,
        "Total Revenue": 565,
        "Gross Profit": 113,
        "Operating Income": 41,
        "EBIT": 42,
        "Net Income": 22
    },
    "2021-10-31": {
        "Diluted EPS": 6.74,
        "Total Revenue": 814,
        "Gross Profit": 165,
        "Operating Income": 95,
        "EBIT": 96,
        "Net Income": 39
    },
    "2021-07-31": {
        "Diluted EPS": 6.72,
        "Total Revenue": 691,
        "Gross Profit": 137,
        "Operating Income": 77,
        "EBIT": 78,
        "Net Income": 48
    },
    "2021-04-30": {
        "Diluted EPS": 69.65,
        "Total Revenue": 703,
        "Gross Profit": 133,
        "Operating Income": 51,
        "EBIT": 53,
        "Net Income": 444
    },
    "2021-01-31": {
        "Diluted EPS": 2.75,
        "Total Revenue": 575,
        "Gross Profit": 106,
        "Operating Income": 42,
        "EBIT": 43,
        "Net Income": 19
    },
    "2020-10-31": {
        "Diluted EPS": 5.76,
        "Total Revenue": 683,
        "Gross Profit": 130,
        "Operating Income": 65,
        "EBIT": 66,
        "Net Income": 37
    },
    "2020-07-31": {
        "Diluted EPS": 2.16,
        "Total Revenue": 628,
        "Gross Profit": 94,
        "Operating Income": 34,
        "EBIT": 35,
        "Net Income": 14
    },
    "2020-04-30": {
        "Diluted EPS": 0.6,
        "Total Revenue": 538,
        "Gross Profit": 81,
        "Operating Income": 25,
        "EBIT": 27,
        "Net Income": 4
    },
    "2020-01-31": {
        "Diluted EPS": -1.49,
        "Total Revenue": 494,
        "Gross Profit": 67,
        "Operating Income": 7,
        "EBIT": 9,
        "Net Income": -9
    },
    "2019-10-31": {
        "Diluted EPS": -0.3,
        "Total Revenue": 714,
        "Gross Profit": 110,
        "Operating Income": 57,
        "EBIT": 60,
        "Net Income": -2
    },
    "2019-07-31": {
        "Diluted EPS": -1.27,
        "Total Revenue": 482,
        "Gross Profit": 71,
        "Operating Income": 12,
        "EBIT": 15,
        "Net Income": -8
    },
    "2019-04-30": {
        "Diluted EPS": -2.56,
        "Total Revenue": 441,
        "Gross Profit": 61,
        "Operating Income": 1,
        "EBIT": 4,
        "Net Income": -15
    },
    "2019-01-31": {
        "Diluted EPS": -2.93,
        "Total Revenue": 381,
        "Gross Profit": 56,
        "Operating Income": -4,
        "EBIT": -1,
        "Net Income": -17
    },
    "2018-10-31": {
        "Diluted EPS": 7.8,
        "Total Revenue": 615,
        "Gross Profit": 107,
        "Operating Income": 56,
        "EBIT": 60,
        "Net Income": 46
    },
    "2018-07-31": {
        "Diluted EPS": -0.18,
        "Total Revenue": 457,
        "Gross Profit": 73,
        "Operating Income": 19,
        "EBIT": 22,
        "Net Income": -1
    },
    "2018-04-30": {
        "Diluted EPS": -1.65,
        "Total Revenue": 503,
        "Gross Profit": 79,
        "Operating Income": 17,
        "EBIT": 20,
        "Net Income": -10
    },
    "2018-01-31": {
        "Diluted EPS": -5.25,
        "Total Revenue": 417,
        "Gross Profit": 67,
        "Operating Income": 4,
        "EBIT": 7,
        "Net Income": -31
    },
    "2017-10-31": {
        "Diluted EPS": 2.02,
        "Total Revenue": 722,
        "Gross Profit": 111,
        "Operating Income": 38,
        "EBIT": 42,
        "Net Income": 12
    },
    "2017-07-31": {
        "Diluted EPS": -57.0,
        "Total Revenue": 592,
        "Gross Profit": 81,
        "Operating Income": 19,
        "EBIT": 23,
        "Net Income": -337
    },
    "2017-04-30": {
        "Diluted EPS": -1.25,
        "Total Revenue": 586,
        "Gross Profit": 81,
        "Operating Income": 19,
        "EBIT": 26,
        "Net Income": -7
    },
    "2017-01-31": {
        "Diluted EPS": 0.0,
        "Total Revenue": 552,
        "Gross Profit": 79,
        "Operating Income": 19,
        "EBIT": 24,
        "Net Income": 0
    },
    "2016-10-31": {
        "Diluted EPS": 3.75,
        "Total Revenue": 805,
        "Gross Profit": 112,
        "Operating Income": 58,
        "EBIT": 63,
        "Net Income": 22
    },
    "2016-07-31": {
        "Diluted EPS": 0.0,
        "Total Revenue": 717,
        "Gross Profit": 94,
        "Operating Income": 28,
        "EBIT": 32,
        "Net Income": 0
    },
    "2016-04-30": {
        "Diluted EPS": -1.5,
        "Total Revenue": 655,
        "Gross Profit": 78,
        "Operating Income": 9,
        "EBIT": 13,
        "Net Income": -8
    },
    "2016-01-31": {
        "Diluted EPS": -2.75,
        "Total Revenue": 576,
        "Gross Profit": 75,
        "Operating Income": 11,
        "EBIT": 15,
        "Net Income": -16
    },
    "2015-10-31": {
        "Diluted EPS": 4.25,
        "Total Revenue": 693,
        "Gross Profit": 107,
        "Operating Income": 58,
        "EBIT": 62,
        "Net Income": 26
    },
    "2015-07-31": {
        "Diluted EPS": -1.25,
        "Total Revenue": 541,
        "Gross Profit": 82,
        "Operating Income": 14,
        "EBIT": 18,
        "Net Income": -8
    },
    "2015-04-30": {
        "Diluted EPS": -3.25,
        "Total Revenue": 469,
        "Gross Profit": 63,
        "Operating Income": -6,
        "EBIT": -2,
        "Net Income": -20
    },
    "2015-01-31": {
        "Diluted EPS": -2.5,
        "Total Revenue": 446,
        "Gross Profit": 70,
        "Operating Income": 5,
        "EBIT": 9,
        "Net Income": -14
    },
    "2014-10-31": {
        "Diluted EPS": 49.5,
        "Total Revenue": 698,
        "Gross Profit": 122,
        "Operating Income": 54,
        "EBIT": 58,
        "Net Income": 316
    },
    "2014-07-31": {
        "Diluted EPS": 2.75,
        "Total Revenue": 551,
        "Gross Profit": 104,
        "Operating Income": 36,
        "EBIT": 40,
        "Net Income": 17
    },
    "2014-04-30": {
        "Diluted EPS": -1.25,
        "Total Revenue": 450,
        "Gross Profit": 80,
        "Operating Income": 17,
        "EBIT": 21,
        "Net Income": -8
    },
    "2014-01-31": {
        "Diluted EPS": -4.25,
        "Total Revenue": 364,
        "Gross Profit": 59,
        "Operating Income": -2,
        "EBIT": 1,
        "Net Income": -25
    },
    "2013-10-31": {
        "Diluted EPS": 5.75,
        "Total Revenue": 592,
        "Gross Profit": 117,
        "Operating Income": 53,
        "EBIT": 56,
        "Net Income": 33
    },
    "2013-07-31": {
        "Diluted EPS": 1.5,
        "Total Revenue": 478,
        "Gross Profit": 87,
        "Operating Income": 30,
        "EBIT": 33,
        "Net Income": 8
    },
    "2013-04-30": {
        "Diluted EPS": 0.25,
        "Total Revenue": 423,
        "Gross Profit": 71,
        "Operating Income": 18,
        "EBIT": 21,
        "Net Income": 1
    },
    "2013-01-31": {
        "Diluted EPS": -2.0,
        "Total Revenue": 358,
        "Gross Profit": 52,
        "Operating Income": 2,
        "EBIT": 5,
        "Net Income": -11
    },
    "2012-10-31": {
        "Diluted EPS": -15.5,
        "Total Revenue": 487,
        "Gross Profit": 80,
        "Operating Income": 26,
        "EBIT": 30,
        "Net Income": -84
    },
    "2012-07-31": {
        "Diluted EPS": 6.25,
        "Total Revenue": 387,
        "Gross Profit": 61,
        "Operating Income": 13,
        "EBIT": 16,
        "Net Income": 35
    },
    "2012-04-30": {
        "Diluted EPS": 0.5,
        "Total Revenue": 342,
        "Gross Profit": 51,
        "Operating Income": 1,
        "EBIT": 4,
        "Net Income": 2
    },
    "2012-01-31": {
        "Diluted EPS": -4.25,
        "Total Revenue": 270,
        "Gross Profit": 35,
        "Operating Income": -15,
        "EBIT": -12,
        "Net Income": -18
    },
    "2011-10-31": {
        "Diluted EPS": -21.75,
        "Total Revenue": 342,
        "Gross Profit": 38,
        "Operating Income": -80,
        "EBIT": -76,
        "Net Income": -98
    },
    "2011-07-31": {
        "Diluted EPS": -11.75,
        "Total Revenue": 286,
        "Gross Profit": 32,
        "Operating Income": -26,
        "EBIT": -22,
        "Net Income": -51
    },
    "2011-04-30": {
        "Diluted EPS": -17.25,
        "Total Revenue": 255,
        "Gross Profit": 26,
        "Operating Income": -43,
        "EBIT": -39,
        "Net Income": -73
    },
    "2011-01-31": {
        "Diluted EPS": -20.5,
        "Total Revenue": 253,
        "Gross Profit": 30,
        "Operating Income": -39,
        "EBIT": -35,
        "Net Income": -64
    },
    "2010-10-31": {
        "Diluted EPS": -41.5,
        "Total Revenue": 353,
        "Gross Profit": 42,
        "Operating Income": -104,
        "EBIT": -99,
        "Net Income": -132
    },
    "2010-07-31": {
        "Diluted EPS": -23.0,
        "Total Revenue": 381,
        "Gross Profit": 46,
        "Operating Income": -60,
        "EBIT": -56,
        "Net Income": -73
    },
    "2010-04-30": {
        "Diluted EPS": -9.0,
        "Total Revenue": 319,
        "Gross Profit": 37,
        "Operating Income": -20,
        "EBIT": -16,
        "Net Income": -29
    },
    "2010-01-31": {
        "Diluted EPS": 74.25,
        "Total Revenue": 320,
        "Gross Profit": 35,
        "Operating Income": -30,
        "EBIT": -25,
        "Net Income": 236
    },
    "2009-10-31": {
        "Diluted EPS": -80.25,
        "Total Revenue": 437,
        "Gross Profit": 27,
        "Operating Income": -180,
        "EBIT": -160,
        "Net Income": -251
    },
    "2009-07-31": {
        "Diluted EPS": -54.0,
        "Total Revenue": 387,
        "Gross Profit": 18,
        "Operating Income": -154,
        "EBIT": -149,
        "Net Income": -169
    },
    "2009-04-30": {
        "Diluted EPS": -37.5,
        "Total Revenue": 398,
        "Gross Profit": 14,
        "Operating Income": -375,
        "EBIT": -371,
        "Net Income": -119
    },
    "2009-01-31": {
        "Diluted EPS": -57.25,
        "Total Revenue": 374,
        "Gross Profit": 3,
        "Operating Income": -209,
        "EBIT": -203,
        "Net Income": -178
    },
    "2023-07-31": {
        "Tax Effect Of Unusual Items": NaN,
        "Tax Rate For Calcs": NaN,
        "Normalized EBITDA": NaN,
        "Total Unusual Items": NaN,
        "Total Unusual Items Excluding Goodwill": NaN,
        "Net Income From Continuing Operation Net Minority Interest": NaN,
        "Reconciled Depreciation": NaN,
        "Reconciled Cost Of Revenue": NaN,
        "EBITDA": NaN,
        "EBIT": NaN,
        "Net Interest Income": NaN,
        "Interest Expense": NaN,
        "Normalized Income": NaN,
        "Net Income From Continuing And Discontinued Operation": NaN,
        "Total Expenses": NaN,
        "Diluted Average Shares": NaN,
        "Basic Average Shares": NaN,
        "Diluted EPS": NaN,
        "Basic EPS": NaN,
        "Diluted NI Availto Com Stockholders": NaN,
        "Average Dilution Earnings": NaN,
        "Net Income Common Stockholders": NaN,
        "Otherunder Preferred Stock Dividend": NaN,
        "Preferred Stock Dividends": NaN,
        "Net Income": NaN,
        "Net Income Including Noncontrolling Interests": NaN,
        "Net Income Continuous Operations": NaN,
        "Tax Provision": NaN,
        "Pretax Income": NaN,
        "Other Income Expense": NaN,
        "Other Non Operating Income Expenses": NaN,
        "Special Income Charges": NaN,
        "Other Special Charges": 4082000.0,
        "Earnings From Equity Interest": NaN,
        "Net Non Operating Interest Income Expense": NaN,
        "Interest Expense Non Operating": NaN,
        "Operating Income": NaN,
        "Operating Expense": NaN,
        "Selling General And Administration": NaN,
        "General And Administrative Expense": NaN,
        "Other Gand A": NaN,
        "Gross Profit": NaN,
        "Cost Of Revenue": NaN,
        "Total Revenue": NaN,
        "Operating Revenue": NaN
    },
    "2023-10-31": {
        "Tax Effect Of Unusual Items": NaN,
        "Tax Rate For Calcs": NaN,
        "Normalized EBITDA": NaN,
        "Total Unusual Items": NaN,
        "Total Unusual Items Excluding Goodwill": NaN,
        "Net Income From Continuing Operation Net Minority Interest": NaN,
        "Reconciled Depreciation": NaN,
        "Reconciled Cost Of Revenue": NaN,
        "EBITDA": NaN,
        "EBIT": NaN,
        "Net Interest Income": NaN,
        "Interest Expense": NaN,
        "Normalized Income": NaN,
        "Net Income From Continuing And Discontinued Operation": NaN,
        "Total Expenses": NaN,
        "Diluted Average Shares": NaN,
        "Basic Average Shares": NaN,
        "Diluted EPS": NaN,
        "Basic EPS": NaN,
        "Diluted NI Availto Com Stockholders": NaN,
        "Average Dilution Earnings": NaN,
        "Net Income Common Stockholders": NaN,
        "Otherunder Preferred Stock Dividend": NaN,
        "Preferred Stock Dividends": NaN,
        "Net Income": NaN,
        "Net Income Including Noncontrolling Interests": NaN,
        "Net Income Continuous Operations": NaN,
        "Tax Provision": NaN,
        "Pretax Income": NaN,
        "Other Income Expense": NaN,
        "Other Non Operating Income Expenses": NaN,
        "Special Income Charges": NaN,
        "Other Special Charges": 21556000.0,
        "Earnings From Equity Interest": NaN,
        "Net Non Operating Interest Income Expense": NaN,
        "Interest Expense Non Operating": NaN,
        "Operating Income": NaN,
        "Operating Expense": NaN,
        "Selling General And Administration": NaN,
        "General And Administrative Expense": NaN,
        "Other Gand A": NaN,
        "Gross Profit": NaN,
        "Cost Of Revenue": NaN,
        "Total Revenue": NaN,
        "Operating Revenue": NaN
    },
    "2024-01-31": {
        "Tax Effect Of Unusual Items": NaN,
        "Tax Rate For Calcs": NaN,
        "Normalized EBITDA": NaN,
        "Total Unusual Items": NaN,
        "Total Unusual Items Excluding Goodwill": NaN,
        "Net Income From Continuing Operation Net Minority Interest": NaN,
        "Reconciled Depreciation": NaN,
        "Reconciled Cost Of Revenue": NaN,
        "EBITDA": NaN,
        "EBIT": NaN,
        "Net Interest Income": NaN,
        "Interest Expense": NaN,
        "Normalized Income": NaN,
        "Net Income From Continuing And Discontinued Operation": NaN,
        "Total Expenses": NaN,
        "Diluted Average Shares": NaN,
        "Basic Average Shares": NaN,
        "Diluted EPS": NaN,
        "Basic EPS": NaN,
        "Diluted NI Availto Com Stockholders": NaN,
        "Average Dilution Earnings": NaN,
        "Net Income Common Stockholders": NaN,
        "Otherunder Preferred Stock Dividend": NaN,
        "Preferred Stock Dividends": NaN,
        "Net Income": NaN,
        "Net Income Including Noncontrolling Interests": NaN,
        "Net Income Continuous Operations": NaN,
        "Tax Provision": NaN,
        "Pretax Income": NaN,
        "Other Income Expense": NaN,
        "Other Non Operating Income Expenses": NaN,
        "Special Income Charges": NaN,
        "Other Special Charges": -1371000.0,
        "Earnings From Equity Interest": NaN,
        "Net Non Operating Interest Income Expense": NaN,
        "Interest Expense Non Operating": NaN,
        "Operating Income": NaN,
        "Operating Expense": NaN,
        "Selling General And Administration": NaN,
        "General And Administrative Expense": NaN,
        "Other Gand A": NaN,
        "Gross Profit": NaN,
        "Cost Of Revenue": NaN,
        "Total Revenue": NaN,
        "Operating Revenue": NaN
    },
    "2024-04-30": {
        "Tax Effect Of Unusual Items": 0.0,
        "Tax Rate For Calcs": 0.267408,
        "Normalized EBITDA": 80375000.0,
        "Total Unusual Items": 0.0,
        "Total Unusual Items Excluding Goodwill": 0.0,
        "Net Income From Continuing Operation Net Minority Interest": 50836000.0,
        "Reconciled Depreciation": 2014000.0,
        "Reconciled Cost Of Revenue": 565305000.0,
        "EBITDA": 80375000.0,
        "EBIT": 78361000.0,
        "Net Interest Income": -8969000.0,
        "Interest Expense": 8969000.0,
        "Normalized Income": 50836000.0,
        "Net Income From Continuing And Discontinued Operation": 50836000.0,
        "Total Expenses": 644311000.0,
        "Diluted Average Shares": 6902000.0,
        "Basic Average Shares": 6457000.0,
        "Diluted EPS": 6.66,
        "Basic EPS": 7.12,
        "Diluted NI Availto Com Stockholders": 45973000.0,
        "Average Dilution Earnings": -1000.0,
        "Net Income Common Stockholders": 45974000.0,
        "Otherunder Preferred Stock Dividend": 2193000.0,
        "Preferred Stock Dividends": 2669000.0,
        "Net Income": 50836000.0,
        "Net Income Including Noncontrolling Interests": 50836000.0,
        "Net Income Continuous Operations": 50836000.0,
        "Tax Provision": 18556000.0,
        "Pretax Income": 69392000.0,
        "Other Income Expense": 14292000.0,
        "Other Non Operating Income Expenses": 3128000.0,
        "Special Income Charges": 0.0,
        "Other Special Charges": NaN,
        "Earnings From Equity Interest": 11164000.0,
        "Net Non Operating Interest Income Expense": -8969000.0,
        "Interest Expense Non Operating": 8969000.0,
        "Operating Income": 64069000.0,
        "Operating Expense": 79006000.0,
        "Selling General And Administration": 79006000.0,
        "General And Administrative Expense": 79006000.0,
        "Other Gand A": 79006000.0,
        "Gross Profit": 143075000.0,
        "Cost Of Revenue": 565305000.0,
        "Total Revenue": 708380000.0,
        "Operating Revenue": 708380000.0
    },
    "2024-07-31": {
        "Tax Effect Of Unusual Items": 0.0,
        "Tax Rate For Calcs": 0.250337,
        "Normalized EBITDA": 105598000.0,
        "Total Unusual Items": 0.0,
        "Total Unusual Items Excluding Goodwill": 0.0,
        "Net Income From Continuing Operation Net Minority Interest": 72919000.0,
        "Reconciled Depreciation": 2067000.0,
        "Reconciled Cost Of Revenue": 585109000.0,
        "EBITDA": 105598000.0,
        "EBIT": 103531000.0,
        "Net Interest Income": -6262000.0,
        "Interest Expense": 6262000.0,
        "Normalized Income": 72919000.0,
        "Net Income From Continuing And Discontinued Operation": 72919000.0,
        "Total Expenses": 674578000.0,
        "Diluted Average Shares": 7048000.0,
        "Basic Average Shares": 6474000.0,
        "Diluted EPS": 9.75,
        "Basic EPS": 10.61,
        "Diluted NI Availto Com Stockholders": 68694000.0,
        "Average Dilution Earnings": -8000.0,
        "Net Income Common Stockholders": 68702000.0,
        "Otherunder Preferred Stock Dividend": 1548000.0,
        "Preferred Stock Dividends": 2669000.0,
        "Net Income": 72919000.0,
        "Net Income Including Noncontrolling Interests": 72919000.0,
        "Net Income Continuous Operations": 72919000.0,
        "Tax Provision": 24350000.0,
        "Pretax Income": 97269000.0,
        "Other Income Expense": 55405000.0,
        "Other Non Operating Income Expenses": 44707000.0,
        "Special Income Charges": 0.0,
        "Other Special Charges": NaN,
        "Earnings From Equity Interest": 10698000.0,
        "Net Non Operating Interest Income Expense": -6262000.0,
        "Interest Expense Non Operating": 6262000.0,
        "Operating Income": 48126000.0,
        "Operating Expense": 89469000.0,
        "Selling General And Administration": 89469000.0,
        "General And Administrative Expense": 89469000.0,
        "Other Gand A": 89469000.0,
        "Gross Profit": 137595000.0,
        "Cost Of Revenue": 585109000.0,
        "Total Revenue": 722704000.0,
        "Operating Revenue": 722704000.0
    },
    "2024-10-31": {
        "Tax Effect Of Unusual Items": 0.0,
        "Tax Rate For Calcs": 0.199516,
        "Normalized EBITDA": 124986000.0,
        "Total Unusual Items": 0.0,
        "Total Unusual Items Excluding Goodwill": 0.0,
        "Net Income From Continuing Operation Net Minority Interest": 94349000.0,
        "Reconciled Depreciation": 2051000.0,
        "Reconciled Cost Of Revenue": 783389000.0,
        "EBITDA": 124986000.0,
        "EBIT": 122935000.0,
        "Net Interest Income": -5070000.0,
        "Interest Expense": 5070000.0,
        "Normalized Income": 94349000.0,
        "Net Income From Continuing And Discontinued Operation": 94349000.0,
        "Total Expenses": 871070000.0,
        "Diluted Average Shares": 7017000.0,
        "Basic Average Shares": 6487000.0,
        "Diluted EPS": 12.79,
        "Basic EPS": 13.84,
        "Diluted NI Availto Com Stockholders": 87774000.0,
        "Average Dilution Earnings": -113000.0,
        "Net Income Common Stockholders": 87887000.0,
        "Otherunder Preferred Stock Dividend": 3794000.0,
        "Preferred Stock Dividends": 2668000.0,
        "Net Income": 94349000.0,
        "Net Income Including Noncontrolling Interests": 94349000.0,
        "Net Income Continuous Operations": 94349000.0,
        "Tax Provision": 23516000.0,
        "Pretax Income": 117865000.0,
        "Other Income Expense": 14367000.0,
        "Other Non Operating Income Expenses": -1081000.0,
        "Special Income Charges": 0.0,
        "Other Special Charges": 0.0,
        "Earnings From Equity Interest": 15448000.0,
        "Net Non Operating Interest Income Expense": -5070000.0,
        "Interest Expense Non Operating": 5070000.0,
        "Operating Income": 108568000.0,
        "Operating Expense": 87681000.0,
        "Selling General And Administration": 87681000.0,
        "General And Administrative Expense": 87681000.0,
        "Other Gand A": 87681000.0,
        "Gross Profit": 196249000.0,
        "Cost Of Revenue": 783389000.0,
        "Total Revenue": 979638000.0,
        "Operating Revenue": 979638000.0
    },
    "2025-01-31": {
        "Tax Effect Of Unusual Items": 0.0,
        "Tax Rate For Calcs": 0.292803,
        "Normalized EBITDA": 51678000.0,
        "Total Unusual Items": 0.0,
        "Total Unusual Items Excluding Goodwill": 0.0,
        "Net Income From Continuing Operation Net Minority Interest": 28191000.0,
        "Reconciled Depreciation": 2298000.0,
        "Reconciled Cost Of Revenue": 567123000.0,
        "EBITDA": 51678000.0,
        "EBIT": 49380000.0,
        "Net Interest Income": -9517000.0,
        "Interest Expense": 9517000.0,
        "Normalized Income": 28191000.0,
        "Net Income From Continuing And Discontinued Operation": 28191000.0,
        "Total Expenses": 654068000.0,
        "Diluted Average Shares": 7071000.0,
        "Basic Average Shares": 6517000.0,
        "Diluted EPS": 3.58,
        "Basic EPS": 3.88,
        "Diluted NI Availto Com Stockholders": 25313000.0,
        "Average Dilution Earnings": 0.0,
        "Net Income Common Stockholders": 25313000.0,
        "Otherunder Preferred Stock Dividend": 209000.0,
        "Preferred Stock Dividends": 2669000.0,
        "Net Income": 28191000.0,
        "Net Income Including Noncontrolling Interests": 28191000.0,
        "Net Income Continuous Operations": 28191000.0,
        "Tax Provision": 11672000.0,
        "Pretax Income": 39863000.0,
        "Other Income Expense": 29825000.0,
        "Other Non Operating Income Expenses": 20620000.0,
        "Special Income Charges": 0.0,
        "Other Special Charges": NaN,
        "Earnings From Equity Interest": 9205000.0,
        "Net Non Operating Interest Income Expense": -9517000.0,
        "Interest Expense Non Operating": 9517000.0,
        "Operating Income": 19555000.0,
        "Operating Expense": 86945000.0,
        "Selling General And Administration": 86945000.0,
        "General And Administrative Expense": 86945000.0,
        "Other Gand A": 86945000.0,
        "Gross Profit": 106500000.0,
        "Cost Of Revenue": 567123000.0,
        "Total Revenue": 673623000.0,
        "Operating Revenue": 673623000.0
    },
    "2025-04-30": {
        "Tax Effect Of Unusual Items": 102329.287599,
        "Tax Rate For Calcs": 0.256464,
        "Normalized EBITDA": 38299000.0,
        "Total Unusual Items": 399000.0,
        "Total Unusual Items Excluding Goodwill": 399000.0,
        "Net Income From Continuing Operation Net Minority Interest": 19726000.0,
        "Reconciled Depreciation": 3023000.0,
        "Reconciled Cost Of Revenue": 579174000.0,
        "EBITDA": 38698000.0,
        "EBIT": 35675000.0,
        "Net Interest Income": -9145000.0,
        "Interest Expense": 9145000.0,
        "Normalized Income": 19429329.287599,
        "Net Income From Continuing And Discontinued Operation": 19726000.0,
        "Total Expenses": 659738000.0,
        "Diluted Average Shares": 6951000.0,
        "Basic Average Shares": 6411000.0,
        "Diluted EPS": 2.43,
        "Basic EPS": 2.64,
        "Diluted NI Availto Com Stockholders": 16913000.0,
        "Average Dilution Earnings": 0.0,
        "Net Income Common Stockholders": 16913000.0,
        "Otherunder Preferred Stock Dividend": 144000.0,
        "Preferred Stock Dividends": 2669000.0,
        "Net Income": 19726000.0,
        "Net Income Including Noncontrolling Interests": 19726000.0,
        "Net Income Continuous Operations": 19726000.0,
        "Tax Provision": 6804000.0,
        "Pretax Income": 26530000.0,
        "Other Income Expense": 8942000.0,
        "Other Non Operating Income Expenses": -500000.0,
        "Special Income Charges": 399000.0,
        "Other Special Charges": -399000.0,
        "Earnings From Equity Interest": 9043000.0,
        "Net Non Operating Interest Income Expense": -9145000.0,
        "Interest Expense Non Operating": 9145000.0,
        "Operating Income": 26733000.0,
        "Operating Expense": 80564000.0,
        "Selling General And Administration": 80564000.0,
        "General And Administrative Expense": 80564000.0,
        "Other Gand A": 80564000.0,
        "Gross Profit": 107297000.0,
        "Cost Of Revenue": 579174000.0,
        "Total Revenue": 686471000.0,
        "Operating Revenue": 686471000.0
    }
}