{
    "2023-03-31": {
        "Tax Effect Of Unusual Items": NaN,
        "Tax Rate For Calcs": NaN,
        "Normalized EBITDA": NaN,
        "Total Unusual Items": NaN,
        "Total Unusual Items Excluding Goodwill": NaN,
        "Net Income From Continuing Operation Net Minority Interest": NaN,
        "Reconciled Depreciation": NaN,
        "Reconciled Cost Of Revenue": NaN,
        "EBITDA": NaN,
        "EBIT": NaN,
        "Net Interest Income": NaN,
        "Interest Expense": NaN,
        "Interest Income": 3086000.0,
        "Normalized Income": NaN,
        "Net Income From Continuing And Discontinued Operation": NaN,
        "Total Expenses": NaN,
        "Total Operating Income As Reported": NaN,
        "Diluted Average Shares": NaN,
        "Basic Average Shares": NaN,
        "Diluted EPS": NaN,
        "Basic EPS": NaN,
        "Diluted NI Availto Com Stockholders": NaN,
        "Net Income Common Stockholders": NaN,
        "Net Income": NaN,
        "Net Income Including Noncontrolling Interests": NaN,
        "Net Income Continuous Operations": NaN,
        "Tax Provision": NaN,
        "Pretax Income": NaN,
        "Other Income Expense": NaN,
        "Other Non Operating Income Expenses": NaN,
        "Special Income Charges": NaN,
        "Other Special Charges": NaN,
        "Net Non Operating Interest Income Expense": NaN,
        "Interest Expense Non Operating": NaN,
        "Interest Income Non Operating": 3086000.0,
        "Operating Income": NaN,
        "Operating Expense": NaN,
        "Research And Development": NaN,
        "Selling General And Administration": NaN,
        "Selling And Marketing Expense": NaN,
        "General And Administrative Expense": NaN,
        "Other Gand A": NaN,
        "Gross Profit": NaN,
        "Cost Of Revenue": NaN,
        "Total Revenue": NaN,
        "Operating Revenue": NaN
    },
    "2022-12-31": {
        "Tax Effect Of Unusual Items": NaN,
        "Tax Rate For Calcs": NaN,
        "Normalized EBITDA": NaN,
        "Total Unusual Items": 0.0,
        "Total Unusual Items Excluding Goodwill": 0.0,
        "Net Income From Continuing Operation Net Minority Interest": NaN,
        "Reconciled Depreciation": NaN,
        "Reconciled Cost Of Revenue": NaN,
        "EBITDA": NaN,
        "EBIT": NaN,
        "Net Interest Income": NaN,
        "Interest Expense": NaN,
        "Interest Income": NaN,
        "Normalized Income": NaN,
        "Net Income From Continuing And Discontinued Operation": NaN,
        "Total Expenses": NaN,
        "Total Operating Income As Reported": NaN,
        "Diluted Average Shares": NaN,
        "Basic Average Shares": NaN,
        "Diluted EPS": NaN,
        "Basic EPS": NaN,
        "Diluted NI Availto Com Stockholders": NaN,
        "Net Income Common Stockholders": NaN,
        "Net Income": NaN,
        "Net Income Including Noncontrolling Interests": NaN,
        "Net Income Continuous Operations": NaN,
        "Tax Provision": NaN,
        "Pretax Income": NaN,
        "Other Income Expense": NaN,
        "Other Non Operating Income Expenses": NaN,
        "Special Income Charges": 0.0,
        "Other Special Charges": NaN,
        "Net Non Operating Interest Income Expense": NaN,
        "Interest Expense Non Operating": NaN,
        "Interest Income Non Operating": NaN,
        "Operating Income": NaN,
        "Operating Expense": NaN,
        "Research And Development": NaN,
        "Selling General And Administration": NaN,
        "Selling And Marketing Expense": NaN,
        "General And Administrative Expense": NaN,
        "Other Gand A": NaN,
        "Gross Profit": NaN,
        "Cost Of Revenue": NaN,
        "Total Revenue": NaN,
        "Operating Revenue": NaN
    },
    "2022-09-30": {
        "Tax Effect Of Unusual Items": NaN,
        "Tax Rate For Calcs": NaN,
        "Normalized EBITDA": NaN,
        "Total Unusual Items": 0.0,
        "Total Unusual Items Excluding Goodwill": 0.0,
        "Net Income From Continuing Operation Net Minority Interest": NaN,
        "Reconciled Depreciation": NaN,
        "Reconciled Cost Of Revenue": NaN,
        "EBITDA": NaN,
        "EBIT": NaN,
        "Net Interest Income": NaN,
        "Interest Expense": NaN,
        "Interest Income": NaN,
        "Normalized Income": NaN,
        "Net Income From Continuing And Discontinued Operation": NaN,
        "Total Expenses": NaN,
        "Total Operating Income As Reported": NaN,
        "Diluted Average Shares": NaN,
        "Basic Average Shares": NaN,
        "Diluted EPS": NaN,
        "Basic EPS": NaN,
        "Diluted NI Availto Com Stockholders": NaN,
        "Net Income Common Stockholders": NaN,
        "Net Income": NaN,
        "Net Income Including Noncontrolling Interests": NaN,
        "Net Income Continuous Operations": NaN,
        "Tax Provision": NaN,
        "Pretax Income": NaN,
        "Other Income Expense": NaN,
        "Other Non Operating Income Expenses": NaN,
        "Special Income Charges": 0.0,
        "Other Special Charges": NaN,
        "Net Non Operating Interest Income Expense": NaN,
        "Interest Expense Non Operating": NaN,
        "Interest Income Non Operating": NaN,
        "Operating Income": NaN,
        "Operating Expense": NaN,
        "Research And Development": NaN,
        "Selling General And Administration": NaN,
        "Selling And Marketing Expense": NaN,
        "General And Administrative Expense": NaN,
        "Other Gand A": NaN,
        "Gross Profit": NaN,
        "Cost Of Revenue": NaN,
        "Total Revenue": NaN,
        "Operating Revenue": NaN
    },
    "2022-06-30": {
        "Tax Effect Of Unusual Items": 0.0,
        "Tax Rate For Calcs": 0.195,
        "Normalized EBITDA": 39213000.0,
        "Total Unusual Items": NaN,
        "Total Unusual Items Excluding Goodwill": NaN,
        "Net Income From Continuing Operation Net Minority Interest": 23531000.0,
        "Reconciled Depreciation": 6055000.0,
        "Reconciled Cost Of Revenue": 18921000.0,
        "EBITDA": 39213000.0,
        "EBIT": 33158000.0,
        "Net Interest Income": -3927000.0,
        "Interest Expense": 3927000.0,
        "Normalized Income": 23531000.0,
        "Net Income From Continuing And Discontinued Operation": 23531000.0,
        "Total Expenses": 73912000.0,
        "Total Operating Income As Reported": 33116000.0,
        "Diluted Average Shares": 60922672.0,
        "Basic Average Shares": 59063358.0,
        "Diluted EPS": 0.39,
        "Basic EPS": 0.4,
        "Diluted NI Availto Com Stockholders": 23531000.0,
        "Net Income Common Stockholders": 23531000.0,
        "Net Income": 23531000.0,
        "Net Income Including Noncontrolling Interests": 23531000.0,
        "Net Income Continuous Operations": 23531000.0,
        "Tax Provision": 5700000.0,
        "Pretax Income": 29231000.0,
        "Other Income Expense": 42000.0,
        "Other Non Operating Income Expenses": 42000.0,
        "Special Income Charges": NaN,
        "Net Non Operating Interest Income Expense": -3927000.0,
        "Interest Expense Non Operating": 3927000.0,
        "Operating Income": 33116000.0,
        "Operating Expense": 54991000.0,
        "Research And Development": 12668000.0,
        "Selling General And Administration": 42323000.0,
        "Selling And Marketing Expense": 20160000.0,
        "General And Administrative Expense": 22163000.0,
        "Other Gand A": 22163000.0,
        "Gross Profit": 88107000.0,
        "Cost Of Revenue": 18921000.0,
        "Total Revenue": 107028000.0,
        "Operating Revenue": 107028000.0
    },
    "2023-06-30": {
        "Tax Effect Of Unusual Items": NaN,
        "Tax Rate For Calcs": NaN,
        "Normalized EBITDA": NaN,
        "Total Unusual Items": NaN,
        "Total Unusual Items Excluding Goodwill": NaN,
        "Net Income From Continuing Operation Net Minority Interest": NaN,
        "Reconciled Depreciation": NaN,
        "Reconciled Cost Of Revenue": NaN,
        "EBITDA": NaN,
        "EBIT": NaN,
        "Net Interest Income": NaN,
        "Interest Expense": NaN,
        "Interest Income": 3442000.0,
        "Normalized Income": NaN,
        "Net Income From Continuing And Discontinued Operation": NaN,
        "Total Expenses": NaN,
        "Total Operating Income As Reported": NaN,
        "Diluted Average Shares": NaN,
        "Basic Average Shares": NaN,
        "Diluted EPS": NaN,
        "Basic EPS": NaN,
        "Diluted NI Availto Com Stockholders": NaN,
        "Net Income Common Stockholders": NaN,
        "Net Income": NaN,
        "Net Income Including Noncontrolling Interests": NaN,
        "Net Income Continuous Operations": NaN,
        "Tax Provision": NaN,
        "Pretax Income": NaN,
        "Other Income Expense": NaN,
        "Other Non Operating Income Expenses": NaN,
        "Special Income Charges": NaN,
        "Other Special Charges": NaN,
        "Net Non Operating Interest Income Expense": NaN,
        "Interest Expense Non Operating": NaN,
        "Interest Income Non Operating": 3442000.0,
        "Operating Income": NaN,
        "Operating Expense": NaN,
        "Research And Development": NaN,
        "Selling General And Administration": NaN,
        "Selling And Marketing Expense": NaN,
        "General And Administrative Expense": NaN,
        "Other Gand A": NaN,
        "Gross Profit": NaN,
        "Cost Of Revenue": NaN,
        "Total Revenue": NaN,
        "Operating Revenue": NaN
    },
    "2022-03-31": {
        "Diluted EPS": 0.35,
        "Total Revenue": 85,
        "Gross Profit": 71,
        "Operating Income": 28,
        "EBIT": 33,
        "Net Income": 21
    },
    "2021-12-31": {
        "Diluted EPS": 0.38,
        "Total Revenue": 91,
        "Gross Profit": 73,
        "Operating Income": 29,
        "EBIT": 34,
        "Net Income": 23
    },
    "2021-09-30": {
        "Diluted EPS": -0.17,
        "Total Revenue": 81,
        "Gross Profit": 66,
        "Operating Income": 21,
        "EBIT": 26,
        "Net Income": -10
    },
    "2021-06-30": {
        "Diluted EPS": 0.24,
        "Total Revenue": 74,
        "Gross Profit": 61,
        "Operating Income": 23,
        "EBIT": 29,
        "Net Income": 14
    },
    "2021-03-31": {
        "Diluted EPS": 0.13,
        "Total Revenue": 60,
        "Gross Profit": 49,
        "Operating Income": 15,
        "EBIT": 20,
        "Net Income": 7
    },
    "2020-12-31": {
        "Diluted EPS": 5.3,
        "Total Revenue": 56,
        "Gross Profit": 46,
        "Operating Income": 9,
        "EBIT": 15,
        "Net Income": 0
    },
    "2020-09-30": {
        "Diluted EPS": -0.14,
        "Total Revenue": 46,
        "Gross Profit": 38,
        "Operating Income": 10,
        "EBIT": 13,
        "Net Income": -4
    },
    "2020-06-30": {
        "Diluted EPS": -1.34,
        "Total Revenue": 38,
        "Gross Profit": 32,
        "Operating Income": 7,
        "EBIT": 10,
        "Net Income": -10
    },
    "2020-03-31": {
        "Diluted EPS": -6.3,
        "Total Revenue": 20,
        "Gross Profit": 16,
        "Operating Income": -10,
        "EBIT": -7,
        "Net Income": -49
    },
    "2019-12-31": {
        "Diluted EPS": 0.0,
        "Total Revenue": NaN,
        "Gross Profit": NaN,
        "Operating Income": NaN,
        "EBIT": NaN,
        "Net Income": NaN
    },
    "2019-09-30": {
        "Diluted EPS": -5.26,
        "Total Revenue": NaN,
        "Gross Profit": NaN,
        "Operating Income": -30,
        "EBIT": -30,
        "Net Income": -41
    },
    "2023-09-30": {
        "Tax Effect Of Unusual Items": NaN,
        "Tax Rate For Calcs": NaN,
        "Normalized EBITDA": NaN,
        "Total Unusual Items": -9766000.0,
        "Total Unusual Items Excluding Goodwill": -9766000.0,
        "Net Income From Continuing Operation Net Minority Interest": NaN,
        "Reconciled Depreciation": NaN,
        "Reconciled Cost Of Revenue": NaN,
        "EBITDA": NaN,
        "EBIT": NaN,
        "Net Interest Income": NaN,
        "Interest Expense": NaN,
        "Interest Income": NaN,
        "Normalized Income": NaN,
        "Net Income From Continuing And Discontinued Operation": NaN,
        "Total Expenses": NaN,
        "Total Operating Income As Reported": NaN,
        "Diluted Average Shares": NaN,
        "Basic Average Shares": NaN,
        "Diluted EPS": NaN,
        "Basic EPS": NaN,
        "Diluted NI Availto Com Stockholders": NaN,
        "Net Income Common Stockholders": NaN,
        "Net Income": NaN,
        "Net Income Including Noncontrolling Interests": NaN,
        "Net Income Continuous Operations": NaN,
        "Tax Provision": NaN,
        "Pretax Income": NaN,
        "Other Income Expense": NaN,
        "Other Non Operating Income Expenses": NaN,
        "Special Income Charges": -9766000.0,
        "Other Special Charges": 9766000.0,
        "Net Non Operating Interest Income Expense": NaN,
        "Interest Expense Non Operating": NaN,
        "Interest Income Non Operating": NaN,
        "Operating Income": NaN,
        "Operating Expense": NaN,
        "Research And Development": NaN,
        "Selling General And Administration": NaN,
        "Selling And Marketing Expense": NaN,
        "General And Administrative Expense": NaN,
        "Other Gand A": NaN,
        "Gross Profit": NaN,
        "Cost Of Revenue": NaN,
        "Total Revenue": NaN,
        "Operating Revenue": NaN
    },
    "2023-12-31": {
        "Tax Effect Of Unusual Items": NaN,
        "Tax Rate For Calcs": NaN,
        "Normalized EBITDA": NaN,
        "Total Unusual Items": 0.0,
        "Total Unusual Items Excluding Goodwill": 0.0,
        "Net Income From Continuing Operation Net Minority Interest": NaN,
        "Reconciled Depreciation": NaN,
        "Reconciled Cost Of Revenue": NaN,
        "EBITDA": NaN,
        "EBIT": NaN,
        "Net Interest Income": NaN,
        "Interest Expense": NaN,
        "Interest Income": NaN,
        "Normalized Income": NaN,
        "Net Income From Continuing And Discontinued Operation": NaN,
        "Total Expenses": NaN,
        "Total Operating Income As Reported": NaN,
        "Diluted Average Shares": NaN,
        "Basic Average Shares": NaN,
        "Diluted EPS": NaN,
        "Basic EPS": NaN,
        "Diluted NI Availto Com Stockholders": NaN,
        "Net Income Common Stockholders": NaN,
        "Net Income": NaN,
        "Net Income Including Noncontrolling Interests": NaN,
        "Net Income Continuous Operations": NaN,
        "Tax Provision": NaN,
        "Pretax Income": NaN,
        "Other Income Expense": NaN,
        "Other Non Operating Income Expenses": NaN,
        "Special Income Charges": 0.0,
        "Other Special Charges": 0.0,
        "Net Non Operating Interest Income Expense": NaN,
        "Interest Expense Non Operating": NaN,
        "Interest Income Non Operating": NaN,
        "Operating Income": NaN,
        "Operating Expense": NaN,
        "Research And Development": NaN,
        "Selling General And Administration": NaN,
        "Selling And Marketing Expense": NaN,
        "General And Administrative Expense": NaN,
        "Other Gand A": NaN,
        "Gross Profit": NaN,
        "Cost Of Revenue": NaN,
        "Total Revenue": NaN,
        "Operating Revenue": NaN
    },
    "2024-03-31": {
        "Tax Effect Of Unusual Items": 0.0,
        "Tax Rate For Calcs": 0.259747,
        "Normalized EBITDA": 62444000.0,
        "Total Unusual Items": NaN,
        "Total Unusual Items Excluding Goodwill": NaN,
        "Net Income From Continuing Operation Net Minority Interest": 38334000.0,
        "Reconciled Depreciation": 6124000.0,
        "Reconciled Cost Of Revenue": 27484000.0,
        "EBITDA": 62444000.0,
        "EBIT": 56320000.0,
        "Net Interest Income": -107000.0,
        "Interest Expense": 4535000.0,
        "Interest Income": 4428000.0,
        "Normalized Income": 38334000.0,
        "Net Income From Continuing And Discontinued Operation": 38334000.0,
        "Total Expenses": 102582000.0,
        "Total Operating Income As Reported": 52033000.0,
        "Diluted Average Shares": 57597627.0,
        "Basic Average Shares": 56771251.0,
        "Diluted EPS": 0.67,
        "Basic EPS": 0.68,
        "Diluted NI Availto Com Stockholders": 38334000.0,
        "Net Income Common Stockholders": 38334000.0,
        "Net Income": 38334000.0,
        "Net Income Including Noncontrolling Interests": 38334000.0,
        "Net Income Continuous Operations": 38334000.0,
        "Tax Provision": 13451000.0,
        "Pretax Income": 51785000.0,
        "Other Income Expense": -141000.0,
        "Other Non Operating Income Expenses": -141000.0,
        "Special Income Charges": NaN,
        "Other Special Charges": NaN,
        "Net Non Operating Interest Income Expense": -107000.0,
        "Interest Expense Non Operating": 4535000.0,
        "Interest Income Non Operating": 4428000.0,
        "Operating Income": 52033000.0,
        "Operating Expense": 75098000.0,
        "Research And Development": 22189000.0,
        "Selling General And Administration": 52909000.0,
        "Selling And Marketing Expense": 27233000.0,
        "General And Administrative Expense": 25676000.0,
        "Other Gand A": 25676000.0,
        "Gross Profit": 127131000.0,
        "Cost Of Revenue": 27484000.0,
        "Total Revenue": 154615000.0,
        "Operating Revenue": 154615000.0
    },
    "2024-06-30": {
        "Tax Effect Of Unusual Items": 0.0,
        "Tax Rate For Calcs": 0.21,
        "Normalized EBITDA": 32150000.0,
        "Total Unusual Items": NaN,
        "Total Unusual Items Excluding Goodwill": NaN,
        "Net Income From Continuing Operation Net Minority Interest": 11591000.0,
        "Reconciled Depreciation": 6052000.0,
        "Reconciled Cost Of Revenue": 32144000.0,
        "EBITDA": 32150000.0,
        "EBIT": 26098000.0,
        "Net Interest Income": 301000.0,
        "Interest Expense": 4404000.0,
        "Interest Income": 4705000.0,
        "Normalized Income": 11591000.0,
        "Net Income From Continuing And Discontinued Operation": 11591000.0,
        "Total Expenses": 151458000.0,
        "Total Operating Income As Reported": 21356000.0,
        "Diluted Average Shares": 57541696.0,
        "Basic Average Shares": 56802357.0,
        "Diluted EPS": 0.2,
        "Basic EPS": 0.2,
        "Diluted NI Availto Com Stockholders": 11591000.0,
        "Net Income Common Stockholders": 11591000.0,
        "Net Income": 11591000.0,
        "Net Income Including Noncontrolling Interests": 11591000.0,
        "Net Income Continuous Operations": 11591000.0,
        "Tax Provision": 10103000.0,
        "Pretax Income": 21694000.0,
        "Other Income Expense": 37000.0,
        "Other Non Operating Income Expenses": 37000.0,
        "Special Income Charges": NaN,
        "Other Special Charges": NaN,
        "Net Non Operating Interest Income Expense": 301000.0,
        "Interest Expense Non Operating": 4404000.0,
        "Interest Income Non Operating": 4705000.0,
        "Operating Income": 21356000.0,
        "Operating Expense": 119314000.0,
        "Research And Development": 63583000.0,
        "Selling General And Administration": 55731000.0,
        "Selling And Marketing Expense": 28507000.0,
        "General And Administrative Expense": 27224000.0,
        "Other Gand A": 27224000.0,
        "Gross Profit": 140670000.0,
        "Cost Of Revenue": 32144000.0,
        "Total Revenue": 172814000.0,
        "Operating Revenue": 172814000.0
    },
    "2024-09-30": {
        "Tax Effect Of Unusual Items": 0.0,
        "Tax Rate For Calcs": 0.259,
        "Normalized EBITDA": 72486000.0,
        "Total Unusual Items": 0.0,
        "Total Unusual Items Excluding Goodwill": 0.0,
        "Net Income From Continuing Operation Net Minority Interest": 46093000.0,
        "Reconciled Depreciation": 5968000.0,
        "Reconciled Cost Of Revenue": 42778000.0,
        "EBITDA": 72486000.0,
        "EBIT": 66518000.0,
        "Net Interest Income": 584000.0,
        "Interest Expense": 4348000.0,
        "Interest Income": 4932000.0,
        "Normalized Income": 46093000.0,
        "Net Income From Continuing And Discontinued Operation": 46093000.0,
        "Total Expenses": 124328000.0,
        "Total Operating Income As Reported": 61710000.0,
        "Diluted Average Shares": 58103963.0,
        "Basic Average Shares": 56870234.0,
        "Diluted EPS": 0.79,
        "Basic EPS": 0.81,
        "Diluted NI Availto Com Stockholders": 46093000.0,
        "Net Income Common Stockholders": 46093000.0,
        "Net Income": 46093000.0,
        "Net Income Including Noncontrolling Interests": 46093000.0,
        "Net Income Continuous Operations": 46093000.0,
        "Tax Provision": 16077000.0,
        "Pretax Income": 62170000.0,
        "Other Income Expense": -124000.0,
        "Other Non Operating Income Expenses": -124000.0,
        "Special Income Charges": 0.0,
        "Other Special Charges": NaN,
        "Net Non Operating Interest Income Expense": 584000.0,
        "Interest Expense Non Operating": 4348000.0,
        "Interest Income Non Operating": 4932000.0,
        "Operating Income": 61710000.0,
        "Operating Expense": 81550000.0,
        "Research And Development": 25387000.0,
        "Selling General And Administration": 56163000.0,
        "Selling And Marketing Expense": 27576000.0,
        "General And Administrative Expense": 28587000.0,
        "Other Gand A": 28587000.0,
        "Gross Profit": 143260000.0,
        "Cost Of Revenue": 42778000.0,
        "Total Revenue": 186038000.0,
        "Operating Revenue": 186038000.0
    },
    "2024-12-31": {
        "Tax Effect Of Unusual Items": 0.0,
        "Tax Rate For Calcs": 0.118956,
        "Normalized EBITDA": 66332000.0,
        "Total Unusual Items": 0.0,
        "Total Unusual Items Excluding Goodwill": 0.0,
        "Net Income From Continuing Operation Net Minority Interest": 49475000.0,
        "Reconciled Depreciation": 5968000.0,
        "Reconciled Cost Of Revenue": 54409000.0,
        "EBITDA": 66332000.0,
        "EBIT": 60364000.0,
        "Net Interest Income": 268000.0,
        "Interest Expense": 4209000.0,
        "Interest Income": 4477000.0,
        "Normalized Income": 49475000.0,
        "Net Income From Continuing And Discontinued Operation": 49475000.0,
        "Total Expenses": 145540000.0,
        "Total Operating Income As Reported": 55727000.0,
        "Diluted Average Shares": 58218052.0,
        "Basic Average Shares": 57097092.0,
        "Diluted EPS": 0.85,
        "Basic EPS": 0.87,
        "Diluted NI Availto Com Stockholders": 49475000.0,
        "Net Income Common Stockholders": 49475000.0,
        "Net Income": 49475000.0,
        "Net Income Including Noncontrolling Interests": 49475000.0,
        "Net Income Continuous Operations": 49475000.0,
        "Tax Provision": 6680000.0,
        "Pretax Income": 56155000.0,
        "Other Income Expense": 160000.0,
        "Other Non Operating Income Expenses": 160000.0,
        "Special Income Charges": 0.0,
        "Other Special Charges": NaN,
        "Net Non Operating Interest Income Expense": 268000.0,
        "Interest Expense Non Operating": 4209000.0,
        "Interest Income Non Operating": 4477000.0,
        "Operating Income": 55727000.0,
        "Operating Expense": 91131000.0,
        "Research And Development": 34666000.0,
        "Selling General And Administration": 56465000.0,
        "Selling And Marketing Expense": 27600000.0,
        "General And Administrative Expense": 28865000.0,
        "Other Gand A": 28865000.0,
        "Gross Profit": 146858000.0,
        "Cost Of Revenue": 54409000.0,
        "Total Revenue": 201267000.0,
        "Operating Revenue": 201267000.0
    },
    "2025-03-31": {
        "Tax Effect Of Unusual Items": 0.0,
        "Tax Rate For Calcs": 0.203,
        "Normalized EBITDA": 66981000.0,
        "Total Unusual Items": NaN,
        "Total Unusual Items Excluding Goodwill": NaN,
        "Net Income From Continuing Operation Net Minority Interest": 45560000.0,
        "Reconciled Depreciation": 5968000.0,
        "Reconciled Cost Of Revenue": 31994000.0,
        "EBITDA": 66981000.0,
        "EBIT": 61013000.0,
        "Net Interest Income": 1208000.0,
        "Interest Expense": 3836000.0,
        "Interest Income": 5044000.0,
        "Normalized Income": 45560000.0,
        "Net Income From Continuing And Discontinued Operation": 45560000.0,
        "Total Expenses": 128488000.0,
        "Total Operating Income As Reported": 56245000.0,
        "Diluted Average Shares": 58524566.0,
        "Basic Average Shares": 57309938.0,
        "Diluted EPS": 0.78,
        "Basic EPS": 0.79,
        "Diluted NI Availto Com Stockholders": 45560000.0,
        "Net Income Common Stockholders": 45560000.0,
        "Net Income": 45560000.0,
        "Net Income Including Noncontrolling Interests": 45560000.0,
        "Net Income Continuous Operations": 45560000.0,
        "Tax Provision": 11617000.0,
        "Pretax Income": 57177000.0,
        "Other Income Expense": -276000.0,
        "Other Non Operating Income Expenses": -276000.0,
        "Special Income Charges": NaN,
        "Other Special Charges": NaN,
        "Net Non Operating Interest Income Expense": 1208000.0,
        "Interest Expense Non Operating": 3836000.0,
        "Interest Income Non Operating": 5044000.0,
        "Operating Income": 56245000.0,
        "Operating Expense": 96494000.0,
        "Research And Development": 34540000.0,
        "Selling General And Administration": 61954000.0,
        "Selling And Marketing Expense": 30711000.0,
        "General And Administrative Expense": 31243000.0,
        "Other Gand A": 31243000.0,
        "Gross Profit": 152739000.0,
        "Cost Of Revenue": 31994000.0,
        "Total Revenue": 184733000.0,
        "Operating Revenue": 184733000.0
    },
    "2025-06-30": {
        "Tax Effect Of Unusual Items": 0.0,
        "Tax Rate For Calcs": 0.198662,
        "Normalized EBITDA": 59250000.0,
        "Total Unusual Items": NaN,
        "Total Unusual Items Excluding Goodwill": NaN,
        "Net Income From Continuing Operation Net Minority Interest": 39776000.0,
        "Reconciled Depreciation": 5967000.0,
        "Reconciled Cost Of Revenue": 38153000.0,
        "EBITDA": 59250000.0,
        "EBIT": 53283000.0,
        "Net Interest Income": 1650000.0,
        "Interest Expense": 3646000.0,
        "Interest Income": 5296000.0,
        "Normalized Income": 39776000.0,
        "Net Income From Continuing And Discontinued Operation": 39776000.0,
        "Total Expenses": 152309000.0,
        "Total Operating Income As Reported": 48180000.0,
        "Diluted Average Shares": 58427134.0,
        "Basic Average Shares": 57469775.0,
        "Diluted EPS": 0.68,
        "Basic EPS": 0.69,
        "Diluted NI Availto Com Stockholders": 39776000.0,
        "Net Income Common Stockholders": 39776000.0,
        "Net Income": 39776000.0,
        "Net Income Including Noncontrolling Interests": 39776000.0,
        "Net Income Continuous Operations": 39776000.0,
        "Tax Provision": 9861000.0,
        "Pretax Income": 49637000.0,
        "Other Income Expense": -193000.0,
        "Other Non Operating Income Expenses": -193000.0,
        "Special Income Charges": NaN,
        "Other Special Charges": NaN,
        "Net Non Operating Interest Income Expense": 1650000.0,
        "Interest Expense Non Operating": 3646000.0,
        "Interest Income Non Operating": 5296000.0,
        "Operating Income": 48180000.0,
        "Operating Expense": 114156000.0,
        "Research And Development": 50159000.0,
        "Selling General And Administration": 63997000.0,
        "Selling And Marketing Expense": 30073000.0,
        "General And Administrative Expense": 33924000.0,
        "Other Gand A": 33924000.0,
        "Gross Profit": 162336000.0,
        "Cost Of Revenue": 38153000.0,
        "Total Revenue": 200489000.0,
        "Operating Revenue": 200489000.0
    }
}