{
    "2023-03-31": {
        "Tax Effect Of Unusual Items": NaN,
        "Tax Rate For Calcs": NaN,
        "Normalized EBITDA": NaN,
        "Total Unusual Items": NaN,
        "Total Unusual Items Excluding Goodwill": NaN,
        "Net Income From Continuing Operation Net Minority Interest": NaN,
        "Reconciled Depreciation": NaN,
        "Reconciled Cost Of Revenue": NaN,
        "EBITDA": NaN,
        "EBIT": NaN,
        "Net Interest Income": NaN,
        "Interest Expense": NaN,
        "Normalized Income": NaN,
        "Net Income From Continuing And Discontinued Operation": NaN,
        "Total Expenses": NaN,
        "Total Operating Income As Reported": NaN,
        "Diluted Average Shares": NaN,
        "Basic Average Shares": NaN,
        "Diluted EPS": NaN,
        "Basic EPS": NaN,
        "Diluted NI Availto Com Stockholders": NaN,
        "Net Income Common Stockholders": NaN,
        "Net Income": NaN,
        "Net Income Including Noncontrolling Interests": NaN,
        "Net Income Continuous Operations": NaN,
        "Tax Provision": NaN,
        "Pretax Income": NaN,
        "Other Income Expense": NaN,
        "Other Non Operating Income Expenses": NaN,
        "Special Income Charges": NaN,
        "Other Special Charges": 5465000.0,
        "Earnings From Equity Interest": 0.0,
        "Gain On Sale Of Security": NaN,
        "Net Non Operating Interest Income Expense": NaN,
        "Interest Expense Non Operating": NaN,
        "Operating Income": NaN,
        "Operating Expense": NaN,
        "Research And Development": NaN,
        "Selling General And Administration": NaN,
        "Gross Profit": NaN,
        "Cost Of Revenue": NaN,
        "Total Revenue": NaN,
        "Operating Revenue": NaN
    },
    "2022-12-31": {
        "Tax Effect Of Unusual Items": NaN,
        "Tax Rate For Calcs": NaN,
        "Normalized EBITDA": NaN,
        "Total Unusual Items": NaN,
        "Total Unusual Items Excluding Goodwill": NaN,
        "Net Income From Continuing Operation Net Minority Interest": NaN,
        "Reconciled Depreciation": NaN,
        "Reconciled Cost Of Revenue": NaN,
        "EBITDA": NaN,
        "EBIT": NaN,
        "Net Interest Income": NaN,
        "Interest Expense": NaN,
        "Normalized Income": NaN,
        "Net Income From Continuing And Discontinued Operation": NaN,
        "Total Expenses": NaN,
        "Total Operating Income As Reported": NaN,
        "Diluted Average Shares": NaN,
        "Basic Average Shares": NaN,
        "Diluted EPS": NaN,
        "Basic EPS": NaN,
        "Diluted NI Availto Com Stockholders": NaN,
        "Net Income Common Stockholders": NaN,
        "Net Income": NaN,
        "Net Income Including Noncontrolling Interests": NaN,
        "Net Income Continuous Operations": NaN,
        "Tax Provision": NaN,
        "Pretax Income": NaN,
        "Other Income Expense": NaN,
        "Other Non Operating Income Expenses": NaN,
        "Special Income Charges": NaN,
        "Other Special Charges": NaN,
        "Earnings From Equity Interest": -2097000.0,
        "Gain On Sale Of Security": NaN,
        "Net Non Operating Interest Income Expense": NaN,
        "Interest Expense Non Operating": NaN,
        "Operating Income": NaN,
        "Operating Expense": NaN,
        "Research And Development": NaN,
        "Selling General And Administration": NaN,
        "Gross Profit": NaN,
        "Cost Of Revenue": NaN,
        "Total Revenue": NaN,
        "Operating Revenue": NaN
    },
    "2022-09-30": {
        "Tax Effect Of Unusual Items": -412400.0,
        "Tax Rate For Calcs": 0.4,
        "Normalized EBITDA": -2781000.0,
        "Total Unusual Items": -1031000.0,
        "Total Unusual Items Excluding Goodwill": -1031000.0,
        "Net Income From Continuing Operation Net Minority Interest": -6464000.0,
        "Reconciled Depreciation": 817000.0,
        "Reconciled Cost Of Revenue": 6721000.0,
        "EBITDA": -3812000.0,
        "EBIT": -4629000.0,
        "Net Interest Income": -1800000.0,
        "Interest Expense": 1800000.0,
        "Normalized Income": -5845400.0,
        "Net Income From Continuing And Discontinued Operation": -6464000.0,
        "Total Expenses": 22917000.0,
        "Total Operating Income As Reported": -94000.0,
        "Diluted Average Shares": 27349642.0,
        "Basic Average Shares": 27349642.0,
        "Diluted EPS": -0.24,
        "Basic EPS": -0.24,
        "Diluted NI Availto Com Stockholders": -6464000.0,
        "Net Income Common Stockholders": -6464000.0,
        "Net Income": -6464000.0,
        "Net Income Including Noncontrolling Interests": -6464000.0,
        "Net Income Continuous Operations": -6464000.0,
        "Tax Provision": 35000.0,
        "Pretax Income": -6429000.0,
        "Other Income Expense": -4535000.0,
        "Other Non Operating Income Expenses": NaN,
        "Special Income Charges": 0.0,
        "Other Special Charges": NaN,
        "Impairment Of Capital Assets": NaN,
        "Earnings From Equity Interest": -3504000.0,
        "Gain On Sale Of Security": -1031000.0,
        "Net Non Operating Interest Income Expense": -1800000.0,
        "Interest Expense Non Operating": 1800000.0,
        "Operating Income": -94000.0,
        "Operating Expense": 16196000.0,
        "Research And Development": 775000.0,
        "Selling General And Administration": 15421000.0,
        "Gross Profit": 16102000.0,
        "Cost Of Revenue": 6721000.0,
        "Total Revenue": 22823000.0,
        "Operating Revenue": 22823000.0
    },
    "2022-06-30": {
        "Tax Effect Of Unusual Items": -1379600.0,
        "Tax Rate For Calcs": 0.4,
        "Normalized EBITDA": 5000.0,
        "Total Unusual Items": -3449000.0,
        "Total Unusual Items Excluding Goodwill": -3449000.0,
        "Net Income From Continuing Operation Net Minority Interest": -6239000.0,
        "Reconciled Depreciation": 961000.0,
        "Reconciled Cost Of Revenue": 6534000.0,
        "EBITDA": -3444000.0,
        "EBIT": -4405000.0,
        "Net Interest Income": -1794000.0,
        "Interest Expense": 1794000.0,
        "Normalized Income": -4169600.0,
        "Net Income From Continuing And Discontinued Operation": -6239000.0,
        "Total Expenses": 21633000.0,
        "Total Operating Income As Reported": 1690000.0,
        "Diluted Average Shares": 27303458.0,
        "Basic Average Shares": 27303458.0,
        "Diluted EPS": -0.23,
        "Basic EPS": -0.23,
        "Diluted NI Availto Com Stockholders": -6239000.0,
        "Net Income Common Stockholders": -6239000.0,
        "Net Income": -6239000.0,
        "Net Income Including Noncontrolling Interests": -6239000.0,
        "Net Income Continuous Operations": -6239000.0,
        "Tax Provision": 40000.0,
        "Pretax Income": -6199000.0,
        "Other Income Expense": -6095000.0,
        "Other Non Operating Income Expenses": NaN,
        "Special Income Charges": 0.0,
        "Other Special Charges": NaN,
        "Impairment Of Capital Assets": NaN,
        "Earnings From Equity Interest": -2646000.0,
        "Gain On Sale Of Security": -3449000.0,
        "Net Non Operating Interest Income Expense": -1794000.0,
        "Interest Expense Non Operating": 1794000.0,
        "Operating Income": 1690000.0,
        "Operating Expense": 15099000.0,
        "Research And Development": 914000.0,
        "Selling General And Administration": 14185000.0,
        "Gross Profit": 16789000.0,
        "Cost Of Revenue": 6534000.0,
        "Total Revenue": 23323000.0,
        "Operating Revenue": 23323000.0
    },
    "2022-03-31": {
        "Diluted EPS": -0.09,
        "Total Revenue": 22,
        "Gross Profit": 16,
        "Operating Income": 2,
        "EBIT": 3,
        "Net Income": -2
    },
    "2021-12-31": {
        "Diluted EPS": -0.28,
        "Total Revenue": 20,
        "Gross Profit": 15,
        "Operating Income": -2,
        "EBIT": -1,
        "Net Income": -7
    },
    "2021-09-30": {
        "Diluted EPS": -0.31,
        "Total Revenue": 19,
        "Gross Profit": 14,
        "Operating Income": -4,
        "EBIT": -3,
        "Net Income": -8
    },
    "2021-06-30": {
        "Diluted EPS": -0.11,
        "Total Revenue": 18,
        "Gross Profit": 14,
        "Operating Income": 4,
        "EBIT": 5,
        "Net Income": -3
    },
    "2021-03-31": {
        "Diluted EPS": 0.01,
        "Total Revenue": 15,
        "Gross Profit": 12,
        "Operating Income": 3,
        "EBIT": 4,
        "Net Income": 0
    },
    "2020-12-31": {
        "Diluted EPS": 0.06,
        "Total Revenue": 15,
        "Gross Profit": 11,
        "Operating Income": 3,
        "EBIT": 3,
        "Net Income": 1
    },
    "2020-09-30": {
        "Diluted EPS": 0.32,
        "Total Revenue": 14,
        "Gross Profit": 11,
        "Operating Income": 2,
        "EBIT": 2,
        "Net Income": 9
    },
    "2020-06-30": {
        "Diluted EPS": -0.01,
        "Total Revenue": 8,
        "Gross Profit": 5,
        "Operating Income": -3,
        "EBIT": -2,
        "Net Income": 0
    },
    "2020-03-31": {
        "Diluted EPS": -0.5,
        "Total Revenue": 12,
        "Gross Profit": 8,
        "Operating Income": -1,
        "EBIT": 0,
        "Net Income": -13
    },
    "2019-12-31": {
        "Diluted EPS": 0.12,
        "Total Revenue": 13,
        "Gross Profit": 9,
        "Operating Income": 1,
        "EBIT": 2,
        "Net Income": 3
    },
    "2019-09-30": {
        "Diluted EPS": -0.45,
        "Total Revenue": 13,
        "Gross Profit": 9,
        "Operating Income": -4,
        "EBIT": -4,
        "Net Income": -11
    },
    "2019-06-30": {
        "Diluted EPS": -0.09,
        "Total Revenue": 14,
        "Gross Profit": 8,
        "Operating Income": -1,
        "EBIT": 0,
        "Net Income": -2
    },
    "2019-03-31": {
        "Diluted EPS": 0.43,
        "Total Revenue": 12,
        "Gross Profit": 8,
        "Operating Income": -1,
        "EBIT": 0,
        "Net Income": 11
    },
    "2018-12-31": {
        "Diluted EPS": 0.79,
        "Total Revenue": 11,
        "Gross Profit": 7,
        "Operating Income": -2,
        "EBIT": -2,
        "Net Income": 18
    },
    "2018-09-30": {
        "Diluted EPS": -0.12,
        "Total Revenue": 11,
        "Gross Profit": 7,
        "Operating Income": -1,
        "EBIT": 0,
        "Net Income": -3
    },
    "2018-06-30": {
        "Diluted EPS": 0.11,
        "Total Revenue": 10,
        "Gross Profit": 6,
        "Operating Income": -1,
        "EBIT": 0,
        "Net Income": 3
    },
    "2018-03-31": {
        "Diluted EPS": -0.17,
        "Total Revenue": 9,
        "Gross Profit": 5,
        "Operating Income": -2,
        "EBIT": -1,
        "Net Income": -4
    },
    "2017-12-31": {
        "Diluted EPS": -0.12,
        "Total Revenue": 7,
        "Gross Profit": 4,
        "Operating Income": -2,
        "EBIT": -2,
        "Net Income": -3
    },
    "2017-09-30": {
        "Diluted EPS": -0.28,
        "Total Revenue": 6,
        "Gross Profit": 3,
        "Operating Income": -3,
        "EBIT": -2,
        "Net Income": -6
    },
    "2017-06-30": {
        "Diluted EPS": 0.06,
        "Total Revenue": 7,
        "Gross Profit": 4,
        "Operating Income": -3,
        "EBIT": -2,
        "Net Income": 1
    },
    "2017-03-31": {
        "Diluted EPS": -0.26,
        "Total Revenue": 6,
        "Gross Profit": 3,
        "Operating Income": -4,
        "EBIT": -3,
        "Net Income": -5
    },
    "2016-12-31": {
        "Diluted EPS": -0.43,
        "Total Revenue": 6,
        "Gross Profit": 3,
        "Operating Income": -4,
        "EBIT": -3,
        "Net Income": -6
    },
    "2016-09-30": {
        "Diluted EPS": -0.29,
        "Total Revenue": 5,
        "Gross Profit": 3,
        "Operating Income": -5,
        "EBIT": -4,
        "Net Income": -4
    },
    "2016-06-30": {
        "Diluted EPS": -0.35,
        "Total Revenue": 5,
        "Gross Profit": 3,
        "Operating Income": -4,
        "EBIT": -3,
        "Net Income": -5
    },
    "2016-03-31": {
        "Diluted EPS": -0.43,
        "Total Revenue": 4,
        "Gross Profit": 2,
        "Operating Income": -4,
        "EBIT": -3,
        "Net Income": -4
    },
    "2015-12-31": {
        "Diluted EPS": -0.53,
        "Total Revenue": 4,
        "Gross Profit": 2,
        "Operating Income": -5,
        "EBIT": -4,
        "Net Income": -5
    },
    "2015-09-30": {
        "Diluted EPS": -0.41,
        "Total Revenue": 3,
        "Gross Profit": 1,
        "Operating Income": -4,
        "EBIT": -3,
        "Net Income": -4
    },
    "2015-06-30": {
        "Diluted EPS": -0.39,
        "Total Revenue": 2,
        "Gross Profit": 1,
        "Operating Income": -3,
        "EBIT": -3,
        "Net Income": -4
    },
    "2015-03-31": {
        "Diluted EPS": -0.33,
        "Total Revenue": 2,
        "Gross Profit": 1,
        "Operating Income": -3,
        "EBIT": -3,
        "Net Income": -3
    },
    "2014-12-31": {
        "Diluted EPS": -0.3,
        "Total Revenue": 1,
        "Gross Profit": 0,
        "Operating Income": -3,
        "EBIT": -3,
        "Net Income": -3
    },
    "2014-09-30": {
        "Diluted EPS": -0.27,
        "Total Revenue": 0,
        "Gross Profit": 0,
        "Operating Income": -2,
        "EBIT": -2,
        "Net Income": -2
    },
    "2014-06-30": {
        "Diluted EPS": -0.28,
        "Total Revenue": 1,
        "Gross Profit": 0,
        "Operating Income": -3,
        "EBIT": -3,
        "Net Income": -3
    },
    "2014-03-31": {
        "Diluted EPS": -0.26,
        "Total Revenue": 0,
        "Gross Profit": 0,
        "Operating Income": -2,
        "EBIT": -2,
        "Net Income": -2
    },
    "2013-12-31": {
        "Diluted EPS": -0.21,
        "Total Revenue": 0,
        "Gross Profit": 0,
        "Operating Income": -2,
        "EBIT": -2,
        "Net Income": -2
    },
    "2013-09-30": {
        "Diluted EPS": -0.23,
        "Total Revenue": 0,
        "Gross Profit": 0,
        "Operating Income": -2,
        "EBIT": -2,
        "Net Income": -2
    },
    "2013-06-30": {
        "Diluted EPS": -0.25,
        "Total Revenue": 0,
        "Gross Profit": 0,
        "Operating Income": -2,
        "EBIT": -2,
        "Net Income": -2
    },
    "2013-03-31": {
        "Diluted EPS": -0.19,
        "Total Revenue": 0,
        "Gross Profit": 0,
        "Operating Income": -1,
        "EBIT": -1,
        "Net Income": -1
    },
    "2012-12-31": {
        "Diluted EPS": 0.65,
        "Total Revenue": NaN,
        "Gross Profit": NaN,
        "Operating Income": -1,
        "EBIT": -1,
        "Net Income": -1
    },
    "2012-09-30": {
        "Diluted EPS": -0.2,
        "Total Revenue": NaN,
        "Gross Profit": NaN,
        "Operating Income": -1,
        "EBIT": -1,
        "Net Income": -1
    },
    "2012-06-30": {
        "Diluted EPS": -0.39,
        "Total Revenue": NaN,
        "Gross Profit": NaN,
        "Operating Income": -1,
        "EBIT": -1,
        "Net Income": -2
    },
    "2012-03-31": {
        "Diluted EPS": -1.3,
        "Total Revenue": 0,
        "Gross Profit": 0,
        "Operating Income": 0,
        "EBIT": 0,
        "Net Income": -1
    },
    "2011-12-31": {
        "Diluted EPS": 0.0,
        "Total Revenue": NaN,
        "Gross Profit": NaN,
        "Operating Income": NaN,
        "EBIT": NaN,
        "Net Income": NaN
    },
    "2010-09-30": {
        "Diluted EPS": -2.0,
        "Total Revenue": NaN,
        "Gross Profit": NaN,
        "Operating Income": -1,
        "EBIT": -1,
        "Net Income": -1
    },
    "2010-06-30": {
        "Diluted EPS": -1.2,
        "Total Revenue": NaN,
        "Gross Profit": NaN,
        "Operating Income": 0,
        "EBIT": -1,
        "Net Income": -1
    },
    "2010-03-31": {
        "Diluted EPS": -2.4,
        "Total Revenue": NaN,
        "Gross Profit": NaN,
        "Operating Income": -1,
        "EBIT": -1,
        "Net Income": -1
    },
    "2009-12-31": {
        "Diluted EPS": 0.0,
        "Total Revenue": NaN,
        "Gross Profit": NaN,
        "Operating Income": -1,
        "EBIT": -1,
        "Net Income": -1
    },
    "2009-09-30": {
        "Diluted EPS": 0.0,
        "Total Revenue": NaN,
        "Gross Profit": NaN,
        "Operating Income": -1,
        "EBIT": -1,
        "Net Income": -1
    },
    "2009-06-30": {
        "Diluted EPS": 0.0,
        "Total Revenue": NaN,
        "Gross Profit": NaN,
        "Operating Income": -1,
        "EBIT": -1,
        "Net Income": -1
    },
    "2009-03-31": {
        "Diluted EPS": 0.0,
        "Total Revenue": NaN,
        "Gross Profit": NaN,
        "Operating Income": -2,
        "EBIT": -2,
        "Net Income": -2
    },
    "2023-06-30": {
        "Tax Effect Of Unusual Items": NaN,
        "Tax Rate For Calcs": NaN,
        "Normalized EBITDA": NaN,
        "Total Unusual Items": NaN,
        "Total Unusual Items Excluding Goodwill": NaN,
        "Net Income From Continuing Operation Net Minority Interest": NaN,
        "Reconciled Depreciation": NaN,
        "Reconciled Cost Of Revenue": NaN,
        "EBITDA": NaN,
        "EBIT": NaN,
        "Net Interest Income": NaN,
        "Interest Expense": NaN,
        "Normalized Income": NaN,
        "Net Income From Continuing And Discontinued Operation": NaN,
        "Total Expenses": NaN,
        "Total Operating Income As Reported": NaN,
        "Diluted Average Shares": 30207143.0,
        "Basic Average Shares": 30207143.0,
        "Diluted EPS": -0.14,
        "Basic EPS": -0.14,
        "Diluted NI Availto Com Stockholders": NaN,
        "Net Income Common Stockholders": NaN,
        "Net Income": NaN,
        "Net Income Including Noncontrolling Interests": NaN,
        "Net Income Continuous Operations": NaN,
        "Tax Provision": NaN,
        "Pretax Income": NaN,
        "Other Income Expense": NaN,
        "Other Non Operating Income Expenses": NaN,
        "Special Income Charges": NaN,
        "Other Special Charges": NaN,
        "Earnings From Equity Interest": 0.0,
        "Gain On Sale Of Security": NaN,
        "Net Non Operating Interest Income Expense": NaN,
        "Interest Expense Non Operating": NaN,
        "Operating Income": NaN,
        "Operating Expense": NaN,
        "Research And Development": NaN,
        "Selling General And Administration": NaN,
        "Gross Profit": NaN,
        "Cost Of Revenue": NaN,
        "Total Revenue": NaN,
        "Operating Revenue": NaN
    },
    "2023-09-30": {
        "Tax Effect Of Unusual Items": NaN,
        "Tax Rate For Calcs": NaN,
        "Normalized EBITDA": NaN,
        "Total Unusual Items": NaN,
        "Total Unusual Items Excluding Goodwill": NaN,
        "Net Income From Continuing Operation Net Minority Interest": NaN,
        "Reconciled Depreciation": NaN,
        "Reconciled Cost Of Revenue": NaN,
        "EBITDA": NaN,
        "EBIT": NaN,
        "Net Interest Income": NaN,
        "Interest Expense": NaN,
        "Normalized Income": NaN,
        "Net Income From Continuing And Discontinued Operation": NaN,
        "Total Expenses": NaN,
        "Total Operating Income As Reported": NaN,
        "Diluted Average Shares": NaN,
        "Basic Average Shares": NaN,
        "Diluted EPS": NaN,
        "Basic EPS": NaN,
        "Diluted NI Availto Com Stockholders": NaN,
        "Net Income Common Stockholders": NaN,
        "Net Income": NaN,
        "Net Income Including Noncontrolling Interests": NaN,
        "Net Income Continuous Operations": NaN,
        "Tax Provision": NaN,
        "Pretax Income": NaN,
        "Other Income Expense": NaN,
        "Other Non Operating Income Expenses": NaN,
        "Special Income Charges": NaN,
        "Other Special Charges": NaN,
        "Earnings From Equity Interest": 0.0,
        "Gain On Sale Of Security": 1348000.0,
        "Net Non Operating Interest Income Expense": NaN,
        "Interest Expense Non Operating": NaN,
        "Operating Income": NaN,
        "Operating Expense": NaN,
        "Research And Development": NaN,
        "Selling General And Administration": NaN,
        "Gross Profit": NaN,
        "Cost Of Revenue": NaN,
        "Total Revenue": NaN,
        "Operating Revenue": NaN
    },
    "2023-12-31": {
        "Tax Effect Of Unusual Items": NaN,
        "Tax Rate For Calcs": NaN,
        "Normalized EBITDA": NaN,
        "Total Unusual Items": 36000.0,
        "Total Unusual Items Excluding Goodwill": 36000.0,
        "Net Income From Continuing Operation Net Minority Interest": NaN,
        "Reconciled Depreciation": NaN,
        "Reconciled Cost Of Revenue": NaN,
        "EBITDA": NaN,
        "EBIT": NaN,
        "Net Interest Income": NaN,
        "Interest Expense": NaN,
        "Normalized Income": NaN,
        "Net Income From Continuing And Discontinued Operation": NaN,
        "Total Expenses": NaN,
        "Total Operating Income As Reported": NaN,
        "Diluted Average Shares": NaN,
        "Basic Average Shares": NaN,
        "Diluted EPS": NaN,
        "Basic EPS": NaN,
        "Diluted NI Availto Com Stockholders": NaN,
        "Net Income Common Stockholders": NaN,
        "Net Income": NaN,
        "Net Income Including Noncontrolling Interests": NaN,
        "Net Income Continuous Operations": NaN,
        "Tax Provision": NaN,
        "Pretax Income": NaN,
        "Other Income Expense": NaN,
        "Other Non Operating Income Expenses": NaN,
        "Special Income Charges": -380000.0,
        "Other Special Charges": 0.0,
        "Earnings From Equity Interest": 0.0,
        "Gain On Sale Of Security": 416000.0,
        "Net Non Operating Interest Income Expense": NaN,
        "Interest Expense Non Operating": NaN,
        "Operating Income": NaN,
        "Operating Expense": NaN,
        "Research And Development": NaN,
        "Selling General And Administration": NaN,
        "Gross Profit": NaN,
        "Cost Of Revenue": NaN,
        "Total Revenue": NaN,
        "Operating Revenue": NaN
    },
    "2024-03-31": {
        "Tax Effect Of Unusual Items": NaN,
        "Tax Rate For Calcs": NaN,
        "Normalized EBITDA": NaN,
        "Total Unusual Items": -1248000.0,
        "Total Unusual Items Excluding Goodwill": -1248000.0,
        "Net Income From Continuing Operation Net Minority Interest": NaN,
        "Reconciled Depreciation": NaN,
        "Reconciled Cost Of Revenue": NaN,
        "EBITDA": NaN,
        "EBIT": NaN,
        "Net Interest Income": NaN,
        "Interest Expense": NaN,
        "Normalized Income": NaN,
        "Net Income From Continuing And Discontinued Operation": NaN,
        "Total Expenses": NaN,
        "Total Operating Income As Reported": NaN,
        "Diluted Average Shares": NaN,
        "Basic Average Shares": NaN,
        "Diluted EPS": NaN,
        "Basic EPS": NaN,
        "Diluted NI Availto Com Stockholders": NaN,
        "Net Income Common Stockholders": NaN,
        "Net Income": NaN,
        "Net Income Including Noncontrolling Interests": NaN,
        "Net Income Continuous Operations": NaN,
        "Tax Provision": 0.0,
        "Pretax Income": NaN,
        "Other Income Expense": -1222000.0,
        "Other Non Operating Income Expenses": 26000.0,
        "Special Income Charges": 0.0,
        "Other Special Charges": NaN,
        "Earnings From Equity Interest": NaN,
        "Gain On Sale Of Security": -1248000.0,
        "Net Non Operating Interest Income Expense": NaN,
        "Interest Expense Non Operating": NaN,
        "Operating Income": NaN,
        "Operating Expense": NaN,
        "Research And Development": NaN,
        "Selling General And Administration": NaN,
        "Gross Profit": NaN,
        "Cost Of Revenue": NaN,
        "Total Revenue": NaN,
        "Operating Revenue": NaN
    },
    "2024-06-30": {
        "Tax Effect Of Unusual Items": -403830.0,
        "Tax Rate For Calcs": 0.21,
        "Normalized EBITDA": 4776000.0,
        "Total Unusual Items": -1923000.0,
        "Total Unusual Items Excluding Goodwill": -1923000.0,
        "Net Income From Continuing Operation Net Minority Interest": -6473000.0,
        "Reconciled Depreciation": 3200000.0,
        "Reconciled Cost Of Revenue": 12539000.0,
        "EBITDA": 2853000.0,
        "EBIT": -347000.0,
        "Net Interest Income": -5471000.0,
        "Interest Expense": 5471000.0,
        "Normalized Income": -4953830.0,
        "Net Income From Continuing And Discontinued Operation": -6473000.0,
        "Total Expenses": 47409000.0,
        "Total Operating Income As Reported": 1530000.0,
        "Diluted Average Shares": 35618977.0,
        "Basic Average Shares": 35618977.0,
        "Diluted EPS": -0.18,
        "Basic EPS": -0.18,
        "Diluted NI Availto Com Stockholders": -6473000.0,
        "Net Income Common Stockholders": -6473000.0,
        "Net Income": -6473000.0,
        "Net Income Including Noncontrolling Interests": -6473000.0,
        "Net Income Continuous Operations": -6473000.0,
        "Tax Provision": 655000.0,
        "Pretax Income": -5818000.0,
        "Other Income Expense": -1877000.0,
        "Other Non Operating Income Expenses": 46000.0,
        "Special Income Charges": 0.0,
        "Other Special Charges": NaN,
        "Earnings From Equity Interest": NaN,
        "Gain On Sale Of Security": -1923000.0,
        "Net Non Operating Interest Income Expense": -5471000.0,
        "Interest Expense Non Operating": 5471000.0,
        "Operating Income": 1530000.0,
        "Operating Expense": 34870000.0,
        "Research And Development": 3053000.0,
        "Selling General And Administration": 31817000.0,
        "Gross Profit": 36400000.0,
        "Cost Of Revenue": 12539000.0,
        "Total Revenue": 48939000.0,
        "Operating Revenue": 48871000.0
    },
    "2024-09-30": {
        "Tax Effect Of Unusual Items": 0.0,
        "Tax Rate For Calcs": 0.21,
        "Normalized EBITDA": 4671000.0,
        "Total Unusual Items": 0.0,
        "Total Unusual Items Excluding Goodwill": 0.0,
        "Net Income From Continuing Operation Net Minority Interest": -4220000.0,
        "Reconciled Depreciation": 3346000.0,
        "Reconciled Cost Of Revenue": 12018000.0,
        "EBITDA": 4671000.0,
        "EBIT": 1325000.0,
        "Net Interest Income": -5525000.0,
        "Interest Expense": 5525000.0,
        "Normalized Income": -4220000.0,
        "Net Income From Continuing And Discontinued Operation": -4220000.0,
        "Total Expenses": 47936000.0,
        "Total Operating Income As Reported": 1321000.0,
        "Diluted Average Shares": 35702200.0,
        "Basic Average Shares": 35702200.0,
        "Diluted EPS": -0.12,
        "Basic EPS": -0.12,
        "Diluted NI Availto Com Stockholders": -4220000.0,
        "Net Income Common Stockholders": -4220000.0,
        "Net Income": -4220000.0,
        "Net Income Including Noncontrolling Interests": -4220000.0,
        "Net Income Continuous Operations": -4220000.0,
        "Tax Provision": 20000.0,
        "Pretax Income": -4200000.0,
        "Other Income Expense": 4000.0,
        "Other Non Operating Income Expenses": 4000.0,
        "Special Income Charges": 0.0,
        "Other Special Charges": NaN,
        "Earnings From Equity Interest": NaN,
        "Gain On Sale Of Security": NaN,
        "Net Non Operating Interest Income Expense": -5525000.0,
        "Interest Expense Non Operating": 5525000.0,
        "Operating Income": 1321000.0,
        "Operating Expense": 35918000.0,
        "Research And Development": 2273000.0,
        "Selling General And Administration": 33645000.0,
        "Gross Profit": 37239000.0,
        "Cost Of Revenue": 12018000.0,
        "Total Revenue": 49257000.0,
        "Operating Revenue": 49019000.0
    },
    "2024-12-31": {
        "Tax Effect Of Unusual Items": -53130.0,
        "Tax Rate For Calcs": 0.21,
        "Normalized EBITDA": 17702000.0,
        "Total Unusual Items": -253000.0,
        "Total Unusual Items Excluding Goodwill": -253000.0,
        "Net Income From Continuing Operation Net Minority Interest": 6777000.0,
        "Reconciled Depreciation": 4811000.0,
        "Reconciled Cost Of Revenue": 14135000.0,
        "EBITDA": 17449000.0,
        "EBIT": 12638000.0,
        "Net Interest Income": -6375000.0,
        "Interest Expense": 6375000.0,
        "Normalized Income": 6976870.0,
        "Net Income From Continuing And Discontinued Operation": 6777000.0,
        "Total Expenses": 53679000.0,
        "Total Operating Income As Reported": 12899000.0,
        "Diluted Average Shares": 35807767.0,
        "Basic Average Shares": 35807767.0,
        "Diluted EPS": 0.19,
        "Basic EPS": 0.19,
        "Diluted NI Availto Com Stockholders": 6777000.0,
        "Net Income Common Stockholders": 6777000.0,
        "Net Income": 6777000.0,
        "Net Income Including Noncontrolling Interests": 6777000.0,
        "Net Income Continuous Operations": 6777000.0,
        "Tax Provision": -514000.0,
        "Pretax Income": 6263000.0,
        "Other Income Expense": -514000.0,
        "Other Non Operating Income Expenses": -261000.0,
        "Special Income Charges": -253000.0,
        "Other Special Charges": NaN,
        "Earnings From Equity Interest": NaN,
        "Gain On Sale Of Security": 0.0,
        "Net Non Operating Interest Income Expense": -6375000.0,
        "Interest Expense Non Operating": 6375000.0,
        "Operating Income": 13152000.0,
        "Operating Expense": 39544000.0,
        "Research And Development": 4755000.0,
        "Selling General And Administration": 34789000.0,
        "Gross Profit": 52696000.0,
        "Cost Of Revenue": 14135000.0,
        "Total Revenue": 66831000.0,
        "Operating Revenue": 67216000.0
    },
    "2025-03-31": {
        "Tax Effect Of Unusual Items": 0.0,
        "Tax Rate For Calcs": 0.0,
        "Normalized EBITDA": -6324000.0,
        "Total Unusual Items": NaN,
        "Total Unusual Items Excluding Goodwill": NaN,
        "Net Income From Continuing Operation Net Minority Interest": -17780000.0,
        "Reconciled Depreciation": 4908000.0,
        "Reconciled Cost Of Revenue": 15524000.0,
        "EBITDA": -6324000.0,
        "EBIT": -11232000.0,
        "Net Interest Income": -6548000.0,
        "Interest Expense": 6548000.0,
        "Normalized Income": -17780000.0,
        "Net Income From Continuing And Discontinued Operation": -17780000.0,
        "Total Expenses": 59063000.0,
        "Total Operating Income As Reported": -11232000.0,
        "Diluted Average Shares": 35826452.0,
        "Basic Average Shares": 35826452.0,
        "Diluted EPS": -0.5,
        "Basic EPS": -0.5,
        "Diluted NI Availto Com Stockholders": -17780000.0,
        "Net Income Common Stockholders": -17780000.0,
        "Net Income": -17780000.0,
        "Net Income Including Noncontrolling Interests": -17780000.0,
        "Net Income Continuous Operations": -17780000.0,
        "Tax Provision": NaN,
        "Pretax Income": -17780000.0,
        "Other Income Expense": NaN,
        "Other Non Operating Income Expenses": NaN,
        "Special Income Charges": NaN,
        "Other Special Charges": NaN,
        "Earnings From Equity Interest": NaN,
        "Gain On Sale Of Security": NaN,
        "Net Non Operating Interest Income Expense": -6548000.0,
        "Interest Expense Non Operating": 6548000.0,
        "Operating Income": -11232000.0,
        "Operating Expense": 43539000.0,
        "Research And Development": 3026000.0,
        "Selling General And Administration": 40513000.0,
        "Gross Profit": 32307000.0,
        "Cost Of Revenue": 15524000.0,
        "Total Revenue": 47831000.0,
        "Operating Revenue": 47745000.0
    },
    "2025-06-30": {
        "Tax Effect Of Unusual Items": 0.0,
        "Tax Rate For Calcs": 0.0,
        "Normalized EBITDA": 16307000.0,
        "Total Unusual Items": NaN,
        "Total Unusual Items Excluding Goodwill": NaN,
        "Net Income From Continuing Operation Net Minority Interest": 4995000.0,
        "Reconciled Depreciation": 4904000.0,
        "Reconciled Cost Of Revenue": 16230000.0,
        "EBITDA": 16307000.0,
        "EBIT": 11403000.0,
        "Net Interest Income": -6408000.0,
        "Interest Expense": 6408000.0,
        "Normalized Income": 4995000.0,
        "Net Income From Continuing And Discontinued Operation": 4995000.0,
        "Total Expenses": 52333000.0,
        "Total Operating Income As Reported": 11409000.0,
        "Diluted Average Shares": 38853855.0,
        "Basic Average Shares": 36790306.0,
        "Diluted EPS": 0.13,
        "Basic EPS": 0.14,
        "Diluted NI Availto Com Stockholders": 4995000.0,
        "Net Income Common Stockholders": 4995000.0,
        "Net Income": 4995000.0,
        "Net Income Including Noncontrolling Interests": 4995000.0,
        "Net Income Continuous Operations": 4995000.0,
        "Tax Provision": 0.0,
        "Pretax Income": 4995000.0,
        "Other Income Expense": -6000.0,
        "Other Non Operating Income Expenses": -6000.0,
        "Special Income Charges": NaN,
        "Other Special Charges": NaN,
        "Earnings From Equity Interest": NaN,
        "Gain On Sale Of Security": NaN,
        "Net Non Operating Interest Income Expense": -6408000.0,
        "Interest Expense Non Operating": 6408000.0,
        "Operating Income": 11409000.0,
        "Operating Expense": 36103000.0,
        "Research And Development": 2868000.0,
        "Selling General And Administration": 33235000.0,
        "Gross Profit": 47512000.0,
        "Cost Of Revenue": 16230000.0,
        "Total Revenue": 63742000.0,
        "Operating Revenue": 63657000.0
    }
}