{
    "2023-03-31": {
        "Tax Effect Of Unusual Items": NaN,
        "Tax Rate For Calcs": NaN,
        "Normalized EBITDA": NaN,
        "Net Income From Continuing Operation Net Minority Interest": NaN,
        "Reconciled Depreciation": NaN,
        "Reconciled Cost Of Revenue": NaN,
        "EBITDA": NaN,
        "EBIT": NaN,
        "Normalized Income": NaN,
        "Net Income From Continuing And Discontinued Operation": NaN,
        "Total Expenses": NaN,
        "Total Operating Income As Reported": NaN,
        "Diluted Average Shares": 119246000.0,
        "Basic Average Shares": 119246000.0,
        "Diluted EPS": -0.27,
        "Basic EPS": -0.27,
        "Diluted NI Availto Com Stockholders": NaN,
        "Net Income Common Stockholders": NaN,
        "Net Income": NaN,
        "Net Income Including Noncontrolling Interests": NaN,
        "Net Income Continuous Operations": NaN,
        "Pretax Income": NaN,
        "Other Income Expense": NaN,
        "Other Non Operating Income Expenses": NaN,
        "Operating Income": NaN,
        "Operating Expense": NaN,
        "Research And Development": NaN,
        "Selling General And Administration": NaN,
        "Selling And Marketing Expense": NaN,
        "General And Administrative Expense": NaN,
        "Other Gand A": NaN,
        "Gross Profit": NaN,
        "Cost Of Revenue": NaN,
        "Total Revenue": NaN,
        "Operating Revenue": NaN
    },
    "2022-12-31": {
        "Tax Effect Of Unusual Items": NaN,
        "Tax Rate For Calcs": NaN,
        "Normalized EBITDA": NaN,
        "Net Income From Continuing Operation Net Minority Interest": NaN,
        "Reconciled Depreciation": NaN,
        "Reconciled Cost Of Revenue": NaN,
        "EBITDA": NaN,
        "EBIT": NaN,
        "Normalized Income": NaN,
        "Net Income From Continuing And Discontinued Operation": NaN,
        "Total Expenses": NaN,
        "Total Operating Income As Reported": NaN,
        "Diluted Average Shares": 116876471.0,
        "Basic Average Shares": 116876471.0,
        "Diluted EPS": -0.17,
        "Basic EPS": -0.17,
        "Diluted NI Availto Com Stockholders": NaN,
        "Net Income Common Stockholders": NaN,
        "Net Income": NaN,
        "Net Income Including Noncontrolling Interests": NaN,
        "Net Income Continuous Operations": NaN,
        "Pretax Income": NaN,
        "Other Income Expense": NaN,
        "Other Non Operating Income Expenses": NaN,
        "Operating Income": NaN,
        "Operating Expense": NaN,
        "Research And Development": NaN,
        "Selling General And Administration": NaN,
        "Selling And Marketing Expense": NaN,
        "General And Administrative Expense": NaN,
        "Other Gand A": NaN,
        "Gross Profit": NaN,
        "Cost Of Revenue": NaN,
        "Total Revenue": NaN,
        "Operating Revenue": NaN
    },
    "2022-09-30": {
        "Tax Effect Of Unusual Items": 0.0,
        "Tax Rate For Calcs": 0.0,
        "Normalized EBITDA": -41176000.0,
        "Net Income From Continuing Operation Net Minority Interest": -41908000.0,
        "Reconciled Depreciation": 706000.0,
        "Reconciled Cost Of Revenue": 14717000.0,
        "EBITDA": -41176000.0,
        "EBIT": -41882000.0,
        "Normalized Income": -41908000.0,
        "Net Income From Continuing And Discontinued Operation": -41908000.0,
        "Total Expenses": 68439000.0,
        "Total Operating Income As Reported": -41882000.0,
        "Diluted Average Shares": 111735000.0,
        "Basic Average Shares": 111735000.0,
        "Diluted EPS": -0.38,
        "Basic EPS": -0.38,
        "Diluted NI Availto Com Stockholders": -41908000.0,
        "Net Income Common Stockholders": -41908000.0,
        "Net Income": -41908000.0,
        "Net Income Including Noncontrolling Interests": -41908000.0,
        "Net Income Continuous Operations": -41908000.0,
        "Pretax Income": -41908000.0,
        "Other Income Expense": -26000.0,
        "Other Non Operating Income Expenses": -26000.0,
        "Operating Income": -41882000.0,
        "Operating Expense": 53722000.0,
        "Research And Development": 25545000.0,
        "Selling General And Administration": 28177000.0,
        "Selling And Marketing Expense": 18378000.0,
        "General And Administrative Expense": 9799000.0,
        "Other Gand A": 9799000.0,
        "Gross Profit": 11840000.0,
        "Cost Of Revenue": 14717000.0,
        "Total Revenue": 26557000.0,
        "Operating Revenue": 26557000.0
    },
    "2022-06-30": {
        "Tax Effect Of Unusual Items": 0.0,
        "Tax Rate For Calcs": 0.0,
        "Normalized EBITDA": -48827000.0,
        "Net Income From Continuing Operation Net Minority Interest": -56359000.0,
        "Reconciled Depreciation": 671000.0,
        "Reconciled Cost Of Revenue": 16175000.0,
        "EBITDA": -48827000.0,
        "EBIT": -49498000.0,
        "Normalized Income": -56359000.0,
        "Net Income From Continuing And Discontinued Operation": -56359000.0,
        "Total Expenses": 77128000.0,
        "Total Operating Income As Reported": -49498000.0,
        "Diluted Average Shares": 102405000.0,
        "Basic Average Shares": 102405000.0,
        "Diluted EPS": -0.55,
        "Basic EPS": -0.55,
        "Diluted NI Availto Com Stockholders": -56359000.0,
        "Net Income Common Stockholders": -56359000.0,
        "Net Income": -56359000.0,
        "Net Income Including Noncontrolling Interests": -56359000.0,
        "Net Income Continuous Operations": -56359000.0,
        "Pretax Income": -56359000.0,
        "Other Income Expense": -6861000.0,
        "Other Non Operating Income Expenses": -6861000.0,
        "Operating Income": -49498000.0,
        "Operating Expense": 60953000.0,
        "Research And Development": 28834000.0,
        "Selling General And Administration": 32119000.0,
        "Selling And Marketing Expense": 22938000.0,
        "General And Administrative Expense": 9181000.0,
        "Other Gand A": 9181000.0,
        "Gross Profit": 11455000.0,
        "Cost Of Revenue": 16175000.0,
        "Total Revenue": 27630000.0,
        "Operating Revenue": 27630000.0
    },
    "2022-03-31": {
        "Diluted EPS": -0.63,
        "Total Revenue": 23,
        "Gross Profit": 12,
        "Operating Income": -63,
        "EBIT": -62,
        "Net Income": -64
    },
    "2021-12-31": {
        "Diluted EPS": -0.53,
        "Total Revenue": 21,
        "Gross Profit": 10,
        "Operating Income": -54,
        "EBIT": -53,
        "Net Income": -55
    },
    "2021-09-30": {
        "Diluted EPS": -0.51,
        "Total Revenue": 23,
        "Gross Profit": 12,
        "Operating Income": -52,
        "EBIT": -51,
        "Net Income": -52
    },
    "2021-06-30": {
        "Diluted EPS": -0.62,
        "Total Revenue": 22,
        "Gross Profit": 8,
        "Operating Income": -60,
        "EBIT": -59,
        "Net Income": -61
    },
    "2021-03-31": {
        "Diluted EPS": -0.58,
        "Total Revenue": 20,
        "Gross Profit": 11,
        "Operating Income": -52,
        "EBIT": -51,
        "Net Income": -53
    },
    "2020-12-31": {
        "Diluted EPS": -0.68,
        "Total Revenue": 21,
        "Gross Profit": 11,
        "Operating Income": -61,
        "EBIT": -60,
        "Net Income": -62
    },
    "2020-09-30": {
        "Diluted EPS": -0.64,
        "Total Revenue": 20,
        "Gross Profit": 13,
        "Operating Income": -58,
        "EBIT": -57,
        "Net Income": -58
    },
    "2020-06-30": {
        "Diluted EPS": -0.61,
        "Total Revenue": 23,
        "Gross Profit": 14,
        "Operating Income": -56,
        "EBIT": -55,
        "Net Income": -55
    },
    "2020-03-31": {
        "Diluted EPS": -0.57,
        "Total Revenue": 25,
        "Gross Profit": 15,
        "Operating Income": -53,
        "EBIT": -52,
        "Net Income": -52
    },
    "2019-12-31": {
        "Diluted EPS": -0.65,
        "Total Revenue": 35,
        "Gross Profit": 19,
        "Operating Income": -59,
        "EBIT": -59,
        "Net Income": -58
    },
    "2019-09-30": {
        "Diluted EPS": -0.42,
        "Total Revenue": 43,
        "Gross Profit": 25,
        "Operating Income": -35,
        "EBIT": -35,
        "Net Income": -34
    },
    "2019-06-30": {
        "Diluted EPS": -0.63,
        "Total Revenue": 37,
        "Gross Profit": 23,
        "Operating Income": -52,
        "EBIT": -52,
        "Net Income": -50
    },
    "2019-03-31": {
        "Diluted EPS": -0.8,
        "Total Revenue": 32,
        "Gross Profit": 17,
        "Operating Income": -65,
        "EBIT": -65,
        "Net Income": -63
    },
    "2018-12-31": {
        "Diluted EPS": -0.6,
        "Total Revenue": 29,
        "Gross Profit": 17,
        "Operating Income": -51,
        "EBIT": -52,
        "Net Income": -50
    },
    "2018-09-30": {
        "Diluted EPS": -0.49,
        "Total Revenue": 20,
        "Gross Profit": 12,
        "Operating Income": -42,
        "EBIT": -42,
        "Net Income": -38
    },
    "2018-06-30": {
        "Diluted EPS": -0.54,
        "Total Revenue": 17,
        "Gross Profit": 12,
        "Operating Income": -39,
        "EBIT": -39,
        "Net Income": -39
    },
    "2018-03-31": {
        "Diluted EPS": -0.81,
        "Total Revenue": 12,
        "Gross Profit": 8,
        "Operating Income": -52,
        "EBIT": -52,
        "Net Income": -52
    },
    "2017-12-31": {
        "Diluted EPS": -1.08,
        "Total Revenue": 10,
        "Gross Profit": 9,
        "Operating Income": -62,
        "EBIT": -61,
        "Net Income": -62
    },
    "2017-09-30": {
        "Diluted EPS": -0.77,
        "Total Revenue": 9,
        "Gross Profit": 8,
        "Operating Income": -41,
        "EBIT": -41,
        "Net Income": -42
    },
    "2017-06-30": {
        "Diluted EPS": -0.8,
        "Total Revenue": 9,
        "Gross Profit": 7,
        "Operating Income": -42,
        "EBIT": -42,
        "Net Income": -43
    },
    "2017-03-31": {
        "Diluted EPS": -1.0,
        "Total Revenue": 4,
        "Gross Profit": 2,
        "Operating Income": -49,
        "EBIT": -49,
        "Net Income": -50
    },
    "2016-12-31": {
        "Diluted EPS": -1.23,
        "Total Revenue": NaN,
        "Gross Profit": NaN,
        "Operating Income": -48,
        "EBIT": -48,
        "Net Income": -48
    },
    "2016-09-30": {
        "Diluted EPS": -1.24,
        "Total Revenue": NaN,
        "Gross Profit": NaN,
        "Operating Income": -48,
        "EBIT": -47,
        "Net Income": -49
    },
    "2016-06-30": {
        "Diluted EPS": -1.17,
        "Total Revenue": NaN,
        "Gross Profit": NaN,
        "Operating Income": -43,
        "EBIT": -43,
        "Net Income": -43
    },
    "2016-03-31": {
        "Diluted EPS": -0.92,
        "Total Revenue": NaN,
        "Gross Profit": NaN,
        "Operating Income": -33,
        "EBIT": -33,
        "Net Income": -33
    },
    "2015-12-31": {
        "Diluted EPS": -0.88,
        "Total Revenue": NaN,
        "Gross Profit": NaN,
        "Operating Income": -31,
        "EBIT": -31,
        "Net Income": -31
    },
    "2015-09-30": {
        "Diluted EPS": -0.63,
        "Total Revenue": NaN,
        "Gross Profit": NaN,
        "Operating Income": -22,
        "EBIT": -22,
        "Net Income": -23
    },
    "2015-06-30": {
        "Diluted EPS": -0.74,
        "Total Revenue": NaN,
        "Gross Profit": NaN,
        "Operating Income": -23,
        "EBIT": -23,
        "Net Income": -23
    },
    "2015-03-31": {
        "Diluted EPS": -0.7,
        "Total Revenue": NaN,
        "Gross Profit": NaN,
        "Operating Income": -20,
        "EBIT": -20,
        "Net Income": -21
    },
    "2014-12-31": {
        "Diluted EPS": -0.69,
        "Total Revenue": NaN,
        "Gross Profit": NaN,
        "Operating Income": -19,
        "EBIT": -19,
        "Net Income": -21
    },
    "2014-09-30": {
        "Diluted EPS": -0.66,
        "Total Revenue": NaN,
        "Gross Profit": NaN,
        "Operating Income": -19,
        "EBIT": -19,
        "Net Income": -19
    },
    "2014-06-30": {
        "Diluted EPS": -0.78,
        "Total Revenue": NaN,
        "Gross Profit": NaN,
        "Operating Income": -19,
        "EBIT": -19,
        "Net Income": -19
    },
    "2014-03-31": {
        "Diluted EPS": -0.74,
        "Total Revenue": NaN,
        "Gross Profit": NaN,
        "Operating Income": -17,
        "EBIT": -17,
        "Net Income": -18
    },
    "2013-12-31": {
        "Diluted EPS": -0.72,
        "Total Revenue": NaN,
        "Gross Profit": NaN,
        "Operating Income": -14,
        "EBIT": -14,
        "Net Income": -14
    },
    "2013-09-30": {
        "Diluted EPS": -0.84,
        "Total Revenue": NaN,
        "Gross Profit": NaN,
        "Operating Income": -13,
        "EBIT": -12,
        "Net Income": -13
    },
    "2013-06-30": {
        "Diluted EPS": -1.01,
        "Total Revenue": NaN,
        "Gross Profit": NaN,
        "Operating Income": -15,
        "EBIT": -15,
        "Net Income": -15
    },
    "2013-03-31": {
        "Diluted EPS": -0.85,
        "Total Revenue": NaN,
        "Gross Profit": NaN,
        "Operating Income": -13,
        "EBIT": -13,
        "Net Income": -13
    },
    "2012-12-31": {
        "Diluted EPS": -0.71,
        "Total Revenue": NaN,
        "Gross Profit": NaN,
        "Operating Income": -9,
        "EBIT": -8,
        "Net Income": -8
    },
    "2012-09-30": {
        "Diluted EPS": -0.4,
        "Total Revenue": NaN,
        "Gross Profit": NaN,
        "Operating Income": -6,
        "EBIT": -6,
        "Net Income": -6
    },
    "2012-06-30": {
        "Diluted EPS": -0.4,
        "Total Revenue": NaN,
        "Gross Profit": NaN,
        "Operating Income": -4,
        "EBIT": -4,
        "Net Income": -5
    },
    "2012-03-31": {
        "Diluted EPS": -0.4,
        "Total Revenue": NaN,
        "Gross Profit": NaN,
        "Operating Income": -5,
        "EBIT": -5,
        "Net Income": -5
    },
    "2011-12-31": {
        "Diluted EPS": 0.24,
        "Total Revenue": 0,
        "Gross Profit": 0,
        "Operating Income": -4,
        "EBIT": -4,
        "Net Income": -4
    },
    "2011-09-30": {
        "Diluted EPS": -0.4,
        "Total Revenue": NaN,
        "Gross Profit": NaN,
        "Operating Income": -4,
        "EBIT": -4,
        "Net Income": -4
    },
    "2011-06-30": {
        "Diluted EPS": -1.0,
        "Total Revenue": 0,
        "Gross Profit": 0,
        "Operating Income": -2,
        "EBIT": -1,
        "Net Income": -2
    },
    "2011-03-31": {
        "Diluted EPS": -0.8,
        "Total Revenue": 0,
        "Gross Profit": 0,
        "Operating Income": -1,
        "EBIT": -1,
        "Net Income": -1
    },
    "2010-12-31": {
        "Diluted EPS": -1.0,
        "Total Revenue": 0,
        "Gross Profit": 0,
        "Operating Income": -2,
        "EBIT": -2,
        "Net Income": -2
    },
    "2010-09-30": {
        "Diluted EPS": -0.8,
        "Total Revenue": 0,
        "Gross Profit": 0,
        "Operating Income": -2,
        "EBIT": -2,
        "Net Income": -2
    },
    "2010-06-30": {
        "Diluted EPS": -1.8,
        "Total Revenue": 1,
        "Gross Profit": 1,
        "Operating Income": -4,
        "EBIT": -4,
        "Net Income": -4
    },
    "2010-03-31": {
        "Diluted EPS": -0.2,
        "Total Revenue": 0,
        "Gross Profit": 0,
        "Operating Income": -3,
        "EBIT": -3,
        "Net Income": 0
    },
    "2009-12-31": {
        "Diluted EPS": -0.8,
        "Total Revenue": 0,
        "Gross Profit": 0,
        "Operating Income": -2,
        "EBIT": -2,
        "Net Income": -2
    },
    "2009-09-30": {
        "Diluted EPS": -0.8,
        "Total Revenue": 1,
        "Gross Profit": 1,
        "Operating Income": -1,
        "EBIT": -1,
        "Net Income": -1
    },
    "2009-06-30": {
        "Diluted EPS": -2.6,
        "Total Revenue": 0,
        "Gross Profit": 0,
        "Operating Income": -4,
        "EBIT": -4,
        "Net Income": -4
    },
    "2009-03-31": {
        "Diluted EPS": -2.0,
        "Total Revenue": 0,
        "Gross Profit": 0,
        "Operating Income": -3,
        "EBIT": -3,
        "Net Income": -3
    },
    "2023-06-30": {
        "Tax Effect Of Unusual Items": NaN,
        "Tax Rate For Calcs": NaN,
        "Normalized EBITDA": NaN,
        "Net Income From Continuing Operation Net Minority Interest": NaN,
        "Reconciled Depreciation": NaN,
        "Reconciled Cost Of Revenue": NaN,
        "EBITDA": NaN,
        "EBIT": NaN,
        "Normalized Income": NaN,
        "Net Income From Continuing And Discontinued Operation": NaN,
        "Total Expenses": NaN,
        "Total Operating Income As Reported": NaN,
        "Diluted Average Shares": 119719000.0,
        "Basic Average Shares": 119719000.0,
        "Diluted EPS": -0.35,
        "Basic EPS": -0.35,
        "Diluted NI Availto Com Stockholders": NaN,
        "Net Income Common Stockholders": NaN,
        "Net Income": NaN,
        "Net Income Including Noncontrolling Interests": NaN,
        "Net Income Continuous Operations": NaN,
        "Pretax Income": NaN,
        "Other Income Expense": NaN,
        "Other Non Operating Income Expenses": NaN,
        "Operating Income": NaN,
        "Operating Expense": NaN,
        "Research And Development": NaN,
        "Selling General And Administration": NaN,
        "Selling And Marketing Expense": NaN,
        "General And Administrative Expense": NaN,
        "Other Gand A": NaN,
        "Gross Profit": NaN,
        "Cost Of Revenue": NaN,
        "Total Revenue": NaN,
        "Operating Revenue": NaN
    },
    "2023-09-30": {
        "Tax Effect Of Unusual Items": NaN,
        "Tax Rate For Calcs": NaN,
        "Normalized EBITDA": NaN,
        "Net Income From Continuing Operation Net Minority Interest": NaN,
        "Reconciled Depreciation": NaN,
        "Reconciled Cost Of Revenue": NaN,
        "EBITDA": NaN,
        "EBIT": NaN,
        "Normalized Income": NaN,
        "Net Income From Continuing And Discontinued Operation": NaN,
        "Total Expenses": NaN,
        "Total Operating Income As Reported": NaN,
        "Diluted Average Shares": 144990000.0,
        "Basic Average Shares": 144990000.0,
        "Diluted EPS": -0.17,
        "Basic EPS": -0.17,
        "Diluted NI Availto Com Stockholders": NaN,
        "Net Income Common Stockholders": NaN,
        "Net Income": NaN,
        "Net Income Including Noncontrolling Interests": NaN,
        "Net Income Continuous Operations": NaN,
        "Pretax Income": NaN,
        "Other Income Expense": NaN,
        "Other Non Operating Income Expenses": NaN,
        "Operating Income": NaN,
        "Operating Expense": NaN,
        "Research And Development": NaN,
        "Selling General And Administration": NaN,
        "Selling And Marketing Expense": NaN,
        "General And Administrative Expense": NaN,
        "Other Gand A": NaN,
        "Gross Profit": NaN,
        "Cost Of Revenue": NaN,
        "Total Revenue": NaN,
        "Operating Revenue": NaN
    },
    "2023-12-31": {
        "Tax Effect Of Unusual Items": 0.0,
        "Tax Rate For Calcs": 0.0,
        "Normalized EBITDA": -5581000.0,
        "Net Income From Continuing Operation Net Minority Interest": -10724000.0,
        "Reconciled Depreciation": 715000.0,
        "Reconciled Cost Of Revenue": 9885000.0,
        "EBITDA": -5581000.0,
        "EBIT": -6296000.0,
        "Normalized Income": -10724000.0,
        "Net Income From Continuing And Discontinued Operation": -10724000.0,
        "Total Expenses": 44453000.0,
        "Total Operating Income As Reported": -10220000.0,
        "Diluted Average Shares": NaN,
        "Basic Average Shares": NaN,
        "Diluted EPS": NaN,
        "Basic EPS": NaN,
        "Diluted NI Availto Com Stockholders": -10724000.0,
        "Net Income Common Stockholders": -10724000.0,
        "Net Income": -10724000.0,
        "Net Income Including Noncontrolling Interests": -10724000.0,
        "Net Income Continuous Operations": -10724000.0,
        "Pretax Income": -10724000.0,
        "Other Income Expense": 0.0,
        "Other Non Operating Income Expenses": 0.0,
        "Operating Income": -10220000.0,
        "Operating Expense": 34568000.0,
        "Research And Development": 10950000.0,
        "Selling General And Administration": 23618000.0,
        "Selling And Marketing Expense": 12328000.0,
        "General And Administrative Expense": 11290000.0,
        "Other Gand A": 11290000.0,
        "Gross Profit": 24348000.0,
        "Cost Of Revenue": 9885000.0,
        "Total Revenue": 34233000.0,
        "Operating Revenue": 34233000.0
    },
    "2024-03-31": {
        "Tax Effect Of Unusual Items": 0.0,
        "Tax Rate For Calcs": 0.0,
        "Normalized EBITDA": -4109000.0,
        "Net Income From Continuing Operation Net Minority Interest": -3160000.0,
        "Reconciled Depreciation": 689000.0,
        "Reconciled Cost Of Revenue": 8444000.0,
        "EBITDA": -4109000.0,
        "EBIT": -4798000.0,
        "Normalized Income": -3160000.0,
        "Net Income From Continuing And Discontinued Operation": -3160000.0,
        "Total Expenses": 39468000.0,
        "Total Operating Income As Reported": -4798000.0,
        "Diluted Average Shares": 158000000.0,
        "Basic Average Shares": 158000000.0,
        "Diluted EPS": -0.02,
        "Basic EPS": -0.02,
        "Diluted NI Availto Com Stockholders": -3160000.0,
        "Net Income Common Stockholders": -3160000.0,
        "Net Income": -3160000.0,
        "Net Income Including Noncontrolling Interests": -3160000.0,
        "Net Income Continuous Operations": -3160000.0,
        "Pretax Income": -3160000.0,
        "Other Income Expense": 1638000.0,
        "Other Non Operating Income Expenses": 1638000.0,
        "Operating Income": -4798000.0,
        "Operating Expense": 31024000.0,
        "Research And Development": 4608000.0,
        "Selling General And Administration": 26416000.0,
        "Selling And Marketing Expense": 11442000.0,
        "General And Administrative Expense": 14974000.0,
        "Other Gand A": 14974000.0,
        "Gross Profit": 26226000.0,
        "Cost Of Revenue": 8444000.0,
        "Total Revenue": 34670000.0,
        "Operating Revenue": 34670000.0
    },
    "2024-06-30": {
        "Tax Effect Of Unusual Items": 0.0,
        "Tax Rate For Calcs": 0.0,
        "Normalized EBITDA": -5804000.0,
        "Net Income From Continuing Operation Net Minority Interest": -9235000.0,
        "Reconciled Depreciation": 641000.0,
        "Reconciled Cost Of Revenue": 10518000.0,
        "EBITDA": -5804000.0,
        "EBIT": -6445000.0,
        "Normalized Income": -9235000.0,
        "Net Income From Continuing And Discontinued Operation": -9235000.0,
        "Total Expenses": 42469000.0,
        "Total Operating Income As Reported": -6445000.0,
        "Diluted Average Shares": 152305000.0,
        "Basic Average Shares": 152305000.0,
        "Diluted EPS": -0.06,
        "Basic EPS": -0.06,
        "Diluted NI Availto Com Stockholders": -9235000.0,
        "Net Income Common Stockholders": -9235000.0,
        "Net Income": -9235000.0,
        "Net Income Including Noncontrolling Interests": -9235000.0,
        "Net Income Continuous Operations": -9235000.0,
        "Pretax Income": -9235000.0,
        "Other Income Expense": -2790000.0,
        "Other Non Operating Income Expenses": -2790000.0,
        "Operating Income": -6445000.0,
        "Operating Expense": 31951000.0,
        "Research And Development": 4432000.0,
        "Selling General And Administration": 27519000.0,
        "Selling And Marketing Expense": 13614000.0,
        "General And Administrative Expense": 13905000.0,
        "Other Gand A": 13905000.0,
        "Gross Profit": 25506000.0,
        "Cost Of Revenue": 10518000.0,
        "Total Revenue": 36024000.0,
        "Operating Revenue": 36024000.0
    },
    "2024-09-30": {
        "Tax Effect Of Unusual Items": 0.0,
        "Tax Rate For Calcs": 0.0,
        "Normalized EBITDA": -3877000.0,
        "Net Income From Continuing Operation Net Minority Interest": -4848000.0,
        "Reconciled Depreciation": 581000.0,
        "Reconciled Cost Of Revenue": 9458000.0,
        "EBITDA": -3877000.0,
        "EBIT": -4458000.0,
        "Normalized Income": -4848000.0,
        "Net Income From Continuing And Discontinued Operation": -4848000.0,
        "Total Expenses": 37268000.0,
        "Total Operating Income As Reported": -4458000.0,
        "Diluted Average Shares": 152830000.0,
        "Basic Average Shares": 152830000.0,
        "Diluted EPS": -0.03,
        "Basic EPS": -0.03,
        "Diluted NI Availto Com Stockholders": -4848000.0,
        "Net Income Common Stockholders": -4848000.0,
        "Net Income": -4848000.0,
        "Net Income Including Noncontrolling Interests": -4848000.0,
        "Net Income Continuous Operations": -4848000.0,
        "Pretax Income": -4848000.0,
        "Other Income Expense": -390000.0,
        "Other Non Operating Income Expenses": -390000.0,
        "Operating Income": -4458000.0,
        "Operating Expense": 27810000.0,
        "Research And Development": 4465000.0,
        "Selling General And Administration": 23345000.0,
        "Selling And Marketing Expense": 10972000.0,
        "General And Administrative Expense": 12373000.0,
        "Other Gand A": 12373000.0,
        "Gross Profit": 23352000.0,
        "Cost Of Revenue": 9458000.0,
        "Total Revenue": 32810000.0,
        "Operating Revenue": 32810000.0
    },
    "2024-12-31": {
        "Tax Effect Of Unusual Items": 0.0,
        "Tax Rate For Calcs": 0.21,
        "Normalized EBITDA": 8734000.0,
        "Net Income From Continuing Operation Net Minority Interest": 3663000.0,
        "Reconciled Depreciation": 581000.0,
        "Reconciled Cost Of Revenue": 10228000.0,
        "EBITDA": 8734000.0,
        "EBIT": 8153000.0,
        "Normalized Income": 3663000.0,
        "Net Income From Continuing And Discontinued Operation": 3663000.0,
        "Total Expenses": 36608000.0,
        "Total Operating Income As Reported": 4173000.0,
        "Diluted Average Shares": 153151000.0,
        "Basic Average Shares": 153151000.0,
        "Diluted EPS": 0.02,
        "Basic EPS": 0.02,
        "Diluted NI Availto Com Stockholders": 3663000.0,
        "Net Income Common Stockholders": 3663000.0,
        "Net Income": 3663000.0,
        "Net Income Including Noncontrolling Interests": 3663000.0,
        "Net Income Continuous Operations": 3663000.0,
        "Pretax Income": 3663000.0,
        "Other Income Expense": 1972000.0,
        "Other Non Operating Income Expenses": 1972000.0,
        "Operating Income": 4173000.0,
        "Operating Expense": 26380000.0,
        "Research And Development": 3178000.0,
        "Selling General And Administration": 23202000.0,
        "Selling And Marketing Expense": 11057000.0,
        "General And Administrative Expense": 12145000.0,
        "Other Gand A": 12145000.0,
        "Gross Profit": 30553000.0,
        "Cost Of Revenue": 10228000.0,
        "Total Revenue": 40781000.0,
        "Operating Revenue": 40781000.0
    },
    "2025-03-31": {
        "Tax Effect Of Unusual Items": 0.0,
        "Tax Rate For Calcs": 0.21,
        "Normalized EBITDA": 3705000.0,
        "Net Income From Continuing Operation Net Minority Interest": 2635000.0,
        "Reconciled Depreciation": 551000.0,
        "Reconciled Cost Of Revenue": 8457000.0,
        "EBITDA": 3705000.0,
        "EBIT": 3154000.0,
        "Normalized Income": 2635000.0,
        "Net Income From Continuing And Discontinued Operation": 2635000.0,
        "Total Expenses": 35749000.0,
        "Total Operating Income As Reported": 3154000.0,
        "Diluted Average Shares": 153490000.0,
        "Basic Average Shares": 153490000.0,
        "Diluted EPS": 0.02,
        "Basic EPS": 0.02,
        "Diluted NI Availto Com Stockholders": 2635000.0,
        "Net Income Common Stockholders": 2635000.0,
        "Net Income": 2635000.0,
        "Net Income Including Noncontrolling Interests": 2635000.0,
        "Net Income Continuous Operations": 2635000.0,
        "Pretax Income": 2635000.0,
        "Other Income Expense": -519000.0,
        "Other Non Operating Income Expenses": -519000.0,
        "Operating Income": 3154000.0,
        "Operating Expense": 27292000.0,
        "Research And Development": 2279000.0,
        "Selling General And Administration": 25013000.0,
        "Selling And Marketing Expense": 12311000.0,
        "General And Administrative Expense": 12702000.0,
        "Other Gand A": 12702000.0,
        "Gross Profit": 30446000.0,
        "Cost Of Revenue": 8457000.0,
        "Total Revenue": 38903000.0,
        "Operating Revenue": 38903000.0
    },
    "2025-06-30": {
        "Tax Effect Of Unusual Items": 0.0,
        "Tax Rate For Calcs": 0.0,
        "Normalized EBITDA": -1026000.0,
        "Net Income From Continuing Operation Net Minority Interest": -2381000.0,
        "Reconciled Depreciation": 611000.0,
        "Reconciled Cost Of Revenue": 9857000.0,
        "EBITDA": -1026000.0,
        "EBIT": -1637000.0,
        "Normalized Income": -2381000.0,
        "Net Income From Continuing And Discontinued Operation": -2381000.0,
        "Total Expenses": 38837000.0,
        "Total Operating Income As Reported": -1637000.0,
        "Diluted Average Shares": 154020000.0,
        "Basic Average Shares": 154020000.0,
        "Diluted EPS": -0.02,
        "Basic EPS": -0.02,
        "Diluted NI Availto Com Stockholders": -2381000.0,
        "Net Income Common Stockholders": -2381000.0,
        "Net Income": -2381000.0,
        "Net Income Including Noncontrolling Interests": -2381000.0,
        "Net Income Continuous Operations": -2381000.0,
        "Pretax Income": -2381000.0,
        "Other Income Expense": -744000.0,
        "Other Non Operating Income Expenses": -744000.0,
        "Operating Income": -1637000.0,
        "Operating Expense": 28980000.0,
        "Research And Development": 2934000.0,
        "Selling General And Administration": 26046000.0,
        "Selling And Marketing Expense": 11575000.0,
        "General And Administrative Expense": 14471000.0,
        "Other Gand A": 14471000.0,
        "Gross Profit": 27343000.0,
        "Cost Of Revenue": 9857000.0,
        "Total Revenue": 37200000.0,
        "Operating Revenue": 37200000.0
    }
}