{
    "2023-06-30": {
        "Tax Effect Of Unusual Items": NaN,
        "Tax Rate For Calcs": NaN,
        "Normalized EBITDA": NaN,
        "Total Unusual Items": NaN,
        "Total Unusual Items Excluding Goodwill": NaN,
        "Net Income From Continuing Operation Net Minority Interest": NaN,
        "Reconciled Depreciation": NaN,
        "Reconciled Cost Of Revenue": NaN,
        "EBITDA": NaN,
        "EBIT": NaN,
        "Net Interest Income": NaN,
        "Interest Income": 1913000.0,
        "Normalized Income": NaN,
        "Net Income From Continuing And Discontinued Operation": NaN,
        "Total Expenses": NaN,
        "Total Operating Income As Reported": NaN,
        "Diluted Average Shares": NaN,
        "Basic Average Shares": NaN,
        "Diluted EPS": NaN,
        "Basic EPS": NaN,
        "Diluted NI Availto Com Stockholders": NaN,
        "Net Income Common Stockholders": NaN,
        "Net Income": NaN,
        "Net Income Including Noncontrolling Interests": NaN,
        "Net Income Continuous Operations": NaN,
        "Tax Provision": NaN,
        "Pretax Income": NaN,
        "Other Income Expense": NaN,
        "Other Non Operating Income Expenses": NaN,
        "Special Income Charges": NaN,
        "Impairment Of Capital Assets": NaN,
        "Restructuring And Mergern Acquisition": 0.0,
        "Net Non Operating Interest Income Expense": NaN,
        "Total Other Finance Cost": NaN,
        "Interest Income Non Operating": 1913000.0,
        "Operating Income": NaN,
        "Operating Expense": NaN,
        "Other Operating Expenses": NaN,
        "Research And Development": NaN,
        "Selling General And Administration": NaN,
        "General And Administrative Expense": NaN,
        "Other Gand A": NaN,
        "Gross Profit": NaN,
        "Cost Of Revenue": NaN,
        "Total Revenue": NaN,
        "Operating Revenue": NaN
    },
    "2023-03-31": {
        "Tax Effect Of Unusual Items": 0.0,
        "Tax Rate For Calcs": 0.317,
        "Normalized EBITDA": 21644000.0,
        "Total Unusual Items": NaN,
        "Total Unusual Items Excluding Goodwill": NaN,
        "Net Income From Continuing Operation Net Minority Interest": 15586000.0,
        "Reconciled Depreciation": 3873000.0,
        "Reconciled Cost Of Revenue": 181691000.0,
        "EBITDA": 21644000.0,
        "EBIT": 17771000.0,
        "Net Interest Income": 3249000.0,
        "Interest Income": NaN,
        "Normalized Income": 15586000.0,
        "Net Income From Continuing And Discontinued Operation": 15586000.0,
        "Total Expenses": 224348000.0,
        "Total Operating Income As Reported": 17771000.0,
        "Diluted Average Shares": 20569000.0,
        "Basic Average Shares": 19904000.0,
        "Diluted EPS": 0.76,
        "Basic EPS": 0.78,
        "Diluted NI Availto Com Stockholders": 15586000.0,
        "Net Income Common Stockholders": 15586000.0,
        "Net Income": 15586000.0,
        "Net Income Including Noncontrolling Interests": 15586000.0,
        "Net Income Continuous Operations": 15586000.0,
        "Tax Provision": 7243000.0,
        "Pretax Income": 22829000.0,
        "Other Income Expense": 1809000.0,
        "Other Non Operating Income Expenses": 1809000.0,
        "Special Income Charges": NaN,
        "Impairment Of Capital Assets": NaN,
        "Restructuring And Mergern Acquisition": NaN,
        "Net Non Operating Interest Income Expense": 3249000.0,
        "Total Other Finance Cost": -3249000.0,
        "Interest Income Non Operating": NaN,
        "Operating Income": 17771000.0,
        "Operating Expense": 42657000.0,
        "Other Operating Expenses": 2802000.0,
        "Research And Development": 5528000.0,
        "Selling General And Administration": 34327000.0,
        "General And Administrative Expense": 34327000.0,
        "Other Gand A": 34327000.0,
        "Gross Profit": 60428000.0,
        "Cost Of Revenue": 181691000.0,
        "Total Revenue": 242119000.0,
        "Operating Revenue": 239317000.0
    },
    "2022-12-31": {
        "Tax Effect Of Unusual Items": NaN,
        "Tax Rate For Calcs": NaN,
        "Normalized EBITDA": NaN,
        "Total Unusual Items": 0.0,
        "Total Unusual Items Excluding Goodwill": 0.0,
        "Net Income From Continuing Operation Net Minority Interest": NaN,
        "Reconciled Depreciation": NaN,
        "Reconciled Cost Of Revenue": NaN,
        "EBITDA": NaN,
        "EBIT": NaN,
        "Net Interest Income": NaN,
        "Interest Income": 3673000.0,
        "Normalized Income": NaN,
        "Net Income From Continuing And Discontinued Operation": NaN,
        "Total Expenses": NaN,
        "Total Operating Income As Reported": NaN,
        "Diluted Average Shares": NaN,
        "Basic Average Shares": NaN,
        "Diluted EPS": NaN,
        "Basic EPS": NaN,
        "Diluted NI Availto Com Stockholders": NaN,
        "Net Income Common Stockholders": NaN,
        "Net Income": NaN,
        "Net Income Including Noncontrolling Interests": NaN,
        "Net Income Continuous Operations": NaN,
        "Tax Provision": NaN,
        "Pretax Income": NaN,
        "Other Income Expense": NaN,
        "Other Non Operating Income Expenses": NaN,
        "Special Income Charges": 0.0,
        "Impairment Of Capital Assets": NaN,
        "Restructuring And Mergern Acquisition": 0.0,
        "Net Non Operating Interest Income Expense": NaN,
        "Total Other Finance Cost": NaN,
        "Interest Income Non Operating": 3673000.0,
        "Operating Income": NaN,
        "Operating Expense": NaN,
        "Other Operating Expenses": NaN,
        "Research And Development": NaN,
        "Selling General And Administration": NaN,
        "General And Administrative Expense": NaN,
        "Other Gand A": NaN,
        "Gross Profit": NaN,
        "Cost Of Revenue": NaN,
        "Total Revenue": NaN,
        "Operating Revenue": NaN
    },
    "2022-09-30": {
        "Tax Effect Of Unusual Items": NaN,
        "Tax Rate For Calcs": NaN,
        "Normalized EBITDA": NaN,
        "Total Unusual Items": 0.0,
        "Total Unusual Items Excluding Goodwill": 0.0,
        "Net Income From Continuing Operation Net Minority Interest": NaN,
        "Reconciled Depreciation": NaN,
        "Reconciled Cost Of Revenue": NaN,
        "EBITDA": NaN,
        "EBIT": NaN,
        "Net Interest Income": NaN,
        "Interest Income": 1255000.0,
        "Normalized Income": NaN,
        "Net Income From Continuing And Discontinued Operation": NaN,
        "Total Expenses": NaN,
        "Total Operating Income As Reported": NaN,
        "Diluted Average Shares": NaN,
        "Basic Average Shares": NaN,
        "Diluted EPS": NaN,
        "Basic EPS": NaN,
        "Diluted NI Availto Com Stockholders": NaN,
        "Net Income Common Stockholders": NaN,
        "Net Income": NaN,
        "Net Income Including Noncontrolling Interests": NaN,
        "Net Income Continuous Operations": NaN,
        "Tax Provision": NaN,
        "Pretax Income": NaN,
        "Other Income Expense": NaN,
        "Other Non Operating Income Expenses": NaN,
        "Special Income Charges": 0.0,
        "Impairment Of Capital Assets": 0.0,
        "Restructuring And Mergern Acquisition": 0.0,
        "Net Non Operating Interest Income Expense": NaN,
        "Total Other Finance Cost": -1255000.0,
        "Interest Income Non Operating": 1255000.0,
        "Operating Income": NaN,
        "Operating Expense": NaN,
        "Other Operating Expenses": NaN,
        "Research And Development": NaN,
        "Selling General And Administration": NaN,
        "General And Administrative Expense": NaN,
        "Other Gand A": NaN,
        "Gross Profit": NaN,
        "Cost Of Revenue": NaN,
        "Total Revenue": NaN,
        "Operating Revenue": NaN
    },
    "2022-06-30": {
        "Tax Effect Of Unusual Items": 0.0,
        "Tax Rate For Calcs": 0.309,
        "Normalized EBITDA": 36487000.0,
        "Total Unusual Items": 0.0,
        "Total Unusual Items Excluding Goodwill": 0.0,
        "Net Income From Continuing Operation Net Minority Interest": 24149000.0,
        "Reconciled Depreciation": 2621000.0,
        "Reconciled Cost Of Revenue": 225087000.0,
        "EBITDA": 36487000.0,
        "EBIT": 33866000.0,
        "Net Interest Income": 299000.0,
        "Interest Income": 299000.0,
        "Normalized Income": 24149000.0,
        "Net Income From Continuing And Discontinued Operation": 24149000.0,
        "Total Expenses": 267243000.0,
        "Total Operating Income As Reported": 33866000.0,
        "Diluted Average Shares": 20314000.0,
        "Basic Average Shares": 19726000.0,
        "Diluted EPS": 1.19,
        "Basic EPS": 1.22,
        "Diluted NI Availto Com Stockholders": 24149000.0,
        "Net Income Common Stockholders": 24149000.0,
        "Net Income": 24149000.0,
        "Net Income Including Noncontrolling Interests": 24149000.0,
        "Net Income Continuous Operations": 24149000.0,
        "Tax Provision": 10790000.0,
        "Pretax Income": 34939000.0,
        "Other Income Expense": 774000.0,
        "Other Non Operating Income Expenses": 774000.0,
        "Special Income Charges": 0.0,
        "Impairment Of Capital Assets": NaN,
        "Restructuring And Mergern Acquisition": 0.0,
        "Net Non Operating Interest Income Expense": 299000.0,
        "Total Other Finance Cost": NaN,
        "Interest Income Non Operating": 299000.0,
        "Operating Income": 33866000.0,
        "Operating Expense": 42156000.0,
        "Other Operating Expenses": NaN,
        "Research And Development": 4545000.0,
        "Selling General And Administration": 37611000.0,
        "General And Administrative Expense": 37611000.0,
        "Other Gand A": 37611000.0,
        "Gross Profit": 76022000.0,
        "Cost Of Revenue": 225087000.0,
        "Total Revenue": 301109000.0,
        "Operating Revenue": 298701000.0
    },
    "2022-03-31": {
        "Diluted EPS": 0.9,
        "Total Revenue": 286,
        "Gross Profit": 64,
        "Operating Income": 30,
        "EBIT": 33,
        "Net Income": 18
    },
    "2021-12-31": {
        "Diluted EPS": 0.6,
        "Total Revenue": 287,
        "Gross Profit": 63,
        "Operating Income": 17,
        "EBIT": 20,
        "Net Income": 12
    },
    "2021-09-30": {
        "Diluted EPS": 1.21,
        "Total Revenue": 265,
        "Gross Profit": 59,
        "Operating Income": 33,
        "EBIT": 38,
        "Net Income": 24
    },
    "2021-06-30": {
        "Diluted EPS": 1.03,
        "Total Revenue": 261,
        "Gross Profit": 59,
        "Operating Income": 29,
        "EBIT": 35,
        "Net Income": 21
    },
    "2021-03-31": {
        "Diluted EPS": 0.74,
        "Total Revenue": 195,
        "Gross Profit": 51,
        "Operating Income": 20,
        "EBIT": 26,
        "Net Income": 15
    },
    "2020-12-31": {
        "Diluted EPS": 0.29,
        "Total Revenue": 162,
        "Gross Profit": 38,
        "Operating Income": 9,
        "EBIT": 15,
        "Net Income": 6
    },
    "2020-09-30": {
        "Diluted EPS": -1.35,
        "Total Revenue": 145,
        "Gross Profit": 39,
        "Operating Income": -38,
        "EBIT": -22,
        "Net Income": -26
    },
    "2020-06-30": {
        "Diluted EPS": -1.33,
        "Total Revenue": 148,
        "Gross Profit": 40,
        "Operating Income": -24,
        "EBIT": -22,
        "Net Income": -26
    },
    "2020-03-31": {
        "Diluted EPS": 0.44,
        "Total Revenue": 175,
        "Gross Profit": 50,
        "Operating Income": 18,
        "EBIT": 20,
        "Net Income": 9
    },
    "2019-12-31": {
        "Diluted EPS": 0.54,
        "Total Revenue": 185,
        "Gross Profit": 46,
        "Operating Income": 14,
        "EBIT": 17,
        "Net Income": 11
    },
    "2019-09-30": {
        "Diluted EPS": 0.51,
        "Total Revenue": 187,
        "Gross Profit": 52,
        "Operating Income": 14,
        "EBIT": 17,
        "Net Income": 10
    },
    "2019-06-30": {
        "Diluted EPS": 0.73,
        "Total Revenue": 178,
        "Gross Profit": 53,
        "Operating Income": 18,
        "EBIT": 21,
        "Net Income": 14
    },
    "2019-03-31": {
        "Diluted EPS": 0.62,
        "Total Revenue": 176,
        "Gross Profit": 51,
        "Operating Income": 16,
        "EBIT": 19,
        "Net Income": 12
    },
    "2018-12-31": {
        "Diluted EPS": 0.55,
        "Total Revenue": 191,
        "Gross Profit": 47,
        "Operating Income": 17,
        "EBIT": 20,
        "Net Income": 11
    },
    "2018-09-30": {
        "Diluted EPS": 0.85,
        "Total Revenue": 192,
        "Gross Profit": 54,
        "Operating Income": 21,
        "EBIT": 24,
        "Net Income": 16
    },
    "2018-06-30": {
        "Diluted EPS": 0.59,
        "Total Revenue": 188,
        "Gross Profit": 55,
        "Operating Income": 18,
        "EBIT": 22,
        "Net Income": 11
    },
    "2018-03-31": {
        "Diluted EPS": 0.53,
        "Total Revenue": 165,
        "Gross Profit": 53,
        "Operating Income": 13,
        "EBIT": 16,
        "Net Income": 10
    },
    "2017-12-31": {
        "Diluted EPS": -2.09,
        "Total Revenue": 174,
        "Gross Profit": 35,
        "Operating Income": -19,
        "EBIT": -15,
        "Net Income": -39
    },
    "2017-09-30": {
        "Diluted EPS": 0.43,
        "Total Revenue": 164,
        "Gross Profit": 56,
        "Operating Income": 14,
        "EBIT": 18,
        "Net Income": 8
    },
    "2017-06-30": {
        "Diluted EPS": -0.97,
        "Total Revenue": 157,
        "Gross Profit": 54,
        "Operating Income": -28,
        "EBIT": -25,
        "Net Income": -18
    },
    "2017-03-31": {
        "Diluted EPS": 0.03,
        "Total Revenue": 144,
        "Gross Profit": 43,
        "Operating Income": 7,
        "EBIT": 10,
        "Net Income": 1
    },
    "2016-12-31": {
        "Diluted EPS": 0.02,
        "Total Revenue": 165,
        "Gross Profit": 43,
        "Operating Income": 8,
        "EBIT": 12,
        "Net Income": 0
    },
    "2016-09-30": {
        "Diluted EPS": 0.37,
        "Total Revenue": 148,
        "Gross Profit": 48,
        "Operating Income": 12,
        "EBIT": 16,
        "Net Income": 7
    },
    "2016-06-30": {
        "Diluted EPS": 0.35,
        "Total Revenue": 154,
        "Gross Profit": 52,
        "Operating Income": 12,
        "EBIT": 16,
        "Net Income": 7
    },
    "2016-03-31": {
        "Diluted EPS": 0.07,
        "Total Revenue": 134,
        "Gross Profit": 39,
        "Operating Income": 4,
        "EBIT": 8,
        "Net Income": 1
    },
    "2015-12-31": {
        "Diluted EPS": 0.07,
        "Total Revenue": 149,
        "Gross Profit": 36,
        "Operating Income": 5,
        "EBIT": 9,
        "Net Income": 1
    },
    "2015-09-30": {
        "Diluted EPS": 0.4,
        "Total Revenue": 143,
        "Gross Profit": 47,
        "Operating Income": 13,
        "EBIT": 16,
        "Net Income": 7
    },
    "2015-06-30": {
        "Diluted EPS": 0.27,
        "Total Revenue": 138,
        "Gross Profit": 42,
        "Operating Income": 9,
        "EBIT": 12,
        "Net Income": 5
    },
    "2015-03-31": {
        "Diluted EPS": 0.18,
        "Total Revenue": 118,
        "Gross Profit": 37,
        "Operating Income": 7,
        "EBIT": 10,
        "Net Income": 3
    },
    "2014-12-31": {
        "Diluted EPS": 0.04,
        "Total Revenue": 126,
        "Gross Profit": 55,
        "Operating Income": 4,
        "EBIT": 8,
        "Net Income": 1
    },
    "2014-09-30": {
        "Diluted EPS": 0.16,
        "Total Revenue": 130,
        "Gross Profit": 42,
        "Operating Income": 10,
        "EBIT": 13,
        "Net Income": 3
    },
    "2014-06-30": {
        "Diluted EPS": 0.21,
        "Total Revenue": 141,
        "Gross Profit": 44,
        "Operating Income": 13,
        "EBIT": 16,
        "Net Income": 4
    },
    "2014-03-31": {
        "Diluted EPS": -0.04,
        "Total Revenue": 116,
        "Gross Profit": 35,
        "Operating Income": 1,
        "EBIT": 5,
        "Net Income": -1
    },
    "2013-12-31": {
        "Diluted EPS": 0.08,
        "Total Revenue": 123,
        "Gross Profit": 35,
        "Operating Income": 1,
        "EBIT": 5,
        "Net Income": 2
    },
    "2013-09-30": {
        "Diluted EPS": 0.23,
        "Total Revenue": 124,
        "Gross Profit": 37,
        "Operating Income": 8,
        "EBIT": 12,
        "Net Income": 4
    },
    "2013-06-30": {
        "Diluted EPS": 0.11,
        "Total Revenue": 127,
        "Gross Profit": 39,
        "Operating Income": 6,
        "EBIT": 10,
        "Net Income": 2
    },
    "2013-03-31": {
        "Diluted EPS": -0.07,
        "Total Revenue": 107,
        "Gross Profit": 31,
        "Operating Income": 0,
        "EBIT": 5,
        "Net Income": -1
    },
    "2012-12-31": {
        "Diluted EPS": -0.03,
        "Total Revenue": 109,
        "Gross Profit": 31,
        "Operating Income": 0,
        "EBIT": 2,
        "Net Income": 0
    },
    "2012-09-30": {
        "Diluted EPS": 0.23,
        "Total Revenue": 122,
        "Gross Profit": 38,
        "Operating Income": 10,
        "EBIT": 13,
        "Net Income": 4
    },
    "2012-06-30": {
        "Diluted EPS": 0.1,
        "Total Revenue": 122,
        "Gross Profit": 36,
        "Operating Income": 7,
        "EBIT": 9,
        "Net Income": 2
    },
    "2012-03-31": {
        "Diluted EPS": 0.04,
        "Total Revenue": 112,
        "Gross Profit": 30,
        "Operating Income": 3,
        "EBIT": 6,
        "Net Income": 1
    },
    "2011-12-31": {
        "Diluted EPS": -0.23,
        "Total Revenue": 134,
        "Gross Profit": 42,
        "Operating Income": -5,
        "EBIT": -1,
        "Net Income": -4
    },
    "2011-09-30": {
        "Diluted EPS": -1.82,
        "Total Revenue": 149,
        "Gross Profit": 43,
        "Operating Income": -13,
        "EBIT": -10,
        "Net Income": -32
    },
    "2011-06-30": {
        "Diluted EPS": 0.41,
        "Total Revenue": 150,
        "Gross Profit": 44,
        "Operating Income": 10,
        "EBIT": 13,
        "Net Income": 7
    },
    "2011-03-31": {
        "Diluted EPS": -0.26,
        "Total Revenue": 121,
        "Gross Profit": 27,
        "Operating Income": -4,
        "EBIT": -2,
        "Net Income": -5
    },
    "2010-12-31": {
        "Diluted EPS": 0.29,
        "Total Revenue": 133,
        "Gross Profit": 44,
        "Operating Income": 9,
        "EBIT": 12,
        "Net Income": 5
    },
    "2010-09-30": {
        "Diluted EPS": 0.07,
        "Total Revenue": 131,
        "Gross Profit": 38,
        "Operating Income": 4,
        "EBIT": 7,
        "Net Income": 1
    },
    "2010-06-30": {
        "Diluted EPS": 0.15,
        "Total Revenue": 131,
        "Gross Profit": 40,
        "Operating Income": 8,
        "EBIT": 10,
        "Net Income": 3
    },
    "2010-03-31": {
        "Diluted EPS": -0.09,
        "Total Revenue": 118,
        "Gross Profit": 31,
        "Operating Income": -4,
        "EBIT": 1,
        "Net Income": -2
    },
    "2009-12-31": {
        "Diluted EPS": 0.59,
        "Total Revenue": 115,
        "Gross Profit": 40,
        "Operating Income": 11,
        "EBIT": 13,
        "Net Income": 9
    },
    "2009-09-30": {
        "Diluted EPS": 0.25,
        "Total Revenue": 108,
        "Gross Profit": 35,
        "Operating Income": 7,
        "EBIT": 9,
        "Net Income": 4
    },
    "2009-06-30": {
        "Diluted EPS": -0.93,
        "Total Revenue": 98,
        "Gross Profit": 29,
        "Operating Income": -12,
        "EBIT": -9,
        "Net Income": -16
    },
    "2009-03-31": {
        "Diluted EPS": -1.15,
        "Total Revenue": 94,
        "Gross Profit": 10,
        "Operating Income": -32,
        "EBIT": -30,
        "Net Income": -19
    },
    "2023-09-30": {
        "Tax Effect Of Unusual Items": NaN,
        "Tax Rate For Calcs": NaN,
        "Normalized EBITDA": NaN,
        "Total Unusual Items": 0.0,
        "Total Unusual Items Excluding Goodwill": 0.0,
        "Net Income From Continuing Operation Net Minority Interest": NaN,
        "Reconciled Depreciation": NaN,
        "Reconciled Cost Of Revenue": NaN,
        "EBITDA": NaN,
        "EBIT": NaN,
        "Net Interest Income": NaN,
        "Normalized Income": NaN,
        "Net Income From Continuing And Discontinued Operation": NaN,
        "Total Expenses": NaN,
        "Total Operating Income As Reported": NaN,
        "Diluted Average Shares": NaN,
        "Basic Average Shares": NaN,
        "Diluted EPS": NaN,
        "Basic EPS": NaN,
        "Diluted NI Availto Com Stockholders": NaN,
        "Net Income Common Stockholders": NaN,
        "Net Income": NaN,
        "Net Income Including Noncontrolling Interests": NaN,
        "Net Income Continuous Operations": NaN,
        "Tax Provision": NaN,
        "Pretax Income": NaN,
        "Other Income Expense": NaN,
        "Other Non Operating Income Expenses": NaN,
        "Special Income Charges": 0.0,
        "Impairment Of Capital Assets": 0.0,
        "Restructuring And Mergern Acquisition": 0.0,
        "Net Non Operating Interest Income Expense": NaN,
        "Total Other Finance Cost": NaN,
        "Operating Income": NaN,
        "Operating Expense": NaN,
        "Other Operating Expenses": NaN,
        "Research And Development": NaN,
        "Selling General And Administration": NaN,
        "General And Administrative Expense": NaN,
        "Other Gand A": NaN,
        "Gross Profit": NaN,
        "Cost Of Revenue": NaN,
        "Total Revenue": NaN,
        "Operating Revenue": NaN
    },
    "2023-12-31": {
        "Tax Effect Of Unusual Items": NaN,
        "Tax Rate For Calcs": NaN,
        "Normalized EBITDA": NaN,
        "Total Unusual Items": 0.0,
        "Total Unusual Items Excluding Goodwill": 0.0,
        "Net Income From Continuing Operation Net Minority Interest": NaN,
        "Reconciled Depreciation": NaN,
        "Reconciled Cost Of Revenue": NaN,
        "EBITDA": NaN,
        "EBIT": NaN,
        "Net Interest Income": NaN,
        "Normalized Income": NaN,
        "Net Income From Continuing And Discontinued Operation": NaN,
        "Total Expenses": NaN,
        "Total Operating Income As Reported": NaN,
        "Diluted Average Shares": NaN,
        "Basic Average Shares": NaN,
        "Diluted EPS": NaN,
        "Basic EPS": NaN,
        "Diluted NI Availto Com Stockholders": NaN,
        "Net Income Common Stockholders": NaN,
        "Net Income": NaN,
        "Net Income Including Noncontrolling Interests": NaN,
        "Net Income Continuous Operations": NaN,
        "Tax Provision": NaN,
        "Pretax Income": NaN,
        "Other Income Expense": NaN,
        "Other Non Operating Income Expenses": NaN,
        "Special Income Charges": 0.0,
        "Impairment Of Capital Assets": 0.0,
        "Restructuring And Mergern Acquisition": NaN,
        "Net Non Operating Interest Income Expense": NaN,
        "Total Other Finance Cost": NaN,
        "Operating Income": NaN,
        "Operating Expense": NaN,
        "Other Operating Expenses": NaN,
        "Research And Development": NaN,
        "Selling General And Administration": NaN,
        "General And Administrative Expense": NaN,
        "Other Gand A": NaN,
        "Gross Profit": NaN,
        "Cost Of Revenue": NaN,
        "Total Revenue": NaN,
        "Operating Revenue": NaN
    },
    "2024-03-31": {
        "Tax Effect Of Unusual Items": 0.0,
        "Tax Rate For Calcs": 0.388077,
        "Normalized EBITDA": 21064000.0,
        "Total Unusual Items": NaN,
        "Total Unusual Items Excluding Goodwill": NaN,
        "Net Income From Continuing Operation Net Minority Interest": 14032000.0,
        "Reconciled Depreciation": 4790000.0,
        "Reconciled Cost Of Revenue": 201845000.0,
        "EBITDA": 21064000.0,
        "EBIT": 16274000.0,
        "Net Interest Income": 4086000.0,
        "Normalized Income": 14032000.0,
        "Net Income From Continuing And Discontinued Operation": 14032000.0,
        "Total Expenses": 252824000.0,
        "Total Operating Income As Reported": 16274000.0,
        "Diluted Average Shares": 21040000.0,
        "Basic Average Shares": 20144000.0,
        "Diluted EPS": 0.67,
        "Basic EPS": 0.7,
        "Diluted NI Availto Com Stockholders": 14032000.0,
        "Net Income Common Stockholders": 14032000.0,
        "Net Income": 14032000.0,
        "Net Income Including Noncontrolling Interests": 14032000.0,
        "Net Income Continuous Operations": 14032000.0,
        "Tax Provision": 8899000.0,
        "Pretax Income": 22931000.0,
        "Other Income Expense": 2571000.0,
        "Other Non Operating Income Expenses": 2571000.0,
        "Special Income Charges": NaN,
        "Impairment Of Capital Assets": NaN,
        "Restructuring And Mergern Acquisition": NaN,
        "Net Non Operating Interest Income Expense": 4086000.0,
        "Total Other Finance Cost": -4086000.0,
        "Operating Income": 16274000.0,
        "Operating Expense": 50979000.0,
        "Other Operating Expenses": 3901000.0,
        "Research And Development": 5715000.0,
        "Selling General And Administration": 41363000.0,
        "General And Administrative Expense": 41363000.0,
        "Other Gand A": 41363000.0,
        "Gross Profit": 67253000.0,
        "Cost Of Revenue": 201845000.0,
        "Total Revenue": 269098000.0,
        "Operating Revenue": 265197000.0
    },
    "2024-06-30": {
        "Tax Effect Of Unusual Items": -4864230.0,
        "Tax Rate For Calcs": 0.21,
        "Normalized EBITDA": 46053000.0,
        "Total Unusual Items": -23163000.0,
        "Total Unusual Items Excluding Goodwill": -23163000.0,
        "Net Income From Continuing Operation Net Minority Interest": -5157000.0,
        "Reconciled Depreciation": 3910000.0,
        "Reconciled Cost Of Revenue": 207588000.0,
        "EBITDA": 22890000.0,
        "EBIT": 18980000.0,
        "Net Interest Income": 2612000.0,
        "Normalized Income": 13141770.0,
        "Net Income From Continuing And Discontinued Operation": -5157000.0,
        "Total Expenses": 263897000.0,
        "Total Operating Income As Reported": -4183000.0,
        "Diluted Average Shares": 20259000.0,
        "Basic Average Shares": 20259000.0,
        "Diluted EPS": -0.25,
        "Basic EPS": -0.25,
        "Diluted NI Availto Com Stockholders": -5157000.0,
        "Net Income Common Stockholders": -5157000.0,
        "Net Income": -5157000.0,
        "Net Income Including Noncontrolling Interests": -5157000.0,
        "Net Income Continuous Operations": -5157000.0,
        "Tax Provision": 4583000.0,
        "Pretax Income": -574000.0,
        "Other Income Expense": -22166000.0,
        "Other Non Operating Income Expenses": 997000.0,
        "Special Income Charges": -23163000.0,
        "Impairment Of Capital Assets": 16224000.0,
        "Restructuring And Mergern Acquisition": 6939000.0,
        "Net Non Operating Interest Income Expense": 2612000.0,
        "Total Other Finance Cost": -2612000.0,
        "Operating Income": 18980000.0,
        "Operating Expense": 56309000.0,
        "Other Operating Expenses": 4251000.0,
        "Research And Development": 5605000.0,
        "Selling General And Administration": 46453000.0,
        "General And Administrative Expense": 46453000.0,
        "Other Gand A": 46453000.0,
        "Gross Profit": 75289000.0,
        "Cost Of Revenue": 207588000.0,
        "Total Revenue": 282877000.0,
        "Operating Revenue": 278626000.0
    },
    "2024-09-30": {
        "Tax Effect Of Unusual Items": 0.0,
        "Tax Rate For Calcs": 0.297,
        "Normalized EBITDA": 24032000.0,
        "Total Unusual Items": 0.0,
        "Total Unusual Items Excluding Goodwill": 0.0,
        "Net Income From Continuing Operation Net Minority Interest": 14829000.0,
        "Reconciled Depreciation": 4950000.0,
        "Reconciled Cost Of Revenue": 214055000.0,
        "EBITDA": 24032000.0,
        "EBIT": 19082000.0,
        "Net Interest Income": 2570000.0,
        "Normalized Income": 14829000.0,
        "Net Income From Continuing And Discontinued Operation": 14829000.0,
        "Total Expenses": 263733000.0,
        "Total Operating Income As Reported": 19082000.0,
        "Diluted Average Shares": 21024000.0,
        "Basic Average Shares": 20357000.0,
        "Diluted EPS": 0.71,
        "Basic EPS": 0.73,
        "Diluted NI Availto Com Stockholders": 14829000.0,
        "Net Income Common Stockholders": 14829000.0,
        "Net Income": 14829000.0,
        "Net Income Including Noncontrolling Interests": 14829000.0,
        "Net Income Continuous Operations": 14829000.0,
        "Tax Provision": 6268000.0,
        "Pretax Income": 21097000.0,
        "Other Income Expense": -555000.0,
        "Other Non Operating Income Expenses": -555000.0,
        "Special Income Charges": 0.0,
        "Impairment Of Capital Assets": 0.0,
        "Restructuring And Mergern Acquisition": 0.0,
        "Net Non Operating Interest Income Expense": 2570000.0,
        "Total Other Finance Cost": -2570000.0,
        "Operating Income": 19082000.0,
        "Operating Expense": 49678000.0,
        "Other Operating Expenses": 4256000.0,
        "Research And Development": 5682000.0,
        "Selling General And Administration": 39740000.0,
        "General And Administrative Expense": 39740000.0,
        "Other Gand A": 39740000.0,
        "Gross Profit": 68760000.0,
        "Cost Of Revenue": 214055000.0,
        "Total Revenue": 282815000.0,
        "Operating Revenue": 278559000.0
    },
    "2024-12-31": {
        "Tax Effect Of Unusual Items": -9083340.0,
        "Tax Rate For Calcs": 0.21,
        "Normalized EBITDA": 68070000.0,
        "Total Unusual Items": -43254000.0,
        "Total Unusual Items Excluding Goodwill": -43254000.0,
        "Net Income From Continuing Operation Net Minority Interest": -14976000.0,
        "Reconciled Depreciation": 5207000.0,
        "Reconciled Cost Of Revenue": 211090000.0,
        "EBITDA": 24816000.0,
        "EBIT": 19609000.0,
        "Net Interest Income": 5154000.0,
        "Normalized Income": 19194660.0,
        "Net Income From Continuing And Discontinued Operation": -14976000.0,
        "Total Expenses": 261277000.0,
        "Total Operating Income As Reported": -23645000.0,
        "Diluted Average Shares": 21125000.0,
        "Basic Average Shares": 20409000.0,
        "Diluted EPS": -0.73,
        "Basic EPS": -0.73,
        "Diluted NI Availto Com Stockholders": -14976000.0,
        "Net Income Common Stockholders": -14976000.0,
        "Net Income": -14976000.0,
        "Net Income Including Noncontrolling Interests": -14976000.0,
        "Net Income Continuous Operations": -14976000.0,
        "Tax Provision": 2174000.0,
        "Pretax Income": -12802000.0,
        "Other Income Expense": -37565000.0,
        "Other Non Operating Income Expenses": 5689000.0,
        "Special Income Charges": -43254000.0,
        "Impairment Of Capital Assets": 43254000.0,
        "Restructuring And Mergern Acquisition": 0.0,
        "Net Non Operating Interest Income Expense": 5154000.0,
        "Total Other Finance Cost": -5154000.0,
        "Operating Income": 19609000.0,
        "Operating Expense": 50187000.0,
        "Other Operating Expenses": 4695000.0,
        "Research And Development": 6053000.0,
        "Selling General And Administration": 39439000.0,
        "General And Administrative Expense": 39439000.0,
        "Other Gand A": 39439000.0,
        "Gross Profit": 69796000.0,
        "Cost Of Revenue": 211090000.0,
        "Total Revenue": 280886000.0,
        "Operating Revenue": 276191000.0
    },
    "2025-03-31": {
        "Tax Effect Of Unusual Items": 0.0,
        "Tax Rate For Calcs": 0.245,
        "Normalized EBITDA": 21075000.0,
        "Total Unusual Items": NaN,
        "Total Unusual Items Excluding Goodwill": NaN,
        "Net Income From Continuing Operation Net Minority Interest": 13306000.0,
        "Reconciled Depreciation": 4847000.0,
        "Reconciled Cost Of Revenue": 219534000.0,
        "EBITDA": 21075000.0,
        "EBIT": 16228000.0,
        "Net Interest Income": 3955000.0,
        "Normalized Income": 13306000.0,
        "Net Income From Continuing And Discontinued Operation": 13306000.0,
        "Total Expenses": 271214000.0,
        "Total Operating Income As Reported": 16228000.0,
        "Diluted Average Shares": 21318000.0,
        "Basic Average Shares": 20464000.0,
        "Diluted EPS": 0.62,
        "Basic EPS": 0.65,
        "Diluted NI Availto Com Stockholders": 13306000.0,
        "Net Income Common Stockholders": 13306000.0,
        "Net Income": 13306000.0,
        "Net Income Including Noncontrolling Interests": 13306000.0,
        "Net Income Continuous Operations": 13306000.0,
        "Tax Provision": 4311000.0,
        "Pretax Income": 17617000.0,
        "Other Income Expense": -2566000.0,
        "Other Non Operating Income Expenses": -2566000.0,
        "Special Income Charges": NaN,
        "Impairment Of Capital Assets": NaN,
        "Restructuring And Mergern Acquisition": NaN,
        "Net Non Operating Interest Income Expense": 3955000.0,
        "Total Other Finance Cost": -3955000.0,
        "Operating Income": 16228000.0,
        "Operating Expense": 51680000.0,
        "Other Operating Expenses": 3864000.0,
        "Research And Development": 6392000.0,
        "Selling General And Administration": 41424000.0,
        "General And Administrative Expense": 41424000.0,
        "Other Gand A": 41424000.0,
        "Gross Profit": 67908000.0,
        "Cost Of Revenue": 219534000.0,
        "Total Revenue": 287442000.0,
        "Operating Revenue": 283578000.0
    },
    "2025-06-30": {
        "Tax Effect Of Unusual Items": 0.0,
        "Tax Rate For Calcs": 0.323391,
        "Normalized EBITDA": 30245000.0,
        "Total Unusual Items": 0.0,
        "Total Unusual Items Excluding Goodwill": 0.0,
        "Net Income From Continuing Operation Net Minority Interest": 21073000.0,
        "Reconciled Depreciation": 5015000.0,
        "Reconciled Cost Of Revenue": 243797000.0,
        "EBITDA": 30245000.0,
        "EBIT": 25230000.0,
        "Net Interest Income": 2639000.0,
        "Normalized Income": 21073000.0,
        "Net Income From Continuing And Discontinued Operation": 21073000.0,
        "Total Expenses": 296678000.0,
        "Total Operating Income As Reported": 25230000.0,
        "Diluted Average Shares": 21215000.0,
        "Basic Average Shares": 20649000.0,
        "Diluted EPS": 0.99,
        "Basic EPS": 1.02,
        "Diluted NI Availto Com Stockholders": 21073000.0,
        "Net Income Common Stockholders": 21073000.0,
        "Net Income": 21073000.0,
        "Net Income Including Noncontrolling Interests": 21073000.0,
        "Net Income Continuous Operations": 21073000.0,
        "Tax Provision": 10072000.0,
        "Pretax Income": 31145000.0,
        "Other Income Expense": 3276000.0,
        "Other Non Operating Income Expenses": 3276000.0,
        "Special Income Charges": 0.0,
        "Impairment Of Capital Assets": 0.0,
        "Restructuring And Mergern Acquisition": 0.0,
        "Net Non Operating Interest Income Expense": 2639000.0,
        "Total Other Finance Cost": -2639000.0,
        "Operating Income": 25230000.0,
        "Operating Expense": 52881000.0,
        "Other Operating Expenses": 4660000.0,
        "Research And Development": 6037000.0,
        "Selling General And Administration": 42184000.0,
        "General And Administrative Expense": 42184000.0,
        "Other Gand A": 42184000.0,
        "Gross Profit": 78111000.0,
        "Cost Of Revenue": 243797000.0,
        "Total Revenue": 321908000.0,
        "Operating Revenue": 317248000.0
    }
}