{
    "2023-06-30": {
        "Tax Effect Of Unusual Items": 0.0,
        "Tax Rate For Calcs": 0.081556,
        "Normalized EBITDA": 14230000.0,
        "Net Income From Continuing Operation Net Minority Interest": 4133000.0,
        "Reconciled Depreciation": 10222000.0,
        "Reconciled Cost Of Revenue": 23567000.0,
        "EBITDA": 14230000.0,
        "EBIT": 4008000.0,
        "Normalized Income": 4133000.0,
        "Net Income From Continuing And Discontinued Operation": 4133000.0,
        "Total Expenses": 65190000.0,
        "Total Operating Income As Reported": 4008000.0,
        "Diluted Average Shares": 30775000.0,
        "Basic Average Shares": 30684000.0,
        "Diluted EPS": 0.13,
        "Basic EPS": 0.13,
        "Diluted NI Availto Com Stockholders": 4133000.0,
        "Net Income Common Stockholders": 4133000.0,
        "Net Income": 4133000.0,
        "Net Income Including Noncontrolling Interests": 4133000.0,
        "Net Income Continuous Operations": 4133000.0,
        "Tax Provision": 367000.0,
        "Pretax Income": 4500000.0,
        "Other Income Expense": 492000.0,
        "Other Non Operating Income Expenses": 492000.0,
        "Operating Income": 4008000.0,
        "Operating Expense": 41623000.0,
        "Depreciation Amortization Depletion Income Statement": 10222000.0,
        "Depreciation And Amortization In Income Statement": 10222000.0,
        "Research And Development": 11031000.0,
        "Selling General And Administration": 20370000.0,
        "Selling And Marketing Expense": 11307000.0,
        "General And Administrative Expense": 9063000.0,
        "Other Gand A": 9063000.0,
        "Gross Profit": 45631000.0,
        "Cost Of Revenue": 23567000.0,
        "Total Revenue": 69198000.0,
        "Operating Revenue": 69198000.0
    },
    "2023-03-31": {
        "Tax Effect Of Unusual Items": 0.0,
        "Tax Rate For Calcs": 0.16,
        "Normalized EBITDA": 12817000.0,
        "Net Income From Continuing Operation Net Minority Interest": 2623000.0,
        "Reconciled Depreciation": 9926000.0,
        "Reconciled Cost Of Revenue": 23856000.0,
        "EBITDA": 12817000.0,
        "EBIT": 2891000.0,
        "Normalized Income": 2623000.0,
        "Net Income From Continuing And Discontinued Operation": 2623000.0,
        "Total Expenses": 66055000.0,
        "Total Operating Income As Reported": 2891000.0,
        "Diluted Average Shares": 30659000.0,
        "Basic Average Shares": 30591000.0,
        "Diluted EPS": 0.09,
        "Basic EPS": 0.09,
        "Diluted NI Availto Com Stockholders": 2623000.0,
        "Net Income Common Stockholders": 2623000.0,
        "Net Income": 2623000.0,
        "Net Income Including Noncontrolling Interests": 2623000.0,
        "Net Income Continuous Operations": 2623000.0,
        "Tax Provision": 518000.0,
        "Pretax Income": 3141000.0,
        "Other Income Expense": 250000.0,
        "Other Non Operating Income Expenses": 250000.0,
        "Operating Income": 2891000.0,
        "Operating Expense": 42199000.0,
        "Depreciation Amortization Depletion Income Statement": 9926000.0,
        "Depreciation And Amortization In Income Statement": 9926000.0,
        "Research And Development": 11680000.0,
        "Selling General And Administration": 20593000.0,
        "Selling And Marketing Expense": 11728000.0,
        "General And Administrative Expense": 8865000.0,
        "Other Gand A": 8865000.0,
        "Gross Profit": 45090000.0,
        "Cost Of Revenue": 23856000.0,
        "Total Revenue": 68946000.0,
        "Operating Revenue": 68946000.0
    },
    "2022-12-31": {
        "Tax Effect Of Unusual Items": 0.0,
        "Tax Rate For Calcs": 0.250612,
        "Normalized EBITDA": 12688000.0,
        "Net Income From Continuing Operation Net Minority Interest": 2449000.0,
        "Reconciled Depreciation": 9611000.0,
        "Reconciled Cost Of Revenue": 23537000.0,
        "EBITDA": 12688000.0,
        "EBIT": 3077000.0,
        "Normalized Income": 2449000.0,
        "Net Income From Continuing And Discontinued Operation": 2449000.0,
        "Total Expenses": 65459000.0,
        "Total Operating Income As Reported": 3077000.0,
        "Diluted Average Shares": 30717000.0,
        "Basic Average Shares": 30574000.0,
        "Diluted EPS": 0.08,
        "Basic EPS": 0.08,
        "Diluted NI Availto Com Stockholders": 2449000.0,
        "Net Income Common Stockholders": 2449000.0,
        "Net Income": 2449000.0,
        "Net Income Including Noncontrolling Interests": 2449000.0,
        "Net Income Continuous Operations": 2449000.0,
        "Tax Provision": 819000.0,
        "Pretax Income": 3268000.0,
        "Other Income Expense": 191000.0,
        "Other Non Operating Income Expenses": 191000.0,
        "Operating Income": 3077000.0,
        "Operating Expense": 41922000.0,
        "Depreciation Amortization Depletion Income Statement": 9611000.0,
        "Depreciation And Amortization In Income Statement": 9611000.0,
        "Research And Development": 11807000.0,
        "Selling General And Administration": 20504000.0,
        "Selling And Marketing Expense": 11494000.0,
        "General And Administrative Expense": 9010000.0,
        "Other Gand A": 9010000.0,
        "Gross Profit": 44999000.0,
        "Cost Of Revenue": 23537000.0,
        "Total Revenue": 68536000.0,
        "Operating Revenue": 68536000.0
    },
    "2022-09-30": {
        "Tax Effect Of Unusual Items": 0.0,
        "Tax Rate For Calcs": 0.255635,
        "Normalized EBITDA": 11974000.0,
        "Net Income From Continuing Operation Net Minority Interest": 3666000.0,
        "Reconciled Depreciation": 9592000.0,
        "Reconciled Cost Of Revenue": 23374000.0,
        "EBITDA": 11974000.0,
        "EBIT": 2382000.0,
        "Normalized Income": 3666000.0,
        "Net Income From Continuing And Discontinued Operation": 3666000.0,
        "Total Expenses": 64903000.0,
        "Total Operating Income As Reported": 2382000.0,
        "Diluted Average Shares": 30662000.0,
        "Basic Average Shares": 30570000.0,
        "Diluted EPS": 0.12,
        "Basic EPS": 0.12,
        "Diluted NI Availto Com Stockholders": 3666000.0,
        "Net Income Common Stockholders": 3666000.0,
        "Net Income": 3666000.0,
        "Net Income Including Noncontrolling Interests": 3666000.0,
        "Net Income Continuous Operations": 3666000.0,
        "Tax Provision": 1259000.0,
        "Pretax Income": 4925000.0,
        "Other Income Expense": 2543000.0,
        "Other Non Operating Income Expenses": 2543000.0,
        "Operating Income": 2382000.0,
        "Operating Expense": 41529000.0,
        "Depreciation Amortization Depletion Income Statement": 9592000.0,
        "Depreciation And Amortization In Income Statement": 9592000.0,
        "Research And Development": 11476000.0,
        "Selling General And Administration": 20461000.0,
        "Selling And Marketing Expense": 11365000.0,
        "General And Administrative Expense": 9096000.0,
        "Other Gand A": 9096000.0,
        "Gross Profit": 43911000.0,
        "Cost Of Revenue": 23374000.0,
        "Total Revenue": 67285000.0,
        "Operating Revenue": 67285000.0
    },
    "2022-06-30": {
        "Tax Effect Of Unusual Items": 0.0,
        "Tax Rate For Calcs": 0.151156,
        "Normalized EBITDA": 12373000.0,
        "Net Income From Continuing Operation Net Minority Interest": 3083000.0,
        "Reconciled Depreciation": 9420000.0,
        "Reconciled Cost Of Revenue": 22234000.0,
        "EBITDA": 12373000.0,
        "EBIT": 2953000.0,
        "Normalized Income": 3083000.0,
        "Net Income From Continuing And Discontinued Operation": 3083000.0,
        "Total Expenses": 62685000.0,
        "Total Operating Income As Reported": 2953000.0,
        "Diluted Average Shares": 30512000.0,
        "Basic Average Shares": 30491000.0,
        "Diluted EPS": 0.1,
        "Basic EPS": 0.1,
        "Diluted NI Availto Com Stockholders": 3083000.0,
        "Net Income Common Stockholders": 3083000.0,
        "Net Income": 3083000.0,
        "Net Income Including Noncontrolling Interests": 3083000.0,
        "Net Income Continuous Operations": 3083000.0,
        "Tax Provision": 549000.0,
        "Pretax Income": 3632000.0,
        "Other Income Expense": 679000.0,
        "Other Non Operating Income Expenses": 679000.0,
        "Operating Income": 2953000.0,
        "Operating Expense": 40451000.0,
        "Depreciation Amortization Depletion Income Statement": 9420000.0,
        "Depreciation And Amortization In Income Statement": 9420000.0,
        "Research And Development": 10583000.0,
        "Selling General And Administration": 20448000.0,
        "Selling And Marketing Expense": 10869000.0,
        "General And Administrative Expense": 9579000.0,
        "Other Gand A": 9579000.0,
        "Gross Profit": 43404000.0,
        "Cost Of Revenue": 22234000.0,
        "Total Revenue": 65638000.0,
        "Operating Revenue": 65638000.0
    },
    "2022-03-31": {
        "Diluted EPS": 0.09,
        "Total Revenue": 65,
        "Gross Profit": 43,
        "Operating Income": 4,
        "EBIT": 16,
        "Net Income": 3
    },
    "2021-12-31": {
        "Diluted EPS": -0.02,
        "Total Revenue": 64,
        "Gross Profit": 41,
        "Operating Income": 0,
        "EBIT": 11,
        "Net Income": 0
    },
    "2021-09-30": {
        "Diluted EPS": 0.05,
        "Total Revenue": 64,
        "Gross Profit": 42,
        "Operating Income": 2,
        "EBIT": 13,
        "Net Income": 2
    },
    "2021-06-30": {
        "Diluted EPS": 0.08,
        "Total Revenue": 65,
        "Gross Profit": 42,
        "Operating Income": 3,
        "EBIT": 15,
        "Net Income": 2
    },
    "2021-03-31": {
        "Diluted EPS": 0.07,
        "Total Revenue": 63,
        "Gross Profit": 41,
        "Operating Income": 3,
        "EBIT": 15,
        "Net Income": 2
    },
    "2020-12-31": {
        "Diluted EPS": 0.03,
        "Total Revenue": 62,
        "Gross Profit": 39,
        "Operating Income": 1,
        "EBIT": 12,
        "Net Income": 1
    },
    "2020-09-30": {
        "Diluted EPS": 0.08,
        "Total Revenue": 61,
        "Gross Profit": 38,
        "Operating Income": 3,
        "EBIT": 13,
        "Net Income": 3
    },
    "2020-06-30": {
        "Diluted EPS": 0.11,
        "Total Revenue": 61,
        "Gross Profit": 38,
        "Operating Income": 4,
        "EBIT": 14,
        "Net Income": 3
    },
    "2020-03-31": {
        "Diluted EPS": 0.22,
        "Total Revenue": 62,
        "Gross Profit": 41,
        "Operating Income": 7,
        "EBIT": 17,
        "Net Income": 7
    },
    "2019-12-31": {
        "Diluted EPS": 0.13,
        "Total Revenue": 63,
        "Gross Profit": 38,
        "Operating Income": 3,
        "EBIT": 13,
        "Net Income": 4
    },
    "2019-09-30": {
        "Diluted EPS": 0.11,
        "Total Revenue": 62,
        "Gross Profit": 37,
        "Operating Income": 4,
        "EBIT": 13,
        "Net Income": 4
    },
    "2019-06-30": {
        "Diluted EPS": 0.07,
        "Total Revenue": 64,
        "Gross Profit": 37,
        "Operating Income": 2,
        "EBIT": 11,
        "Net Income": 2
    },
    "2019-03-31": {
        "Diluted EPS": 0.18,
        "Total Revenue": 65,
        "Gross Profit": 38,
        "Operating Income": 5,
        "EBIT": 14,
        "Net Income": 6
    },
    "2018-12-31": {
        "Diluted EPS": 0.09,
        "Total Revenue": 60,
        "Gross Profit": 34,
        "Operating Income": 3,
        "EBIT": 11,
        "Net Income": 3
    },
    "2018-09-30": {
        "Diluted EPS": 0.09,
        "Total Revenue": 60,
        "Gross Profit": 35,
        "Operating Income": 5,
        "EBIT": 13,
        "Net Income": 3
    },
    "2018-06-30": {
        "Diluted EPS": 0.08,
        "Total Revenue": 57,
        "Gross Profit": 34,
        "Operating Income": 4,
        "EBIT": 12,
        "Net Income": 3
    },
    "2018-03-31": {
        "Diluted EPS": 0.74,
        "Total Revenue": 55,
        "Gross Profit": 33,
        "Operating Income": 4,
        "EBIT": 12,
        "Net Income": 24
    },
    "2017-12-31": {
        "Diluted EPS": 0.12,
        "Total Revenue": 55,
        "Gross Profit": 33,
        "Operating Income": 2,
        "EBIT": 8,
        "Net Income": 4
    },
    "2017-09-30": {
        "Diluted EPS": 0.08,
        "Total Revenue": 55,
        "Gross Profit": 32,
        "Operating Income": 3,
        "EBIT": 9,
        "Net Income": 3
    },
    "2017-06-30": {
        "Diluted EPS": 0.07,
        "Total Revenue": 53,
        "Gross Profit": 32,
        "Operating Income": 3,
        "EBIT": 9,
        "Net Income": 2
    },
    "2017-03-31": {
        "Diluted EPS": 0.04,
        "Total Revenue": 52,
        "Gross Profit": 31,
        "Operating Income": 2,
        "EBIT": 8,
        "Net Income": 1
    },
    "2016-12-31": {
        "Diluted EPS": -0.01,
        "Total Revenue": 25,
        "Gross Profit": 20,
        "Operating Income": 1,
        "EBIT": 5,
        "Net Income": 0
    },
    "2016-09-30": {
        "Diluted EPS": 0.04,
        "Total Revenue": 58,
        "Gross Profit": 33,
        "Operating Income": 1,
        "EBIT": 7,
        "Net Income": 1
    },
    "2016-06-30": {
        "Diluted EPS": 0.04,
        "Total Revenue": 55,
        "Gross Profit": 32,
        "Operating Income": 2,
        "EBIT": 7,
        "Net Income": 1
    },
    "2016-03-31": {
        "Diluted EPS": 0.05,
        "Total Revenue": 54,
        "Gross Profit": 31,
        "Operating Income": 2,
        "EBIT": 8,
        "Net Income": 2
    },
    "2015-12-31": {
        "Diluted EPS": 0.05,
        "Total Revenue": 56,
        "Gross Profit": 32,
        "Operating Income": 2,
        "EBIT": 7,
        "Net Income": 2
    },
    "2015-09-30": {
        "Diluted EPS": 0.08,
        "Total Revenue": 54,
        "Gross Profit": 31,
        "Operating Income": 4,
        "EBIT": 9,
        "Net Income": 3
    },
    "2015-06-30": {
        "Diluted EPS": 0.05,
        "Total Revenue": 52,
        "Gross Profit": 30,
        "Operating Income": 3,
        "EBIT": 7,
        "Net Income": 1
    },
    "2015-03-31": {
        "Diluted EPS": 0.1,
        "Total Revenue": 47,
        "Gross Profit": 27,
        "Operating Income": 5,
        "EBIT": 8,
        "Net Income": 3
    },
    "2014-12-31": {
        "Diluted EPS": 0.1,
        "Total Revenue": 45,
        "Gross Profit": 26,
        "Operating Income": 4,
        "EBIT": 7,
        "Net Income": 3
    },
    "2014-09-30": {
        "Diluted EPS": 0.12,
        "Total Revenue": 45,
        "Gross Profit": 25,
        "Operating Income": 5,
        "EBIT": 8,
        "Net Income": 3
    },
    "2014-06-30": {
        "Diluted EPS": 0.08,
        "Total Revenue": 42,
        "Gross Profit": 24,
        "Operating Income": 4,
        "EBIT": 7,
        "Net Income": 2
    },
    "2014-03-31": {
        "Diluted EPS": 0.07,
        "Total Revenue": 38,
        "Gross Profit": 21,
        "Operating Income": 3,
        "EBIT": 6,
        "Net Income": 2
    },
    "2013-12-31": {
        "Diluted EPS": 0.06,
        "Total Revenue": 37,
        "Gross Profit": 21,
        "Operating Income": 4,
        "EBIT": 6,
        "Net Income": 2
    },
    "2013-09-30": {
        "Diluted EPS": 0.08,
        "Total Revenue": 34,
        "Gross Profit": 20,
        "Operating Income": 4,
        "EBIT": 6,
        "Net Income": 2
    },
    "2013-06-30": {
        "Diluted EPS": 0.09,
        "Total Revenue": 32,
        "Gross Profit": 19,
        "Operating Income": 4,
        "EBIT": 6,
        "Net Income": 2
    },
    "2013-03-31": {
        "Diluted EPS": 0.07,
        "Total Revenue": 30,
        "Gross Profit": 17,
        "Operating Income": 3,
        "EBIT": 5,
        "Net Income": 2
    },
    "2012-12-31": {
        "Diluted EPS": 0.07,
        "Total Revenue": 28,
        "Gross Profit": 17,
        "Operating Income": 3,
        "EBIT": 5,
        "Net Income": 2
    },
    "2012-09-30": {
        "Diluted EPS": 0.07,
        "Total Revenue": 26,
        "Gross Profit": 16,
        "Operating Income": 4,
        "EBIT": 5,
        "Net Income": 2
    },
    "2012-06-30": {
        "Diluted EPS": 0.09,
        "Total Revenue": 26,
        "Gross Profit": 16,
        "Operating Income": 4,
        "EBIT": 6,
        "Net Income": 2
    },
    "2012-03-31": {
        "Diluted EPS": 0.05,
        "Total Revenue": 24,
        "Gross Profit": 14,
        "Operating Income": 2,
        "EBIT": 4,
        "Net Income": 1
    },
    "2011-12-31": {
        "Diluted EPS": 0.06,
        "Total Revenue": 22,
        "Gross Profit": 13,
        "Operating Income": 3,
        "EBIT": 5,
        "Net Income": 2
    },
    "2011-09-30": {
        "Diluted EPS": 0.08,
        "Total Revenue": 21,
        "Gross Profit": 13,
        "Operating Income": 3,
        "EBIT": 4,
        "Net Income": 2
    },
    "2011-06-30": {
        "Diluted EPS": 0.08,
        "Total Revenue": 21,
        "Gross Profit": 13,
        "Operating Income": 3,
        "EBIT": 4,
        "Net Income": 2
    },
    "2011-03-31": {
        "Diluted EPS": 0.07,
        "Total Revenue": 19,
        "Gross Profit": 11,
        "Operating Income": 3,
        "EBIT": 4,
        "Net Income": 2
    },
    "2010-12-31": {
        "Diluted EPS": 0.04,
        "Total Revenue": 18,
        "Gross Profit": 11,
        "Operating Income": 2,
        "EBIT": 3,
        "Net Income": 1
    },
    "2010-09-30": {
        "Diluted EPS": 0.04,
        "Total Revenue": 17,
        "Gross Profit": 10,
        "Operating Income": 2,
        "EBIT": 3,
        "Net Income": 1
    },
    "2010-06-30": {
        "Diluted EPS": 0.06,
        "Total Revenue": 17,
        "Gross Profit": 11,
        "Operating Income": 2,
        "EBIT": 4,
        "Net Income": 1
    },
    "2010-03-31": {
        "Diluted EPS": 0.04,
        "Total Revenue": 15,
        "Gross Profit": 9,
        "Operating Income": 1,
        "EBIT": 3,
        "Net Income": 1
    },
    "2009-12-31": {
        "Diluted EPS": 0.47,
        "Total Revenue": 15,
        "Gross Profit": 10,
        "Operating Income": 1,
        "EBIT": 3,
        "Net Income": 10
    },
    "2009-09-30": {
        "Diluted EPS": 0.05,
        "Total Revenue": 14,
        "Gross Profit": 9,
        "Operating Income": 1,
        "EBIT": 2,
        "Net Income": 1
    },
    "2009-06-30": {
        "Diluted EPS": 0.08,
        "Total Revenue": 15,
        "Gross Profit": 9,
        "Operating Income": 2,
        "EBIT": 3,
        "Net Income": 2
    },
    "2009-03-31": {
        "Diluted EPS": 0.04,
        "Total Revenue": 14,
        "Gross Profit": 8,
        "Operating Income": 1,
        "EBIT": 2,
        "Net Income": 1
    },
    "2023-09-30": {
        "Tax Effect Of Unusual Items": 0.0,
        "Tax Rate For Calcs": 0.29,
        "Normalized EBITDA": 15266000.0,
        "Net Income From Continuing Operation Net Minority Interest": 3867000.0,
        "Reconciled Depreciation": 10402000.0,
        "Reconciled Cost Of Revenue": 23588000.0,
        "EBITDA": 15266000.0,
        "EBIT": 4863000.0,
        "Normalized Income": 3867000.0,
        "Net Income From Continuing And Discontinued Operation": 3867000.0,
        "Total Expenses": 65476000.0,
        "Total Operating Income As Reported": 4863000.0,
        "Diluted Average Shares": NaN,
        "Basic Average Shares": NaN,
        "Diluted EPS": NaN,
        "Basic EPS": NaN,
        "Diluted NI Availto Com Stockholders": 3867000.0,
        "Net Income Common Stockholders": 3867000.0,
        "Net Income": 3867000.0,
        "Net Income Including Noncontrolling Interests": 3867000.0,
        "Net Income Continuous Operations": 3867000.0,
        "Tax Provision": 1586000.0,
        "Pretax Income": 5453000.0,
        "Other Income Expense": 590000.0,
        "Other Non Operating Income Expenses": 590000.0,
        "Operating Income": 4863000.0,
        "Operating Expense": 41889000.0,
        "Depreciation Amortization Depletion Income Statement": 10403000.0,
        "Depreciation And Amortization In Income Statement": 10403000.0,
        "Research And Development": 10901000.0,
        "Selling General And Administration": 20585000.0,
        "Selling And Marketing Expense": 11290000.0,
        "General And Administrative Expense": 9295000.0,
        "Other Gand A": 9295000.0,
        "Gross Profit": 46752000.0,
        "Cost Of Revenue": 23587000.0,
        "Total Revenue": 70339000.0,
        "Operating Revenue": 70339000.0
    },
    "2023-12-31": {
        "Tax Effect Of Unusual Items": 0.0,
        "Tax Rate For Calcs": 0.152668,
        "Normalized EBITDA": 14780000.0,
        "Net Income From Continuing Operation Net Minority Interest": 4590000.0,
        "Reconciled Depreciation": 10526000.0,
        "Reconciled Cost Of Revenue": 24011000.0,
        "EBITDA": 14780000.0,
        "EBIT": 4254000.0,
        "Normalized Income": 4590000.0,
        "Net Income From Continuing And Discontinued Operation": 4590000.0,
        "Total Expenses": 66327000.0,
        "Total Operating Income As Reported": 4254000.0,
        "Diluted Average Shares": 30489000.0,
        "Basic Average Shares": 30326000.0,
        "Diluted EPS": 0.15,
        "Basic EPS": 0.15,
        "Diluted NI Availto Com Stockholders": 4590000.0,
        "Net Income Common Stockholders": 4590000.0,
        "Net Income": 4590000.0,
        "Net Income Including Noncontrolling Interests": 4590000.0,
        "Net Income Continuous Operations": 4590000.0,
        "Tax Provision": 827000.0,
        "Pretax Income": 5417000.0,
        "Other Income Expense": 1163000.0,
        "Other Non Operating Income Expenses": 1163000.0,
        "Operating Income": 4254000.0,
        "Operating Expense": 42316000.0,
        "Depreciation Amortization Depletion Income Statement": 10526000.0,
        "Depreciation And Amortization In Income Statement": 10526000.0,
        "Research And Development": 11930000.0,
        "Selling General And Administration": 19860000.0,
        "Selling And Marketing Expense": 11419000.0,
        "General And Administrative Expense": 8441000.0,
        "Other Gand A": 8441000.0,
        "Gross Profit": 46570000.0,
        "Cost Of Revenue": 24011000.0,
        "Total Revenue": 70581000.0,
        "Operating Revenue": 70581000.0
    },
    "2024-03-31": {
        "Tax Effect Of Unusual Items": NaN,
        "Tax Rate For Calcs": NaN,
        "Normalized EBITDA": NaN,
        "Net Income From Continuing Operation Net Minority Interest": NaN,
        "Reconciled Depreciation": NaN,
        "Reconciled Cost Of Revenue": NaN,
        "EBITDA": NaN,
        "EBIT": NaN,
        "Net Interest Income": 904000.0,
        "Interest Income": 904000.0,
        "Normalized Income": NaN,
        "Net Income From Continuing And Discontinued Operation": NaN,
        "Total Expenses": NaN,
        "Total Operating Income As Reported": NaN,
        "Diluted Average Shares": NaN,
        "Basic Average Shares": NaN,
        "Diluted EPS": NaN,
        "Basic EPS": NaN,
        "Diluted NI Availto Com Stockholders": NaN,
        "Net Income Common Stockholders": NaN,
        "Net Income": NaN,
        "Net Income Including Noncontrolling Interests": NaN,
        "Net Income Continuous Operations": NaN,
        "Tax Provision": NaN,
        "Pretax Income": NaN,
        "Other Income Expense": NaN,
        "Other Non Operating Income Expenses": NaN,
        "Net Non Operating Interest Income Expense": 904000.0,
        "Interest Income Non Operating": 904000.0,
        "Operating Income": NaN,
        "Operating Expense": NaN,
        "Depreciation Amortization Depletion Income Statement": NaN,
        "Depreciation And Amortization In Income Statement": NaN,
        "Research And Development": NaN,
        "Selling General And Administration": NaN,
        "Selling And Marketing Expense": NaN,
        "General And Administrative Expense": NaN,
        "Other Gand A": NaN,
        "Gross Profit": NaN,
        "Cost Of Revenue": NaN,
        "Total Revenue": NaN,
        "Operating Revenue": NaN
    },
    "2024-06-30": {
        "Tax Effect Of Unusual Items": NaN,
        "Tax Rate For Calcs": NaN,
        "Normalized EBITDA": NaN,
        "Net Income From Continuing Operation Net Minority Interest": NaN,
        "Reconciled Depreciation": NaN,
        "Reconciled Cost Of Revenue": NaN,
        "EBITDA": NaN,
        "EBIT": NaN,
        "Net Interest Income": 944000.0,
        "Interest Income": 944000.0,
        "Normalized Income": NaN,
        "Net Income From Continuing And Discontinued Operation": NaN,
        "Total Expenses": NaN,
        "Total Operating Income As Reported": NaN,
        "Diluted Average Shares": NaN,
        "Basic Average Shares": NaN,
        "Diluted EPS": NaN,
        "Basic EPS": NaN,
        "Diluted NI Availto Com Stockholders": NaN,
        "Net Income Common Stockholders": NaN,
        "Net Income": NaN,
        "Net Income Including Noncontrolling Interests": NaN,
        "Net Income Continuous Operations": NaN,
        "Tax Provision": NaN,
        "Pretax Income": NaN,
        "Other Income Expense": NaN,
        "Other Non Operating Income Expenses": NaN,
        "Net Non Operating Interest Income Expense": 944000.0,
        "Interest Income Non Operating": 944000.0,
        "Operating Income": NaN,
        "Operating Expense": NaN,
        "Depreciation Amortization Depletion Income Statement": NaN,
        "Depreciation And Amortization In Income Statement": NaN,
        "Research And Development": NaN,
        "Selling General And Administration": NaN,
        "Selling And Marketing Expense": NaN,
        "General And Administrative Expense": NaN,
        "Other Gand A": NaN,
        "Gross Profit": NaN,
        "Cost Of Revenue": NaN,
        "Total Revenue": NaN,
        "Operating Revenue": NaN
    },
    "2024-09-30": {
        "Tax Effect Of Unusual Items": 0.0,
        "Tax Rate For Calcs": 0.23,
        "Normalized EBITDA": 16571000.0,
        "Net Income From Continuing Operation Net Minority Interest": 5725000.0,
        "Reconciled Depreciation": 10073000.0,
        "Reconciled Cost Of Revenue": 24470000.0,
        "EBITDA": 16571000.0,
        "EBIT": 6498000.0,
        "Net Interest Income": NaN,
        "Interest Income": NaN,
        "Normalized Income": 5725000.0,
        "Net Income From Continuing And Discontinued Operation": 5725000.0,
        "Total Expenses": 66597000.0,
        "Total Operating Income As Reported": 6498000.0,
        "Diluted Average Shares": 30590000.0,
        "Basic Average Shares": 30409000.0,
        "Diluted EPS": 0.19,
        "Basic EPS": 0.19,
        "Diluted NI Availto Com Stockholders": 5725000.0,
        "Net Income Common Stockholders": 5725000.0,
        "Net Income": 5725000.0,
        "Net Income Including Noncontrolling Interests": 5725000.0,
        "Net Income Continuous Operations": 5725000.0,
        "Tax Provision": 1754000.0,
        "Pretax Income": 7479000.0,
        "Other Income Expense": -26000.0,
        "Other Non Operating Income Expenses": -26000.0,
        "Net Non Operating Interest Income Expense": NaN,
        "Interest Income Non Operating": NaN,
        "Operating Income": 6498000.0,
        "Operating Expense": 42127000.0,
        "Depreciation Amortization Depletion Income Statement": 10073000.0,
        "Depreciation And Amortization In Income Statement": 10073000.0,
        "Research And Development": 12100000.0,
        "Selling General And Administration": 19954000.0,
        "Selling And Marketing Expense": 11497000.0,
        "General And Administrative Expense": 8457000.0,
        "Other Gand A": 8457000.0,
        "Gross Profit": 48625000.0,
        "Cost Of Revenue": 24470000.0,
        "Total Revenue": 73095000.0,
        "Operating Revenue": 73095000.0
    },
    "2024-12-31": {
        "Tax Effect Of Unusual Items": 0.0,
        "Tax Rate For Calcs": 0.108335,
        "Normalized EBITDA": 15153000.0,
        "Net Income From Continuing Operation Net Minority Interest": 4889000.0,
        "Reconciled Depreciation": 10464000.0,
        "Reconciled Cost Of Revenue": 25111000.0,
        "EBITDA": 15153000.0,
        "EBIT": 4689000.0,
        "Net Interest Income": NaN,
        "Interest Income": NaN,
        "Normalized Income": 4889000.0,
        "Net Income From Continuing And Discontinued Operation": 4889000.0,
        "Total Expenses": 69546000.0,
        "Total Operating Income As Reported": 4689000.0,
        "Diluted Average Shares": 30639000.0,
        "Basic Average Shares": 30423000.0,
        "Diluted EPS": 0.16,
        "Basic EPS": 0.16,
        "Diluted NI Availto Com Stockholders": 4889000.0,
        "Net Income Common Stockholders": 4889000.0,
        "Net Income": 4889000.0,
        "Net Income Including Noncontrolling Interests": 4889000.0,
        "Net Income Continuous Operations": 4889000.0,
        "Tax Provision": 594000.0,
        "Pretax Income": 5483000.0,
        "Other Income Expense": -3040000.0,
        "Other Non Operating Income Expenses": -3040000.0,
        "Net Non Operating Interest Income Expense": NaN,
        "Interest Income Non Operating": NaN,
        "Operating Income": 4689000.0,
        "Operating Expense": 44435000.0,
        "Depreciation Amortization Depletion Income Statement": 10464000.0,
        "Depreciation And Amortization In Income Statement": 10464000.0,
        "Research And Development": 12682000.0,
        "Selling General And Administration": 21289000.0,
        "Selling And Marketing Expense": 12482000.0,
        "General And Administrative Expense": 8807000.0,
        "Other Gand A": 8807000.0,
        "Gross Profit": 49124000.0,
        "Cost Of Revenue": 25111000.0,
        "Total Revenue": 74235000.0,
        "Operating Revenue": 74235000.0
    },
    "2025-03-31": {
        "Tax Effect Of Unusual Items": 0.0,
        "Tax Rate For Calcs": 0.17,
        "Normalized EBITDA": 15133000.0,
        "Net Income From Continuing Operation Net Minority Interest": 4332000.0,
        "Reconciled Depreciation": 10755000.0,
        "Reconciled Cost Of Revenue": 25487000.0,
        "EBITDA": 15133000.0,
        "EBIT": 4378000.0,
        "Net Interest Income": 931000.0,
        "Interest Income": 931000.0,
        "Normalized Income": 4332000.0,
        "Net Income From Continuing And Discontinued Operation": 4332000.0,
        "Total Expenses": 69107000.0,
        "Total Operating Income As Reported": 4378000.0,
        "Diluted Average Shares": 30587000.0,
        "Basic Average Shares": 30444000.0,
        "Diluted EPS": 0.14,
        "Basic EPS": 0.14,
        "Diluted NI Availto Com Stockholders": 4332000.0,
        "Net Income Common Stockholders": 4332000.0,
        "Net Income": 4332000.0,
        "Net Income Including Noncontrolling Interests": 4332000.0,
        "Net Income Continuous Operations": 4332000.0,
        "Tax Provision": 916000.0,
        "Pretax Income": 5248000.0,
        "Other Income Expense": -61000.0,
        "Other Non Operating Income Expenses": -61000.0,
        "Net Non Operating Interest Income Expense": 931000.0,
        "Interest Income Non Operating": 931000.0,
        "Operating Income": 4378000.0,
        "Operating Expense": 43620000.0,
        "Depreciation Amortization Depletion Income Statement": 10755000.0,
        "Depreciation And Amortization In Income Statement": 10755000.0,
        "Research And Development": 12047000.0,
        "Selling General And Administration": 20818000.0,
        "Selling And Marketing Expense": 12149000.0,
        "General And Administrative Expense": 8669000.0,
        "Other Gand A": 8669000.0,
        "Gross Profit": 47998000.0,
        "Cost Of Revenue": 25487000.0,
        "Total Revenue": 73485000.0,
        "Operating Revenue": 73485000.0
    },
    "2025-06-30": {
        "Tax Effect Of Unusual Items": 0.0,
        "Tax Rate For Calcs": 0.215232,
        "Normalized EBITDA": 16753000.0,
        "Net Income From Continuing Operation Net Minority Interest": 5389000.0,
        "Reconciled Depreciation": 10866000.0,
        "Reconciled Cost Of Revenue": 26365000.0,
        "EBITDA": 16753000.0,
        "EBIT": 5886000.0,
        "Net Interest Income": 958000.0,
        "Interest Income": 958000.0,
        "Normalized Income": 5389000.0,
        "Net Income From Continuing And Discontinued Operation": 5389000.0,
        "Total Expenses": 68510000.0,
        "Total Operating Income As Reported": 5886000.0,
        "Diluted Average Shares": 30450000.0,
        "Basic Average Shares": 30320000.0,
        "Diluted EPS": 0.18,
        "Basic EPS": 0.18,
        "Diluted NI Availto Com Stockholders": 5389000.0,
        "Net Income Common Stockholders": 5389000.0,
        "Net Income": 5389000.0,
        "Net Income Including Noncontrolling Interests": 5389000.0,
        "Net Income Continuous Operations": 5389000.0,
        "Tax Provision": 1478000.0,
        "Pretax Income": 6867000.0,
        "Other Income Expense": 23000.0,
        "Other Non Operating Income Expenses": 23000.0,
        "Net Non Operating Interest Income Expense": 958000.0,
        "Interest Income Non Operating": 958000.0,
        "Operating Income": 5886000.0,
        "Operating Expense": 42146000.0,
        "Depreciation Amortization Depletion Income Statement": 10867000.0,
        "Depreciation And Amortization In Income Statement": 10867000.0,
        "Research And Development": 12073000.0,
        "Selling General And Administration": 19206000.0,
        "Selling And Marketing Expense": 11808000.0,
        "General And Administrative Expense": 7398000.0,
        "Other Gand A": 7398000.0,
        "Gross Profit": 48032000.0,
        "Cost Of Revenue": 26364000.0,
        "Total Revenue": 74396000.0,
        "Operating Revenue": 74396000.0
    },
    "2025-09-30": {
        "Tax Effect Of Unusual Items": 0.0,
        "Tax Rate For Calcs": 0.26,
        "Normalized EBITDA": 18387000.0,
        "Net Income From Continuing Operation Net Minority Interest": 6086000.0,
        "Reconciled Depreciation": 10820000.0,
        "Reconciled Cost Of Revenue": 26507000.0,
        "EBITDA": 18387000.0,
        "EBIT": 7567000.0,
        "Net Interest Income": 788000.0,
        "Interest Income": 788000.0,
        "Normalized Income": 6086000.0,
        "Net Income From Continuing And Discontinued Operation": 6086000.0,
        "Total Expenses": 68907000.0,
        "Total Operating Income As Reported": 7567000.0,
        "Diluted Average Shares": 29811000.0,
        "Basic Average Shares": 29688000.0,
        "Diluted EPS": 0.2,
        "Basic EPS": 0.2,
        "Diluted NI Availto Com Stockholders": 6086000.0,
        "Net Income Common Stockholders": 6086000.0,
        "Net Income": 6086000.0,
        "Net Income Including Noncontrolling Interests": 6086000.0,
        "Net Income Continuous Operations": 6086000.0,
        "Tax Provision": 2166000.0,
        "Pretax Income": 8252000.0,
        "Other Income Expense": -103000.0,
        "Other Non Operating Income Expenses": -103000.0,
        "Net Non Operating Interest Income Expense": 788000.0,
        "Interest Income Non Operating": 788000.0,
        "Operating Income": 7567000.0,
        "Operating Expense": 42400000.0,
        "Depreciation Amortization Depletion Income Statement": 10820000.0,
        "Depreciation And Amortization In Income Statement": 10820000.0,
        "Research And Development": 12107000.0,
        "Selling General And Administration": 19473000.0,
        "Selling And Marketing Expense": 12143000.0,
        "General And Administrative Expense": 7330000.0,
        "Other Gand A": 7330000.0,
        "Gross Profit": 49967000.0,
        "Cost Of Revenue": 26507000.0,
        "Total Revenue": 76474000.0,
        "Operating Revenue": 76474000.0
    }
}