{
    "2023-06-30": {
        "Tax Effect Of Unusual Items": 0.0,
        "Tax Rate For Calcs": 0.264416,
        "Net Income From Continuing Operation Net Minority Interest": 18133000.0,
        "Reconciled Depreciation": 4390000.0,
        "Net Interest Income": 118266000.0,
        "Interest Expense": 95160000.0,
        "Interest Income": 213426000.0,
        "Normalized Income": 18133000.0,
        "Net Income From Continuing And Discontinued Operation": 18133000.0,
        "Diluted Average Shares": 65054000.0,
        "Basic Average Shares": 65025000.0,
        "Diluted EPS": 0.28,
        "Basic EPS": 0.28,
        "Diluted NI Availto Com Stockholders": 18133000.0,
        "Net Income Common Stockholders": 18133000.0,
        "Net Income": 18133000.0,
        "Minority Interests": -1805000.0,
        "Net Income Including Noncontrolling Interests": 19938000.0,
        "Net Income Continuous Operations": 19938000.0,
        "Tax Provision": 7167000.0,
        "Pretax Income": 27105000.0,
        "Selling General And Administration": 176908000.0,
        "General And Administrative Expense": 176908000.0,
        "Salaries And Wages": 176908000.0,
        "Total Revenue": 308918000.0,
        "Operating Revenue": 308918000.0,
        "Occupancy And Equipment": 23025000.0,
        "Professional Expense And Contract Services Expense": 12594000.0,
        "Other Non Interest Expense": 54450000.0
    },
    "2023-03-31": {
        "Tax Effect Of Unusual Items": 0.0,
        "Tax Rate For Calcs": 0.116,
        "Net Income From Continuing Operation Net Minority Interest": 25800000.0,
        "Reconciled Depreciation": 5843000.0,
        "Net Interest Income": 121705000.0,
        "Interest Expense": 69722000.0,
        "Interest Income": 191427000.0,
        "Normalized Income": 25800000.0,
        "Net Income From Continuing And Discontinued Operation": 25800000.0,
        "Diluted Average Shares": 64954000.0,
        "Basic Average Shares": 64901000.0,
        "Diluted EPS": 0.4,
        "Basic EPS": 0.4,
        "Diluted NI Availto Com Stockholders": 25800000.0,
        "Net Income Common Stockholders": 25800000.0,
        "Net Income": 25800000.0,
        "Minority Interests": -1968000.0,
        "Net Income Including Noncontrolling Interests": 27768000.0,
        "Net Income Continuous Operations": 27768000.0,
        "Tax Provision": 3630000.0,
        "Pretax Income": 31398000.0,
        "Selling General And Administration": 167817000.0,
        "General And Administrative Expense": 167817000.0,
        "Salaries And Wages": 167817000.0,
        "Total Revenue": 284199000.0,
        "Operating Revenue": 284199000.0,
        "Occupancy And Equipment": 22865000.0,
        "Professional Expense And Contract Services Expense": 10697000.0,
        "Other Non Interest Expense": 49091000.0
    },
    "2022-12-31": {
        "Tax Effect Of Unusual Items": 0.0,
        "Tax Rate For Calcs": 0.266207,
        "Net Income From Continuing Operation Net Minority Interest": 25556000.0,
        "Reconciled Depreciation": 12418000.0,
        "Net Interest Income": 123442000.0,
        "Interest Expense": 56532000.0,
        "Interest Income": 179974000.0,
        "Normalized Income": 25556000.0,
        "Net Income From Continuing And Discontinued Operation": 25556000.0,
        "Diluted Average Shares": 64779000.0,
        "Basic Average Shares": 64602000.0,
        "Diluted EPS": 0.39,
        "Basic EPS": 0.4,
        "Diluted NI Availto Com Stockholders": 25556000.0,
        "Net Income Common Stockholders": 25556000.0,
        "Net Income": 25556000.0,
        "Minority Interests": -1022000.0,
        "Net Income Including Noncontrolling Interests": 26578000.0,
        "Net Income Continuous Operations": 26578000.0,
        "Tax Provision": 9642000.0,
        "Pretax Income": 36220000.0,
        "Selling General And Administration": 167892000.0,
        "General And Administrative Expense": 167892000.0,
        "Salaries And Wages": 167892000.0,
        "Total Revenue": 222526000.0,
        "Operating Revenue": 222526000.0
    },
    "2022-09-30": {
        "Tax Effect Of Unusual Items": 0.0,
        "Tax Rate For Calcs": 0.218,
        "Net Income From Continuing Operation Net Minority Interest": 32068000.0,
        "Reconciled Depreciation": 6036000.0,
        "Net Interest Income": 123486000.0,
        "Interest Expense": 32986000.0,
        "Interest Income": 156472000.0,
        "Normalized Income": 32068000.0,
        "Net Income From Continuing And Discontinued Operation": 32068000.0,
        "Diluted Average Shares": 64669000.0,
        "Basic Average Shares": 64552000.0,
        "Diluted EPS": 0.5,
        "Basic EPS": 0.5,
        "Diluted NI Availto Com Stockholders": 32068000.0,
        "Net Income Common Stockholders": 32068000.0,
        "Net Income": 32068000.0,
        "Minority Interests": -1186000.0,
        "Net Income Including Noncontrolling Interests": 33254000.0,
        "Net Income Continuous Operations": 33254000.0,
        "Tax Provision": 9249000.0,
        "Pretax Income": 42503000.0,
        "Selling General And Administration": 200450000.0,
        "General And Administrative Expense": 200450000.0,
        "Salaries And Wages": 200450000.0,
        "Total Revenue": 330461000.0,
        "Operating Revenue": 330461000.0
    },
    "2022-06-30": {
        "Tax Effect Of Unusual Items": 0.0,
        "Tax Rate For Calcs": 0.256,
        "Net Income From Continuing Operation Net Minority Interest": 33260000.0,
        "Reconciled Depreciation": 6462000.0,
        "Net Interest Income": 112056000.0,
        "Interest Expense": 23077000.0,
        "Interest Income": 135133000.0,
        "Normalized Income": 33260000.0,
        "Net Income From Continuing And Discontinued Operation": 33260000.0,
        "Diluted Average Shares": 73838000.0,
        "Basic Average Shares": 73693000.0,
        "Diluted EPS": 0.45,
        "Basic EPS": 0.45,
        "Diluted NI Availto Com Stockholders": 33260000.0,
        "Net Income Common Stockholders": 33260000.0,
        "Net Income": 33260000.0,
        "Minority Interests": -2063000.0,
        "Net Income Including Noncontrolling Interests": 35323000.0,
        "Net Income Continuous Operations": 35323000.0,
        "Tax Provision": 12127000.0,
        "Pretax Income": 47450000.0,
        "Selling General And Administration": 205327000.0,
        "General And Administrative Expense": 205327000.0,
        "Salaries And Wages": 205327000.0,
        "Total Revenue": 351329000.0,
        "Operating Revenue": 351329000.0
    },
    "2022-03-31": {
        "Diluted EPS": 0.28,
        "Total Revenue": 336,
        "Gross Profit": 316,
        "Operating Income": 30,
        "EBIT": NaN,
        "Net Income": 22
    },
    "2021-12-31": {
        "Diluted EPS": 0.79,
        "Total Revenue": 408,
        "Gross Profit": 389,
        "Operating Income": 86,
        "EBIT": NaN,
        "Net Income": 62
    },
    "2021-09-30": {
        "Diluted EPS": 1.15,
        "Total Revenue": 493,
        "Gross Profit": 473,
        "Operating Income": 124,
        "EBIT": NaN,
        "Net Income": 93
    },
    "2021-06-30": {
        "Diluted EPS": 1.21,
        "Total Revenue": 475,
        "Gross Profit": 448,
        "Operating Income": 133,
        "EBIT": NaN,
        "Net Income": 99
    },
    "2021-03-31": {
        "Diluted EPS": 1.46,
        "Total Revenue": 565,
        "Gross Profit": 523,
        "Operating Income": 162,
        "EBIT": NaN,
        "Net Income": 120
    },
    "2020-12-31": {
        "Diluted EPS": 1.34,
        "Total Revenue": 585,
        "Gross Profit": 555,
        "Operating Income": 156,
        "EBIT": NaN,
        "Net Income": 116
    },
    "2020-09-30": {
        "Diluted EPS": 1.7,
        "Total Revenue": 633,
        "Gross Profit": 605,
        "Operating Income": 206,
        "EBIT": NaN,
        "Net Income": 153
    },
    "2020-06-30": {
        "Diluted EPS": 1.42,
        "Total Revenue": 603,
        "Gross Profit": 573,
        "Operating Income": 136,
        "EBIT": NaN,
        "Net Income": 128
    },
    "2020-03-31": {
        "Diluted EPS": 0.55,
        "Total Revenue": 417,
        "Gross Profit": 382,
        "Operating Income": 66,
        "EBIT": NaN,
        "Net Income": 50
    },
    "2019-12-31": {
        "Diluted EPS": 0.55,
        "Total Revenue": 415,
        "Gross Profit": 374,
        "Operating Income": 60,
        "EBIT": NaN,
        "Net Income": 49
    },
    "2019-09-30": {
        "Diluted EPS": 0.86,
        "Total Revenue": 467,
        "Gross Profit": 419,
        "Operating Income": 98,
        "EBIT": NaN,
        "Net Income": 79
    },
    "2019-06-30": {
        "Diluted EPS": 0.62,
        "Total Revenue": 426,
        "Gross Profit": 384,
        "Operating Income": 81,
        "EBIT": NaN,
        "Net Income": 58
    },
    "2019-03-31": {
        "Diluted EPS": 0.41,
        "Total Revenue": 365,
        "Gross Profit": 324,
        "Operating Income": 45,
        "EBIT": NaN,
        "Net Income": 39
    },
    "2018-12-31": {
        "Diluted EPS": 0.3,
        "Total Revenue": 249,
        "Gross Profit": 211,
        "Operating Income": 33,
        "EBIT": NaN,
        "Net Income": 28
    },
    "2018-09-30": {
        "Diluted EPS": 0.38,
        "Total Revenue": 418,
        "Gross Profit": 380,
        "Operating Income": 45,
        "EBIT": NaN,
        "Net Income": 36
    },
    "2018-06-30": {
        "Diluted EPS": 0.35,
        "Total Revenue": 419,
        "Gross Profit": 384,
        "Operating Income": 45,
        "EBIT": NaN,
        "Net Income": 33
    },
    "2018-03-31": {
        "Diluted EPS": 0.25,
        "Total Revenue": 369,
        "Gross Profit": 339,
        "Operating Income": 32,
        "EBIT": NaN,
        "Net Income": 24
    },
    "2017-12-31": {
        "Diluted EPS": 0.15,
        "Total Revenue": 424,
        "Gross Profit": 399,
        "Operating Income": 65,
        "EBIT": NaN,
        "Net Income": 13
    },
    "2017-09-30": {
        "Diluted EPS": 0.31,
        "Total Revenue": 427,
        "Gross Profit": 403,
        "Operating Income": 48,
        "EBIT": NaN,
        "Net Income": 30
    },
    "2017-06-30": {
        "Diluted EPS": 0.63,
        "Total Revenue": 481,
        "Gross Profit": 461,
        "Operating Income": 89,
        "EBIT": NaN,
        "Net Income": 62
    },
    "2017-03-31": {
        "Diluted EPS": 0.27,
        "Total Revenue": 380,
        "Gross Profit": 364,
        "Operating Income": 41,
        "EBIT": NaN,
        "Net Income": 26
    },
    "2016-12-31": {
        "Diluted EPS": 0.35,
        "Total Revenue": 427,
        "Gross Profit": 413,
        "Operating Income": 53,
        "EBIT": NaN,
        "Net Income": 35
    },
    "2016-09-30": {
        "Diluted EPS": 0.53,
        "Total Revenue": 470,
        "Gross Profit": 454,
        "Operating Income": 86,
        "EBIT": NaN,
        "Net Income": 52
    },
    "2016-06-30": {
        "Diluted EPS": 0.32,
        "Total Revenue": 460,
        "Gross Profit": 446,
        "Operating Income": 50,
        "EBIT": NaN,
        "Net Income": 31
    },
    "2016-03-31": {
        "Diluted EPS": 0.28,
        "Total Revenue": 386,
        "Gross Profit": 371,
        "Operating Income": 43,
        "EBIT": NaN,
        "Net Income": 28
    },
    "2015-12-31": {
        "Diluted EPS": 0.21,
        "Total Revenue": 393,
        "Gross Profit": 376,
        "Operating Income": 33,
        "EBIT": NaN,
        "Net Income": 21
    },
    "2015-09-30": {
        "Diluted EPS": 0.47,
        "Total Revenue": 427,
        "Gross Profit": 412,
        "Operating Income": 73,
        "EBIT": NaN,
        "Net Income": 47
    },
    "2015-06-30": {
        "Diluted EPS": 0.3,
        "Total Revenue": 417,
        "Gross Profit": 402,
        "Operating Income": 49,
        "EBIT": NaN,
        "Net Income": 30
    },
    "2015-03-31": {
        "Diluted EPS": 1.11,
        "Total Revenue": 461,
        "Gross Profit": 446,
        "Operating Income": 129,
        "EBIT": NaN,
        "Net Income": 112
    },
    "2014-12-31": {
        "Diluted EPS": 0.35,
        "Total Revenue": 313,
        "Gross Profit": 305,
        "Operating Income": 54,
        "EBIT": NaN,
        "Net Income": 32
    },
    "2014-09-30": {
        "Diluted EPS": 0.26,
        "Total Revenue": 305,
        "Gross Profit": 298,
        "Operating Income": 39,
        "EBIT": NaN,
        "Net Income": 23
    },
    "2014-06-30": {
        "Diluted EPS": 0.3,
        "Total Revenue": 308,
        "Gross Profit": 302,
        "Operating Income": 45,
        "EBIT": NaN,
        "Net Income": 27
    },
    "2014-03-31": {
        "Diluted EPS": 0.26,
        "Total Revenue": 262,
        "Gross Profit": 256,
        "Operating Income": 40,
        "EBIT": NaN,
        "Net Income": 24
    },
    "2013-12-31": {
        "Diluted EPS": 0.34,
        "Total Revenue": 281,
        "Gross Profit": 271,
        "Operating Income": 49,
        "EBIT": NaN,
        "Net Income": 30
    },
    "2013-09-30": {
        "Diluted EPS": 0.43,
        "Total Revenue": 295,
        "Gross Profit": 287,
        "Operating Income": 60,
        "EBIT": NaN,
        "Net Income": 38
    },
    "2013-06-30": {
        "Diluted EPS": 0.24,
        "Total Revenue": 315,
        "Gross Profit": 308,
        "Operating Income": 36,
        "EBIT": NaN,
        "Net Income": 21
    },
    "2013-03-31": {
        "Diluted EPS": 0.39,
        "Total Revenue": 288,
        "Gross Profit": 281,
        "Operating Income": 53,
        "EBIT": NaN,
        "Net Income": 32
    },
    "2012-12-31": {
        "Diluted EPS": 0.15,
        "Total Revenue": 139,
        "Gross Profit": 135,
        "Operating Income": 19,
        "EBIT": NaN,
        "Net Income": 9
    },
    "2012-09-30": {
        "Diluted EPS": -0.07,
        "Total Revenue": 43,
        "Gross Profit": 41,
        "Operating Income": -6,
        "EBIT": NaN,
        "Net Income": -4
    },
    "2012-06-30": {
        "Diluted EPS": -0.19,
        "Total Revenue": 41,
        "Gross Profit": 39,
        "Operating Income": -16,
        "EBIT": NaN,
        "Net Income": -11
    },
    "2012-03-31": {
        "Diluted EPS": 0.01,
        "Total Revenue": 40,
        "Gross Profit": 38,
        "Operating Income": 1,
        "EBIT": NaN,
        "Net Income": 0
    },
    "2011-12-31": {
        "Diluted EPS": 0.09,
        "Total Revenue": 40,
        "Gross Profit": 31,
        "Operating Income": -124,
        "EBIT": NaN,
        "Net Income": 5
    },
    "2011-09-30": {
        "Diluted EPS": 0.0,
        "Total Revenue": 41,
        "Gross Profit": 39,
        "Operating Income": 39,
        "EBIT": NaN,
        "Net Income": 0
    },
    "2011-06-30": {
        "Diluted EPS": -0.23,
        "Total Revenue": 37,
        "Gross Profit": 34,
        "Operating Income": 34,
        "EBIT": NaN,
        "Net Income": -13
    },
    "2011-03-31": {
        "Diluted EPS": 0.02,
        "Total Revenue": 35,
        "Gross Profit": 33,
        "Operating Income": 33,
        "EBIT": NaN,
        "Net Income": 1
    },
    "2010-12-31": {
        "Diluted EPS": 0.02,
        "Total Revenue": 33,
        "Gross Profit": 118,
        "Operating Income": 0,
        "EBIT": NaN,
        "Net Income": 1
    },
    "2010-09-30": {
        "Diluted EPS": -0.13,
        "Total Revenue": 34,
        "Gross Profit": 3,
        "Operating Income": 1,
        "EBIT": NaN,
        "Net Income": 1
    },
    "2010-06-30": {
        "Diluted EPS": -0.09,
        "Total Revenue": 33,
        "Gross Profit": -1,
        "Operating Income": -4,
        "EBIT": NaN,
        "Net Income": -3
    },
    "2010-03-31": {
        "Diluted EPS": -0.04,
        "Total Revenue": 32,
        "Gross Profit": 3,
        "Operating Income": 1,
        "EBIT": NaN,
        "Net Income": 0
    },
    "2009-12-31": {
        "Diluted EPS": 0.01,
        "Total Revenue": 33,
        "Gross Profit": 130,
        "Operating Income": 137,
        "EBIT": NaN,
        "Net Income": 3
    },
    "2009-09-30": {
        "Diluted EPS": -0.02,
        "Total Revenue": 33,
        "Gross Profit": 5,
        "Operating Income": 3,
        "EBIT": NaN,
        "Net Income": 2
    },
    "2009-06-30": {
        "Diluted EPS": -0.19,
        "Total Revenue": 31,
        "Gross Profit": -10,
        "Operating Income": -13,
        "EBIT": NaN,
        "Net Income": -8
    },
    "2009-03-31": {
        "Diluted EPS": -0.02,
        "Total Revenue": 32,
        "Gross Profit": 4,
        "Operating Income": 2,
        "EBIT": NaN,
        "Net Income": 1
    },
    "2023-09-30": {
        "Tax Effect Of Unusual Items": NaN,
        "Tax Rate For Calcs": NaN,
        "Net Income From Continuing Operation Net Minority Interest": NaN,
        "Reconciled Depreciation": NaN,
        "Net Interest Income": NaN,
        "Interest Expense": NaN,
        "Interest Income": NaN,
        "Normalized Income": NaN,
        "Net Income From Continuing And Discontinued Operation": NaN,
        "Diluted Average Shares": 65108000.0,
        "Basic Average Shares": 65106000.0,
        "Diluted EPS": 0.57,
        "Basic EPS": 0.57,
        "Diluted NI Availto Com Stockholders": NaN,
        "Net Income Common Stockholders": NaN,
        "Net Income": NaN,
        "Minority Interests": NaN,
        "Net Income Including Noncontrolling Interests": NaN,
        "Net Income Continuous Operations": NaN,
        "Tax Provision": NaN,
        "Pretax Income": NaN,
        "Selling General And Administration": NaN,
        "General And Administrative Expense": NaN,
        "Salaries And Wages": NaN,
        "Total Revenue": NaN,
        "Operating Revenue": NaN,
        "Occupancy And Equipment": NaN,
        "Professional Expense And Contract Services Expense": NaN,
        "Other Non Interest Expense": NaN
    },
    "2023-12-31": {
        "Tax Effect Of Unusual Items": 0.0,
        "Tax Rate For Calcs": 0.187221,
        "Net Income From Continuing Operation Net Minority Interest": 28671000.0,
        "Reconciled Depreciation": 4363000.0,
        "Net Interest Income": 111225000.0,
        "Interest Expense": 105542000.0,
        "Interest Income": 216767000.0,
        "Normalized Income": 28671000.0,
        "Net Income From Continuing And Discontinued Operation": 28671000.0,
        "Diluted Average Shares": 65138000.0,
        "Basic Average Shares": 65136000.0,
        "Diluted EPS": 0.44,
        "Basic EPS": 0.44,
        "Diluted NI Availto Com Stockholders": 28671000.0,
        "Net Income Common Stockholders": 28671000.0,
        "Net Income": 28671000.0,
        "Minority Interests": -2291000.0,
        "Net Income Including Noncontrolling Interests": 30962000.0,
        "Net Income Continuous Operations": 30962000.0,
        "Tax Provision": 7132000.0,
        "Pretax Income": 38094000.0,
        "Selling General And Administration": 160390000.0,
        "General And Administrative Expense": 160390000.0,
        "Salaries And Wages": 160390000.0,
        "Total Revenue": 226481000.0,
        "Operating Revenue": 226481000.0,
        "Occupancy And Equipment": 21524000.0,
        "Professional Expense And Contract Services Expense": 13170000.0,
        "Other Non Interest Expense": -10822000.0
    },
    "2024-03-31": {
        "Tax Effect Of Unusual Items": 0.0,
        "Tax Rate For Calcs": 0.22488,
        "Net Income From Continuing Operation Net Minority Interest": 27668000.0,
        "Reconciled Depreciation": 5026000.0,
        "Net Interest Income": 103621000.0,
        "Interest Expense": 105993000.0,
        "Interest Income": 209614000.0,
        "Normalized Income": 27668000.0,
        "Net Income From Continuing And Discontinued Operation": 27668000.0,
        "Diluted Average Shares": 65214000.0,
        "Basic Average Shares": 65200000.0,
        "Diluted EPS": 0.42,
        "Basic EPS": 0.42,
        "Diluted NI Availto Com Stockholders": 27668000.0,
        "Net Income Common Stockholders": 27668000.0,
        "Net Income": 27668000.0,
        "Minority Interests": -1854000.0,
        "Net Income Including Noncontrolling Interests": 29522000.0,
        "Net Income Continuous Operations": 29522000.0,
        "Tax Provision": 8565000.0,
        "Pretax Income": 38087000.0,
        "Selling General And Administration": 165830000.0,
        "General And Administrative Expense": 165830000.0,
        "Salaries And Wages": 165830000.0,
        "Total Revenue": 285239000.0,
        "Operating Revenue": 285239000.0,
        "Occupancy And Equipment": 21912000.0,
        "Professional Expense And Contract Services Expense": 9731000.0,
        "Other Non Interest Expense": 52550000.0
    },
    "2024-06-30": {
        "Tax Effect Of Unusual Items": 0.0,
        "Tax Rate For Calcs": 0.22526,
        "Net Income From Continuing Operation Net Minority Interest": 20333000.0,
        "Reconciled Depreciation": 4311000.0,
        "Net Interest Income": 103650000.0,
        "Interest Expense": 103493000.0,
        "Interest Income": 207143000.0,
        "Normalized Income": 20333000.0,
        "Net Income From Continuing And Discontinued Operation": 20333000.0,
        "Diluted Average Shares": 65086000.0,
        "Basic Average Shares": 65085000.0,
        "Diluted EPS": 0.31,
        "Basic EPS": 0.31,
        "Diluted NI Availto Com Stockholders": 20333000.0,
        "Net Income Common Stockholders": 20333000.0,
        "Net Income": 20333000.0,
        "Minority Interests": -2566000.0,
        "Net Income Including Noncontrolling Interests": 22899000.0,
        "Net Income Continuous Operations": 22899000.0,
        "Tax Provision": 6658000.0,
        "Pretax Income": 29557000.0,
        "Selling General And Administration": 169998000.0,
        "General And Administrative Expense": 169998000.0,
        "Salaries And Wages": 169998000.0,
        "Total Revenue": 296955000.0,
        "Operating Revenue": 296955000.0,
        "Occupancy And Equipment": 21297000.0,
        "Professional Expense And Contract Services Expense": 10270000.0,
        "Other Non Interest Expense": 54899000.0
    },
    "2024-09-30": {
        "Tax Effect Of Unusual Items": 0.0,
        "Tax Rate For Calcs": 0.225,
        "Net Income From Continuing Operation Net Minority Interest": 29693000.0,
        "Reconciled Depreciation": 5760000.0,
        "Net Interest Income": 105043000.0,
        "Interest Expense": 105999000.0,
        "Interest Income": 211042000.0,
        "Normalized Income": 29693000.0,
        "Net Income From Continuing And Discontinued Operation": 29693000.0,
        "Diluted Average Shares": 64946000.0,
        "Basic Average Shares": 64928000.0,
        "Diluted EPS": 0.46,
        "Basic EPS": 0.46,
        "Diluted NI Availto Com Stockholders": 29693000.0,
        "Net Income Common Stockholders": 29693000.0,
        "Net Income": 29693000.0,
        "Minority Interests": -3212000.0,
        "Net Income Including Noncontrolling Interests": 32905000.0,
        "Net Income Continuous Operations": 32905000.0,
        "Tax Provision": 9539000.0,
        "Pretax Income": 42444000.0,
        "Selling General And Administration": 177987000.0,
        "General And Administrative Expense": 177987000.0,
        "Salaries And Wages": 177987000.0,
        "Total Revenue": 305486000.0,
        "Operating Revenue": 305486000.0,
        "Occupancy And Equipment": 22317000.0,
        "Professional Expense And Contract Services Expense": 11645000.0,
        "Other Non Interest Expense": 52363000.0
    },
    "2024-12-31": {
        "Tax Effect Of Unusual Items": 0.0,
        "Tax Rate For Calcs": 0.142294,
        "Net Income From Continuing Operation Net Minority Interest": 35519000.0,
        "Reconciled Depreciation": 4851000.0,
        "Net Interest Income": 105484000.0,
        "Interest Expense": 103106000.0,
        "Interest Income": 208590000.0,
        "Normalized Income": 35519000.0,
        "Net Income From Continuing And Discontinued Operation": 35519000.0,
        "Diluted Average Shares": 64943000.0,
        "Basic Average Shares": 64935000.0,
        "Diluted EPS": 0.55,
        "Basic EPS": 0.55,
        "Diluted NI Availto Com Stockholders": 35519000.0,
        "Net Income Common Stockholders": 35519000.0,
        "Net Income": 35519000.0,
        "Minority Interests": -2365000.0,
        "Net Income Including Noncontrolling Interests": 37884000.0,
        "Net Income Continuous Operations": 37884000.0,
        "Tax Provision": 6285000.0,
        "Pretax Income": 44169000.0,
        "Selling General And Administration": 173334000.0,
        "General And Administrative Expense": 173334000.0,
        "Salaries And Wages": 173334000.0,
        "Total Revenue": 234880000.0,
        "Operating Revenue": 234880000.0,
        "Occupancy And Equipment": 25707000.0,
        "Professional Expense And Contract Services Expense": 12791000.0,
        "Other Non Interest Expense": -17093000.0
    },
    "2025-03-31": {
        "Tax Effect Of Unusual Items": 0.0,
        "Tax Rate For Calcs": 0.227,
        "Net Income From Continuing Operation Net Minority Interest": 42116000.0,
        "Reconciled Depreciation": 4606000.0,
        "Net Interest Income": 105117000.0,
        "Interest Expense": 87682000.0,
        "Interest Income": 192799000.0,
        "Normalized Income": 42116000.0,
        "Net Income From Continuing And Discontinued Operation": 42116000.0,
        "Diluted Average Shares": 64615000.0,
        "Basic Average Shares": 64613000.0,
        "Diluted EPS": 0.65,
        "Basic EPS": 0.65,
        "Diluted NI Availto Com Stockholders": 42116000.0,
        "Net Income Common Stockholders": 42116000.0,
        "Net Income": 42116000.0,
        "Minority Interests": -2416000.0,
        "Net Income Including Noncontrolling Interests": 44532000.0,
        "Net Income Continuous Operations": 44532000.0,
        "Tax Provision": 13114000.0,
        "Pretax Income": 57646000.0,
        "Selling General And Administration": 176240000.0,
        "General And Administrative Expense": 176240000.0,
        "Salaries And Wages": 176240000.0,
        "Total Revenue": 318457000.0,
        "Operating Revenue": 318457000.0,
        "Occupancy And Equipment": 19782000.0,
        "Professional Expense And Contract Services Expense": 4114000.0,
        "Other Non Interest Expense": 51337000.0
    },
    "2025-06-30": {
        "Tax Effect Of Unusual Items": 0.0,
        "Tax Rate For Calcs": 0.234132,
        "Net Income From Continuing Operation Net Minority Interest": 36073000.0,
        "Reconciled Depreciation": 4428000.0,
        "Net Interest Income": 110674000.0,
        "Interest Expense": 86507000.0,
        "Interest Income": 197181000.0,
        "Normalized Income": 36073000.0,
        "Net Income From Continuing And Discontinued Operation": 36073000.0,
        "Diluted Average Shares": 63638000.0,
        "Basic Average Shares": 63637000.0,
        "Diluted EPS": 0.57,
        "Basic EPS": 0.57,
        "Diluted NI Availto Com Stockholders": 36073000.0,
        "Net Income Common Stockholders": 36073000.0,
        "Net Income": 36073000.0,
        "Minority Interests": -1816000.0,
        "Net Income Including Noncontrolling Interests": 37889000.0,
        "Net Income Continuous Operations": 37889000.0,
        "Tax Provision": 11583000.0,
        "Pretax Income": 49472000.0,
        "Selling General And Administration": 176410000.0,
        "General And Administrative Expense": 176410000.0,
        "Salaries And Wages": 176410000.0,
        "Total Revenue": 303308000.0,
        "Operating Revenue": 303308000.0,
        "Occupancy And Equipment": 21064000.0,
        "Professional Expense And Contract Services Expense": 10820000.0,
        "Other Non Interest Expense": 52882000.0
    }
}