{
    "2022-12-31": {
        "Tax Effect Of Unusual Items": 0.0,
        "Tax Rate For Calcs": 0.0,
        "Normalized EBITDA": -15447000.0,
        "Total Unusual Items": -757000.0,
        "Total Unusual Items Excluding Goodwill": -757000.0,
        "Net Income From Continuing Operation Net Minority Interest": -16789000.0,
        "Reconciled Depreciation": 574000.0,
        "Reconciled Cost Of Revenue": 7593000.0,
        "EBITDA": -16204000.0,
        "EBIT": -16778000.0,
        "Net Interest Income": -586000.0,
        "Interest Expense": 11000.0,
        "Interest Income": -575000.0,
        "Normalized Income": -16032000.0,
        "Net Income From Continuing And Discontinued Operation": -16789000.0,
        "Total Expenses": 15340000.0,
        "Total Operating Income As Reported": -18661000.0,
        "Diluted Average Shares": NaN,
        "Basic Average Shares": NaN,
        "Diluted EPS": NaN,
        "Basic EPS": NaN,
        "Diluted NI Availto Com Stockholders": -16789000.0,
        "Net Income Common Stockholders": -16789000.0,
        "Net Income": -16789000.0,
        "Net Income Including Noncontrolling Interests": -16789000.0,
        "Net Income Continuous Operations": -16789000.0,
        "Tax Provision": 0.0,
        "Pretax Income": -16789000.0,
        "Other Income Expense": -863000.0,
        "Earnings From Equity Interest": -106000.0,
        "Gain On Sale Of Security": 2564000.0,
        "Net Non Operating Interest Income Expense": -586000.0,
        "Interest Expense Non Operating": 11000.0,
        "Interest Income Non Operating": -575000.0,
        "Operating Income": -15340000.0,
        "Operating Expense": 7747000.0,
        "Other Operating Expenses": -881000.0,
        "Selling General And Administration": 6718000.0,
        "General And Administrative Expense": 6718000.0,
        "Other Gand A": -2864000.0,
        "Salaries And Wages": 9582000.0,
        "Gross Profit": -7593000.0,
        "Cost Of Revenue": 7593000.0,
        "Total Revenue": 0.0,
        "Operating Revenue": 0.0
    },
    "2022-09-30": {
        "Tax Effect Of Unusual Items": 0.0,
        "Tax Rate For Calcs": 0.0,
        "Normalized EBITDA": -7206000.0,
        "Total Unusual Items": 3841000.0,
        "Total Unusual Items Excluding Goodwill": 3841000.0,
        "Net Income From Continuing Operation Net Minority Interest": -3561000.0,
        "Reconciled Depreciation": 152000.0,
        "Reconciled Cost Of Revenue": NaN,
        "EBITDA": -3365000.0,
        "EBIT": -3517000.0,
        "Net Interest Income": 189000.0,
        "Interest Expense": 44000.0,
        "Interest Income": 233000.0,
        "Normalized Income": -7402000.0,
        "Net Income From Continuing And Discontinued Operation": -3561000.0,
        "Total Expenses": 7351000.0,
        "Total Operating Income As Reported": -7351000.0,
        "Diluted Average Shares": NaN,
        "Basic Average Shares": NaN,
        "Diluted EPS": NaN,
        "Basic EPS": NaN,
        "Diluted NI Availto Com Stockholders": -3561000.0,
        "Net Income Common Stockholders": -3561000.0,
        "Net Income": -3561000.0,
        "Net Income Including Noncontrolling Interests": -3561000.0,
        "Net Income Continuous Operations": -3561000.0,
        "Tax Provision": 0.0,
        "Pretax Income": -3561000.0,
        "Other Income Expense": 3601000.0,
        "Earnings From Equity Interest": -240000.0,
        "Gain On Sale Of Security": 3841000.0,
        "Net Non Operating Interest Income Expense": 189000.0,
        "Interest Expense Non Operating": 44000.0,
        "Interest Income Non Operating": 233000.0,
        "Operating Income": -7351000.0,
        "Operating Expense": 6179000.0,
        "Other Operating Expenses": NaN,
        "Selling General And Administration": 5470000.0,
        "General And Administrative Expense": 5470000.0,
        "Other Gand A": 4592000.0,
        "Salaries And Wages": 878000.0,
        "Gross Profit": NaN,
        "Cost Of Revenue": NaN,
        "Total Revenue": 0.0,
        "Operating Revenue": 0.0
    },
    "2020-12-31": {
        "Diluted EPS": 0.0,
        "Total Revenue": NaN,
        "Gross Profit": NaN,
        "Operating Income": NaN,
        "EBIT": NaN,
        "Net Income": NaN
    },
    "2020-09-30": {
        "Diluted EPS": -0.17,
        "Total Revenue": NaN,
        "Gross Profit": NaN,
        "Operating Income": 0,
        "EBIT": 0,
        "Net Income": 0
    },
    "2020-06-30": {
        "Diluted EPS": 0.0,
        "Total Revenue": NaN,
        "Gross Profit": NaN,
        "Operating Income": NaN,
        "EBIT": NaN,
        "Net Income": NaN
    },
    "2020-03-31": {
        "Diluted EPS": -0.11,
        "Total Revenue": NaN,
        "Gross Profit": NaN,
        "Operating Income": 0,
        "EBIT": 0,
        "Net Income": 0
    },
    "2019-12-31": {
        "Diluted EPS": -0.16,
        "Total Revenue": NaN,
        "Gross Profit": NaN,
        "Operating Income": 0,
        "EBIT": NaN,
        "Net Income": 0
    },
    "2019-09-30": {
        "Diluted EPS": -0.05,
        "Total Revenue": NaN,
        "Gross Profit": NaN,
        "Operating Income": 0,
        "EBIT": 0,
        "Net Income": 0
    },
    "2019-06-30": {
        "Diluted EPS": 0.0,
        "Total Revenue": NaN,
        "Gross Profit": NaN,
        "Operating Income": NaN,
        "EBIT": NaN,
        "Net Income": NaN
    },
    "2019-03-31": {
        "Diluted EPS": -0.03,
        "Total Revenue": NaN,
        "Gross Profit": NaN,
        "Operating Income": 0,
        "EBIT": 0,
        "Net Income": 0
    },
    "2018-12-31": {
        "Diluted EPS": -0.04,
        "Total Revenue": NaN,
        "Gross Profit": NaN,
        "Operating Income": 0,
        "EBIT": NaN,
        "Net Income": 0
    },
    "2018-09-30": {
        "Diluted EPS": -0.05,
        "Total Revenue": NaN,
        "Gross Profit": NaN,
        "Operating Income": 0,
        "EBIT": 0,
        "Net Income": 0
    },
    "2018-06-30": {
        "Diluted EPS": 0.0,
        "Total Revenue": NaN,
        "Gross Profit": NaN,
        "Operating Income": NaN,
        "EBIT": NaN,
        "Net Income": NaN
    },
    "2024-03-31": {
        "Tax Effect Of Unusual Items": 0.0,
        "Tax Rate For Calcs": 0.0,
        "Net Income From Continuing Operation Net Minority Interest": -5139000.0,
        "Normalized Income": -5139000.0,
        "Net Income From Continuing And Discontinued Operation": -5139000.0,
        "Diluted Average Shares": 19389468.0,
        "Basic Average Shares": 19389468.0,
        "Diluted EPS": -0.265041,
        "Basic EPS": -0.265041,
        "Diluted NI Availto Com Stockholders": -5139000.0,
        "Net Income Common Stockholders": -5139000.0,
        "Net Income": -5139000.0,
        "Net Income Including Noncontrolling Interests": -5139000.0,
        "Net Income Continuous Operations": -5139000.0,
        "Pretax Income": -5139000.0,
        "Selling General And Administration": 4260000.0,
        "Gross Profit": -54000.0,
        "Total Revenue": 0.0,
        "Operating Revenue": 0.0
    },
    "2024-06-30": {
        "Tax Effect Of Unusual Items": 0.0,
        "Tax Rate For Calcs": 0.0,
        "Net Income From Continuing Operation Net Minority Interest": -2802000.0,
        "Normalized Income": -2802000.0,
        "Net Income From Continuing And Discontinued Operation": -2802000.0,
        "Diluted Average Shares": NaN,
        "Basic Average Shares": NaN,
        "Diluted EPS": NaN,
        "Basic EPS": NaN,
        "Diluted NI Availto Com Stockholders": -2802000.0,
        "Net Income Common Stockholders": -2802000.0,
        "Net Income": -2802000.0,
        "Net Income Including Noncontrolling Interests": -2802000.0,
        "Net Income Continuous Operations": -2802000.0,
        "Pretax Income": -2770000.0,
        "Selling General And Administration": 3793000.0,
        "Gross Profit": 251000.0,
        "Total Revenue": 0.0,
        "Operating Revenue": 0.0
    }
}