{
    "2023-06-30": {
        "Tax Effect Of Unusual Items": NaN,
        "Tax Rate For Calcs": NaN,
        "Normalized EBITDA": NaN,
        "Total Unusual Items": NaN,
        "Total Unusual Items Excluding Goodwill": NaN,
        "Net Income From Continuing Operation Net Minority Interest": NaN,
        "Reconciled Depreciation": NaN,
        "Reconciled Cost Of Revenue": NaN,
        "EBITDA": NaN,
        "EBIT": NaN,
        "Net Interest Income": NaN,
        "Interest Expense": NaN,
        "Normalized Income": NaN,
        "Net Income From Continuing And Discontinued Operation": NaN,
        "Total Expenses": NaN,
        "Total Operating Income As Reported": NaN,
        "Diluted Average Shares": NaN,
        "Basic Average Shares": NaN,
        "Diluted EPS": NaN,
        "Basic EPS": NaN,
        "Diluted NI Availto Com Stockholders": NaN,
        "Net Income Common Stockholders": NaN,
        "Otherunder Preferred Stock Dividend": NaN,
        "Net Income": NaN,
        "Minority Interests": NaN,
        "Net Income Including Noncontrolling Interests": NaN,
        "Net Income Discontinuous Operations": 0.0,
        "Net Income Continuous Operations": NaN,
        "Tax Provision": NaN,
        "Pretax Income": NaN,
        "Other Income Expense": NaN,
        "Other Non Operating Income Expenses": NaN,
        "Special Income Charges": NaN,
        "Gain On Sale Of Business": NaN,
        "Net Non Operating Interest Income Expense": NaN,
        "Interest Expense Non Operating": NaN,
        "Operating Income": NaN,
        "Operating Expense": NaN,
        "Selling General And Administration": NaN,
        "Gross Profit": NaN,
        "Cost Of Revenue": NaN,
        "Total Revenue": NaN,
        "Operating Revenue": NaN
    },
    "2023-03-31": {
        "Tax Effect Of Unusual Items": NaN,
        "Tax Rate For Calcs": NaN,
        "Normalized EBITDA": NaN,
        "Total Unusual Items": NaN,
        "Total Unusual Items Excluding Goodwill": NaN,
        "Net Income From Continuing Operation Net Minority Interest": NaN,
        "Reconciled Depreciation": NaN,
        "Reconciled Cost Of Revenue": NaN,
        "EBITDA": NaN,
        "EBIT": NaN,
        "Net Interest Income": NaN,
        "Interest Expense": NaN,
        "Normalized Income": NaN,
        "Net Income From Continuing And Discontinued Operation": NaN,
        "Total Expenses": NaN,
        "Total Operating Income As Reported": NaN,
        "Diluted Average Shares": NaN,
        "Basic Average Shares": NaN,
        "Diluted EPS": NaN,
        "Basic EPS": NaN,
        "Diluted NI Availto Com Stockholders": NaN,
        "Net Income Common Stockholders": NaN,
        "Otherunder Preferred Stock Dividend": NaN,
        "Net Income": NaN,
        "Minority Interests": NaN,
        "Net Income Including Noncontrolling Interests": NaN,
        "Net Income Discontinuous Operations": 0.0,
        "Net Income Continuous Operations": NaN,
        "Tax Provision": NaN,
        "Pretax Income": NaN,
        "Other Income Expense": NaN,
        "Other Non Operating Income Expenses": NaN,
        "Special Income Charges": NaN,
        "Gain On Sale Of Business": NaN,
        "Net Non Operating Interest Income Expense": NaN,
        "Interest Expense Non Operating": NaN,
        "Operating Income": NaN,
        "Operating Expense": NaN,
        "Selling General And Administration": NaN,
        "Gross Profit": NaN,
        "Cost Of Revenue": NaN,
        "Total Revenue": NaN,
        "Operating Revenue": NaN
    },
    "2022-12-31": {
        "Tax Effect Of Unusual Items": NaN,
        "Tax Rate For Calcs": NaN,
        "Normalized EBITDA": NaN,
        "Total Unusual Items": 0.0,
        "Total Unusual Items Excluding Goodwill": 0.0,
        "Net Income From Continuing Operation Net Minority Interest": NaN,
        "Reconciled Depreciation": NaN,
        "Reconciled Cost Of Revenue": NaN,
        "EBITDA": NaN,
        "EBIT": NaN,
        "Net Interest Income": NaN,
        "Interest Expense": NaN,
        "Normalized Income": NaN,
        "Net Income From Continuing And Discontinued Operation": NaN,
        "Total Expenses": NaN,
        "Total Operating Income As Reported": NaN,
        "Diluted Average Shares": NaN,
        "Basic Average Shares": NaN,
        "Diluted EPS": NaN,
        "Basic EPS": NaN,
        "Diluted NI Availto Com Stockholders": NaN,
        "Net Income Common Stockholders": NaN,
        "Otherunder Preferred Stock Dividend": NaN,
        "Net Income": NaN,
        "Minority Interests": NaN,
        "Net Income Including Noncontrolling Interests": NaN,
        "Net Income Discontinuous Operations": -18300000.0,
        "Net Income Continuous Operations": NaN,
        "Tax Provision": NaN,
        "Pretax Income": NaN,
        "Other Income Expense": NaN,
        "Other Non Operating Income Expenses": NaN,
        "Special Income Charges": 0.0,
        "Gain On Sale Of Business": 0.0,
        "Net Non Operating Interest Income Expense": NaN,
        "Interest Expense Non Operating": NaN,
        "Operating Income": NaN,
        "Operating Expense": NaN,
        "Selling General And Administration": NaN,
        "Gross Profit": NaN,
        "Cost Of Revenue": NaN,
        "Total Revenue": NaN,
        "Operating Revenue": NaN
    },
    "2022-09-30": {
        "Tax Effect Of Unusual Items": NaN,
        "Tax Rate For Calcs": NaN,
        "Normalized EBITDA": NaN,
        "Total Unusual Items": 0.0,
        "Total Unusual Items Excluding Goodwill": 0.0,
        "Net Income From Continuing Operation Net Minority Interest": NaN,
        "Reconciled Depreciation": NaN,
        "Reconciled Cost Of Revenue": NaN,
        "EBITDA": NaN,
        "EBIT": NaN,
        "Net Interest Income": NaN,
        "Interest Expense": NaN,
        "Normalized Income": NaN,
        "Net Income From Continuing And Discontinued Operation": NaN,
        "Total Expenses": NaN,
        "Total Operating Income As Reported": NaN,
        "Diluted Average Shares": NaN,
        "Basic Average Shares": NaN,
        "Diluted EPS": NaN,
        "Basic EPS": NaN,
        "Diluted NI Availto Com Stockholders": NaN,
        "Net Income Common Stockholders": NaN,
        "Otherunder Preferred Stock Dividend": NaN,
        "Net Income": NaN,
        "Minority Interests": NaN,
        "Net Income Including Noncontrolling Interests": NaN,
        "Net Income Discontinuous Operations": NaN,
        "Net Income Continuous Operations": NaN,
        "Tax Provision": NaN,
        "Pretax Income": NaN,
        "Other Income Expense": NaN,
        "Other Non Operating Income Expenses": NaN,
        "Special Income Charges": 0.0,
        "Gain On Sale Of Business": 0.0,
        "Net Non Operating Interest Income Expense": NaN,
        "Interest Expense Non Operating": NaN,
        "Operating Income": NaN,
        "Operating Expense": NaN,
        "Selling General And Administration": NaN,
        "Gross Profit": NaN,
        "Cost Of Revenue": NaN,
        "Total Revenue": NaN,
        "Operating Revenue": NaN
    },
    "2022-06-30": {
        "Tax Effect Of Unusual Items": 0.0,
        "Tax Rate For Calcs": 0.221023,
        "Normalized EBITDA": 223400000.0,
        "Total Unusual Items": 0.0,
        "Total Unusual Items Excluding Goodwill": 0.0,
        "Net Income From Continuing Operation Net Minority Interest": 135600000.0,
        "Reconciled Depreciation": 34700000.0,
        "Reconciled Cost Of Revenue": 872800000.0,
        "EBITDA": 223400000.0,
        "EBIT": 188700000.0,
        "Net Interest Income": -12700000.0,
        "Interest Expense": 12700000.0,
        "Normalized Income": 135600000.0,
        "Net Income From Continuing And Discontinued Operation": 122000000.0,
        "Total Expenses": 1065400000.0,
        "Total Operating Income As Reported": 190600000.0,
        "Diluted Average Shares": 53900000.0,
        "Basic Average Shares": 53600000.0,
        "Diluted EPS": 2.26,
        "Basic EPS": 2.27,
        "Diluted NI Availto Com Stockholders": 122000000.0,
        "Net Income Common Stockholders": 122000000.0,
        "Otherunder Preferred Stock Dividend": 400000.0,
        "Net Income": 122000000.0,
        "Minority Interests": -1500000.0,
        "Net Income Including Noncontrolling Interests": 123500000.0,
        "Net Income Discontinuous Operations": -13600000.0,
        "Net Income Continuous Operations": 137100000.0,
        "Tax Provision": 38900000.0,
        "Pretax Income": 176000000.0,
        "Other Income Expense": -1900000.0,
        "Other Non Operating Income Expenses": -1900000.0,
        "Special Income Charges": 0.0,
        "Gain On Sale Of Business": 0.0,
        "Net Non Operating Interest Income Expense": -12700000.0,
        "Interest Expense Non Operating": 12700000.0,
        "Operating Income": 190600000.0,
        "Operating Expense": 192600000.0,
        "Selling General And Administration": 192600000.0,
        "Gross Profit": 383200000.0,
        "Cost Of Revenue": 872800000.0,
        "Total Revenue": 1256000000.0,
        "Operating Revenue": 1256000000.0
    },
    "2022-03-31": {
        "Diluted EPS": 3.31,
        "Total Revenue": NaN,
        "Gross Profit": 323,
        "Operating Income": 143,
        "EBIT": 178,
        "Net Income": 180
    },
    "2021-12-31": {
        "Diluted EPS": 2.14,
        "Total Revenue": NaN,
        "Gross Profit": 290,
        "Operating Income": 134,
        "EBIT": 171,
        "Net Income": 117
    },
    "2021-09-30": {
        "Diluted EPS": 1.98,
        "Total Revenue": NaN,
        "Gross Profit": 301,
        "Operating Income": 146,
        "EBIT": 182,
        "Net Income": 108
    },
    "2021-06-30": {
        "Diluted EPS": 1.74,
        "Total Revenue": NaN,
        "Gross Profit": 298,
        "Operating Income": 142,
        "EBIT": 180,
        "Net Income": 96
    },
    "2021-03-31": {
        "Diluted EPS": 1.42,
        "Total Revenue": 956,
        "Gross Profit": 262,
        "Operating Income": 110,
        "EBIT": 149,
        "Net Income": 77
    },
    "2020-12-31": {
        "Diluted EPS": 1.48,
        "Total Revenue": 534,
        "Gross Profit": 162,
        "Operating Income": 81,
        "EBIT": 109,
        "Net Income": 81
    },
    "2020-09-30": {
        "Diluted EPS": 1.96,
        "Total Revenue": NaN,
        "Gross Profit": 330,
        "Operating Income": 163,
        "EBIT": 202,
        "Net Income": 107
    },
    "2020-06-30": {
        "Diluted EPS": 1.62,
        "Total Revenue": 949,
        "Gross Profit": 281,
        "Operating Income": 132,
        "EBIT": 170,
        "Net Income": 88
    },
    "2020-03-31": {
        "Diluted EPS": 1.37,
        "Total Revenue": NaN,
        "Gross Profit": 314,
        "Operating Income": 119,
        "EBIT": 158,
        "Net Income": 75
    },
    "2019-12-31": {
        "Diluted EPS": 1.86,
        "Total Revenue": 459,
        "Gross Profit": 145,
        "Operating Income": 66,
        "EBIT": 93,
        "Net Income": 102
    },
    "2019-09-30": {
        "Diluted EPS": 2.38,
        "Total Revenue": NaN,
        "Gross Profit": 362,
        "Operating Income": 173,
        "EBIT": 210,
        "Net Income": 130
    },
    "2019-06-30": {
        "Diluted EPS": 1.75,
        "Total Revenue": NaN,
        "Gross Profit": 357,
        "Operating Income": 167,
        "EBIT": 204,
        "Net Income": 96
    },
    "2019-03-31": {
        "Diluted EPS": 1.32,
        "Total Revenue": NaN,
        "Gross Profit": 307,
        "Operating Income": 121,
        "EBIT": 158,
        "Net Income": 72
    },
    "2018-12-31": {
        "Diluted EPS": 1.61,
        "Total Revenue": NaN,
        "Gross Profit": 321,
        "Operating Income": 137,
        "EBIT": 172,
        "Net Income": 87
    },
    "2018-09-30": {
        "Diluted EPS": 2.06,
        "Total Revenue": NaN,
        "Gross Profit": 349,
        "Operating Income": 164,
        "EBIT": 200,
        "Net Income": 114
    },
    "2018-06-30": {
        "Diluted EPS": 1.82,
        "Total Revenue": NaN,
        "Gross Profit": 348,
        "Operating Income": 157,
        "EBIT": 194,
        "Net Income": 100
    },
    "2018-03-31": {
        "Diluted EPS": 1.05,
        "Total Revenue": 991,
        "Gross Profit": 283,
        "Operating Income": 100,
        "EBIT": 139,
        "Net Income": 58
    },
    "2017-12-31": {
        "Diluted EPS": 0.36,
        "Total Revenue": 918,
        "Gross Profit": 289,
        "Operating Income": 127,
        "EBIT": 150,
        "Net Income": 20
    },
    "2017-09-30": {
        "Diluted EPS": 1.47,
        "Total Revenue": 951,
        "Gross Profit": 308,
        "Operating Income": 150,
        "EBIT": 175,
        "Net Income": 81
    },
    "2017-06-30": {
        "Diluted EPS": 1.43,
        "Total Revenue": 948,
        "Gross Profit": 296,
        "Operating Income": 134,
        "EBIT": 160,
        "Net Income": 79
    },
    "2017-03-31": {
        "Diluted EPS": 1.13,
        "Total Revenue": 852,
        "Gross Profit": 263,
        "Operating Income": 108,
        "EBIT": 132,
        "Net Income": 63
    },
    "2016-12-31": {
        "Diluted EPS": 1.15,
        "Total Revenue": 854,
        "Gross Profit": 263,
        "Operating Income": 120,
        "EBIT": 142,
        "Net Income": 64
    },
    "2016-09-30": {
        "Diluted EPS": 1.56,
        "Total Revenue": 907,
        "Gross Profit": 289,
        "Operating Income": 136,
        "EBIT": 159,
        "Net Income": 86
    },
    "2016-06-30": {
        "Diluted EPS": 1.45,
        "Total Revenue": 909,
        "Gross Profit": 294,
        "Operating Income": 132,
        "EBIT": 155,
        "Net Income": 81
    },
    "2016-03-31": {
        "Diluted EPS": 1.08,
        "Total Revenue": 835,
        "Gross Profit": 260,
        "Operating Income": 102,
        "EBIT": 125,
        "Net Income": 61
    },
    "2015-12-31": {
        "Diluted EPS": 1.06,
        "Total Revenue": 830,
        "Gross Profit": 267,
        "Operating Income": 112,
        "EBIT": 134,
        "Net Income": 61
    },
    "2015-09-30": {
        "Diluted EPS": 1.27,
        "Total Revenue": 877,
        "Gross Profit": 290,
        "Operating Income": 131,
        "EBIT": 152,
        "Net Income": 73
    },
    "2015-06-30": {
        "Diluted EPS": 1.37,
        "Total Revenue": 874,
        "Gross Profit": 283,
        "Operating Income": 127,
        "EBIT": 148,
        "Net Income": 80
    },
    "2015-03-31": {
        "Diluted EPS": 1.07,
        "Total Revenue": 810,
        "Gross Profit": 252,
        "Operating Income": 105,
        "EBIT": 127,
        "Net Income": 62
    },
    "2014-12-31": {
        "Diluted EPS": 1.38,
        "Total Revenue": 849,
        "Gross Profit": 275,
        "Operating Income": 126,
        "EBIT": 146,
        "Net Income": 81
    },
    "2014-09-30": {
        "Diluted EPS": 1.51,
        "Total Revenue": 895,
        "Gross Profit": 296,
        "Operating Income": 143,
        "EBIT": 163,
        "Net Income": 90
    },
    "2014-06-30": {
        "Diluted EPS": 1.51,
        "Total Revenue": 856,
        "Gross Profit": 293,
        "Operating Income": 144,
        "EBIT": 164,
        "Net Income": 90
    },
    "2014-03-31": {
        "Diluted EPS": 1.08,
        "Total Revenue": 760,
        "Gross Profit": 245,
        "Operating Income": 105,
        "EBIT": 124,
        "Net Income": 64
    },
    "2013-12-31": {
        "Diluted EPS": 1.38,
        "Total Revenue": 807,
        "Gross Profit": 271,
        "Operating Income": 126,
        "EBIT": 144,
        "Net Income": 82
    },
    "2013-09-30": {
        "Diluted EPS": 1.62,
        "Total Revenue": 836,
        "Gross Profit": 291,
        "Operating Income": 152,
        "EBIT": 170,
        "Net Income": 96
    },
    "2013-06-30": {
        "Diluted EPS": 1.37,
        "Total Revenue": 801,
        "Gross Profit": 272,
        "Operating Income": 132,
        "EBIT": 149,
        "Net Income": 82
    },
    "2013-03-31": {
        "Diluted EPS": 1.1,
        "Total Revenue": 740,
        "Gross Profit": 236,
        "Operating Income": 98,
        "EBIT": 115,
        "Net Income": 66
    },
    "2012-12-31": {
        "Diluted EPS": 1.21,
        "Total Revenue": 753,
        "Gross Profit": 250,
        "Operating Income": 111,
        "EBIT": 128,
        "Net Income": 72
    },
    "2012-09-30": {
        "Diluted EPS": 1.45,
        "Total Revenue": 790,
        "Gross Profit": 269,
        "Operating Income": 135,
        "EBIT": 151,
        "Net Income": 87
    },
    "2012-06-30": {
        "Diluted EPS": 1.29,
        "Total Revenue": 778,
        "Gross Profit": 260,
        "Operating Income": 125,
        "EBIT": 141,
        "Net Income": 77
    },
    "2012-03-31": {
        "Diluted EPS": 1.05,
        "Total Revenue": 724,
        "Gross Profit": 234,
        "Operating Income": 102,
        "EBIT": 118,
        "Net Income": 63
    },
    "2011-12-31": {
        "Diluted EPS": 1.16,
        "Total Revenue": 740,
        "Gross Profit": 236,
        "Operating Income": 110,
        "EBIT": 126,
        "Net Income": 70
    },
    "2011-09-30": {
        "Diluted EPS": 1.37,
        "Total Revenue": 764,
        "Gross Profit": 252,
        "Operating Income": 125,
        "EBIT": 142,
        "Net Income": 82
    },
    "2011-06-30": {
        "Diluted EPS": 1.07,
        "Total Revenue": 709,
        "Gross Profit": 230,
        "Operating Income": 105,
        "EBIT": 122,
        "Net Income": 65
    },
    "2011-03-31": {
        "Diluted EPS": 0.82,
        "Total Revenue": 658,
        "Gross Profit": 205,
        "Operating Income": 84,
        "EBIT": 101,
        "Net Income": 50
    },
    "2010-12-31": {
        "Diluted EPS": 0.82,
        "Total Revenue": 639,
        "Gross Profit": 207,
        "Operating Income": 91,
        "EBIT": 109,
        "Net Income": 50
    },
    "2010-09-30": {
        "Diluted EPS": 1.18,
        "Total Revenue": 685,
        "Gross Profit": 235,
        "Operating Income": 118,
        "EBIT": 136,
        "Net Income": 71
    },
    "2010-06-30": {
        "Diluted EPS": 0.95,
        "Total Revenue": 646,
        "Gross Profit": 211,
        "Operating Income": 94,
        "EBIT": 112,
        "Net Income": 57
    },
    "2010-03-31": {
        "Diluted EPS": 0.64,
        "Total Revenue": 571,
        "Gross Profit": 176,
        "Operating Income": 66,
        "EBIT": 84,
        "Net Income": 38
    },
    "2009-12-31": {
        "Diluted EPS": 0.84,
        "Total Revenue": 592,
        "Gross Profit": 192,
        "Operating Income": 80,
        "EBIT": 99,
        "Net Income": 49
    },
    "2009-09-30": {
        "Diluted EPS": 1.01,
        "Total Revenue": 594,
        "Gross Profit": 193,
        "Operating Income": 91,
        "EBIT": 108,
        "Net Income": 57
    },
    "2009-06-30": {
        "Diluted EPS": 0.7,
        "Total Revenue": 584,
        "Gross Profit": 174,
        "Operating Income": 67,
        "EBIT": 84,
        "Net Income": 39
    },
    "2009-03-31": {
        "Diluted EPS": 0.6,
        "Total Revenue": 586,
        "Gross Profit": 167,
        "Operating Income": 57,
        "EBIT": 74,
        "Net Income": 34
    },
    "2023-09-30": {
        "Tax Effect Of Unusual Items": NaN,
        "Tax Rate For Calcs": NaN,
        "Normalized EBITDA": NaN,
        "Total Unusual Items": NaN,
        "Total Unusual Items Excluding Goodwill": NaN,
        "Net Income From Continuing Operation Net Minority Interest": NaN,
        "Reconciled Depreciation": NaN,
        "Reconciled Cost Of Revenue": NaN,
        "EBITDA": NaN,
        "EBIT": NaN,
        "Net Interest Income": NaN,
        "Interest Expense": NaN,
        "Normalized Income": NaN,
        "Net Income From Continuing And Discontinued Operation": NaN,
        "Total Expenses": NaN,
        "Total Operating Income As Reported": NaN,
        "Diluted Average Shares": NaN,
        "Basic Average Shares": NaN,
        "Diluted EPS": NaN,
        "Basic EPS": NaN,
        "Diluted NI Availto Com Stockholders": NaN,
        "Net Income Common Stockholders": NaN,
        "Otherunder Preferred Stock Dividend": NaN,
        "Net Income": NaN,
        "Minority Interests": NaN,
        "Net Income Including Noncontrolling Interests": NaN,
        "Net Income Discontinuous Operations": 0.0,
        "Net Income Continuous Operations": NaN,
        "Tax Provision": NaN,
        "Pretax Income": NaN,
        "Other Income Expense": NaN,
        "Other Non Operating Income Expenses": NaN,
        "Special Income Charges": NaN,
        "Gain On Sale Of Business": NaN,
        "Net Non Operating Interest Income Expense": NaN,
        "Interest Expense Non Operating": NaN,
        "Operating Income": NaN,
        "Operating Expense": NaN,
        "Selling General And Administration": NaN,
        "Gross Profit": NaN,
        "Cost Of Revenue": NaN,
        "Total Revenue": NaN,
        "Operating Revenue": NaN
    },
    "2023-12-31": {
        "Tax Effect Of Unusual Items": NaN,
        "Tax Rate For Calcs": NaN,
        "Normalized EBITDA": NaN,
        "Total Unusual Items": NaN,
        "Total Unusual Items Excluding Goodwill": NaN,
        "Net Income From Continuing Operation Net Minority Interest": NaN,
        "Reconciled Depreciation": NaN,
        "Reconciled Cost Of Revenue": NaN,
        "EBITDA": NaN,
        "EBIT": NaN,
        "Net Interest Income": NaN,
        "Interest Expense": NaN,
        "Normalized Income": NaN,
        "Net Income From Continuing And Discontinued Operation": NaN,
        "Total Expenses": NaN,
        "Total Operating Income As Reported": NaN,
        "Diluted Average Shares": NaN,
        "Basic Average Shares": NaN,
        "Diluted EPS": NaN,
        "Basic EPS": NaN,
        "Diluted NI Availto Com Stockholders": NaN,
        "Net Income Common Stockholders": NaN,
        "Otherunder Preferred Stock Dividend": NaN,
        "Net Income": NaN,
        "Minority Interests": NaN,
        "Net Income Including Noncontrolling Interests": NaN,
        "Net Income Discontinuous Operations": 0.0,
        "Net Income Continuous Operations": NaN,
        "Tax Provision": NaN,
        "Pretax Income": NaN,
        "Other Income Expense": NaN,
        "Other Non Operating Income Expenses": NaN,
        "Special Income Charges": NaN,
        "Gain On Sale Of Business": NaN,
        "Net Non Operating Interest Income Expense": NaN,
        "Interest Expense Non Operating": NaN,
        "Operating Income": NaN,
        "Operating Expense": NaN,
        "Selling General And Administration": NaN,
        "Gross Profit": NaN,
        "Cost Of Revenue": NaN,
        "Total Revenue": NaN,
        "Operating Revenue": NaN
    },
    "2024-03-31": {
        "Tax Effect Of Unusual Items": -1378000.0,
        "Tax Rate For Calcs": 0.26,
        "Normalized EBITDA": 287700000.0,
        "Total Unusual Items": -5300000.0,
        "Total Unusual Items Excluding Goodwill": -5300000.0,
        "Net Income From Continuing Operation Net Minority Interest": 147800000.0,
        "Reconciled Depreciation": 59900000.0,
        "Reconciled Cost Of Revenue": 951400000.0,
        "EBITDA": 282400000.0,
        "EBIT": 222500000.0,
        "Net Interest Income": -21100000.0,
        "Interest Expense": 21100000.0,
        "Normalized Income": 151722000.0,
        "Net Income From Continuing And Discontinued Operation": 147800000.0,
        "Total Expenses": 1170600000.0,
        "Total Operating Income As Reported": 228500000.0,
        "Diluted Average Shares": 54000000.0,
        "Basic Average Shares": 53700000.0,
        "Diluted EPS": 2.73,
        "Basic EPS": 2.75,
        "Diluted NI Availto Com Stockholders": 147500000.0,
        "Net Income Common Stockholders": 147500000.0,
        "Otherunder Preferred Stock Dividend": 300000.0,
        "Net Income": 147800000.0,
        "Minority Interests": -1300000.0,
        "Net Income Including Noncontrolling Interests": 149100000.0,
        "Net Income Discontinuous Operations": NaN,
        "Net Income Continuous Operations": 149100000.0,
        "Tax Provision": 52300000.0,
        "Pretax Income": 201400000.0,
        "Other Income Expense": -6000000.0,
        "Other Non Operating Income Expenses": -700000.0,
        "Special Income Charges": -5300000.0,
        "Gain On Sale Of Business": -5300000.0,
        "Net Non Operating Interest Income Expense": -21100000.0,
        "Interest Expense Non Operating": 21100000.0,
        "Operating Income": 228500000.0,
        "Operating Expense": 219200000.0,
        "Selling General And Administration": 219200000.0,
        "Gross Profit": 447700000.0,
        "Cost Of Revenue": 951400000.0,
        "Total Revenue": 1399100000.0,
        "Operating Revenue": 1399100000.0
    },
    "2024-06-30": {
        "Tax Effect Of Unusual Items": 0.0,
        "Tax Rate For Calcs": 0.232,
        "Normalized EBITDA": 354700000.0,
        "Total Unusual Items": 0.0,
        "Total Unusual Items Excluding Goodwill": 0.0,
        "Net Income From Continuing Operation Net Minority Interest": 217500000.0,
        "Reconciled Depreciation": 49600000.0,
        "Reconciled Cost Of Revenue": 938700000.0,
        "EBITDA": 354700000.0,
        "EBIT": 305100000.0,
        "Net Interest Income": -19800000.0,
        "Interest Expense": 19800000.0,
        "Normalized Income": 217500000.0,
        "Net Income From Continuing And Discontinued Operation": 217500000.0,
        "Total Expenses": 1146200000.0,
        "Total Operating Income As Reported": 306300000.0,
        "Diluted Average Shares": 54100000.0,
        "Basic Average Shares": 53700000.0,
        "Diluted EPS": 3.94,
        "Basic EPS": 3.97,
        "Diluted NI Availto Com Stockholders": 217100000.0,
        "Net Income Common Stockholders": 217100000.0,
        "Otherunder Preferred Stock Dividend": 400000.0,
        "Net Income": 217500000.0,
        "Minority Interests": -1600000.0,
        "Net Income Including Noncontrolling Interests": 219100000.0,
        "Net Income Continuous Operations": 219100000.0,
        "Tax Provision": 66200000.0,
        "Pretax Income": 285300000.0,
        "Other Income Expense": -1200000.0,
        "Other Non Operating Income Expenses": -1200000.0,
        "Special Income Charges": 0.0,
        "Gain On Sale Of Business": 0.0,
        "Net Non Operating Interest Income Expense": -19800000.0,
        "Interest Expense Non Operating": 19800000.0,
        "Operating Income": 306300000.0,
        "Operating Expense": 207500000.0,
        "Selling General And Administration": 207500000.0,
        "Gross Profit": 513800000.0,
        "Cost Of Revenue": 938700000.0,
        "Total Revenue": 1452500000.0,
        "Operating Revenue": 1452500000.0
    },
    "2024-09-30": {
        "Tax Effect Of Unusual Items": 0.0,
        "Tax Rate For Calcs": 0.21,
        "Normalized EBITDA": 356400000.0,
        "Total Unusual Items": 0.0,
        "Total Unusual Items Excluding Goodwill": 0.0,
        "Net Income From Continuing Operation Net Minority Interest": 226200000.0,
        "Reconciled Depreciation": 49300000.0,
        "Reconciled Cost Of Revenue": 936600000.0,
        "EBITDA": 356400000.0,
        "EBIT": 307100000.0,
        "Net Interest Income": -18700000.0,
        "Interest Expense": 18700000.0,
        "Normalized Income": 226200000.0,
        "Net Income From Continuing And Discontinued Operation": 226200000.0,
        "Total Expenses": 1129900000.0,
        "Total Operating Income As Reported": 312700000.0,
        "Diluted Average Shares": NaN,
        "Basic Average Shares": NaN,
        "Diluted EPS": NaN,
        "Basic EPS": NaN,
        "Diluted NI Availto Com Stockholders": 225800000.0,
        "Net Income Common Stockholders": 225800000.0,
        "Otherunder Preferred Stock Dividend": 400000.0,
        "Net Income": 226200000.0,
        "Minority Interests": -1600000.0,
        "Net Income Including Noncontrolling Interests": 227800000.0,
        "Net Income Continuous Operations": 227800000.0,
        "Tax Provision": 60600000.0,
        "Pretax Income": 288400000.0,
        "Other Income Expense": -5600000.0,
        "Other Non Operating Income Expenses": -5600000.0,
        "Special Income Charges": 0.0,
        "Gain On Sale Of Business": 0.0,
        "Net Non Operating Interest Income Expense": -18700000.0,
        "Interest Expense Non Operating": 18700000.0,
        "Operating Income": 312700000.0,
        "Operating Expense": 193300000.0,
        "Selling General And Administration": 193300000.0,
        "Gross Profit": 506000000.0,
        "Cost Of Revenue": 936600000.0,
        "Total Revenue": 1442600000.0,
        "Operating Revenue": 1442600000.0
    },
    "2024-12-31": {
        "Tax Effect Of Unusual Items": 0.0,
        "Tax Rate For Calcs": 0.18837,
        "Normalized EBITDA": 311700000.0,
        "Total Unusual Items": 0.0,
        "Total Unusual Items Excluding Goodwill": 0.0,
        "Net Income From Continuing Operation Net Minority Interest": 197000000.0,
        "Reconciled Depreciation": 53300000.0,
        "Reconciled Cost Of Revenue": 883700000.0,
        "EBITDA": 311700000.0,
        "EBIT": 258400000.0,
        "Net Interest Income": -14200000.0,
        "Interest Expense": 14200000.0,
        "Normalized Income": 197000000.0,
        "Net Income From Continuing And Discontinued Operation": 197000000.0,
        "Total Expenses": 1076200000.0,
        "Total Operating Income As Reported": 258100000.0,
        "Diluted Average Shares": 54000000.0,
        "Basic Average Shares": 53600000.0,
        "Diluted EPS": 3.64,
        "Basic EPS": 3.66,
        "Diluted NI Availto Com Stockholders": 196600000.0,
        "Net Income Common Stockholders": 196600000.0,
        "Otherunder Preferred Stock Dividend": 400000.0,
        "Net Income": 197000000.0,
        "Minority Interests": -1200000.0,
        "Net Income Including Noncontrolling Interests": 198200000.0,
        "Net Income Continuous Operations": 198200000.0,
        "Tax Provision": 46000000.0,
        "Pretax Income": 244200000.0,
        "Other Income Expense": 300000.0,
        "Other Non Operating Income Expenses": 300000.0,
        "Special Income Charges": 0.0,
        "Gain On Sale Of Business": 0.0,
        "Net Non Operating Interest Income Expense": -14200000.0,
        "Interest Expense Non Operating": 14200000.0,
        "Operating Income": 258100000.0,
        "Operating Expense": 192500000.0,
        "Selling General And Administration": 192500000.0,
        "Gross Profit": 450600000.0,
        "Cost Of Revenue": 883700000.0,
        "Total Revenue": 1334300000.0,
        "Operating Revenue": 1334300000.0
    },
    "2025-03-31": {
        "Tax Effect Of Unusual Items": 0.0,
        "Tax Rate For Calcs": 0.222,
        "Normalized EBITDA": 280400000.0,
        "Total Unusual Items": 0.0,
        "Total Unusual Items Excluding Goodwill": 0.0,
        "Net Income From Continuing Operation Net Minority Interest": 169700000.0,
        "Reconciled Depreciation": 46700000.0,
        "Reconciled Cost Of Revenue": 914000000.0,
        "EBITDA": 280400000.0,
        "EBIT": 233700000.0,
        "Net Interest Income": -13800000.0,
        "Interest Expense": 13800000.0,
        "Normalized Income": 169700000.0,
        "Net Income From Continuing And Discontinued Operation": 169700000.0,
        "Total Expenses": 1126200000.0,
        "Total Operating Income As Reported": 239000000.0,
        "Diluted Average Shares": 53800000.0,
        "Basic Average Shares": 53500000.0,
        "Diluted EPS": 3.15,
        "Basic EPS": 3.16,
        "Diluted NI Availto Com Stockholders": 169400000.0,
        "Net Income Common Stockholders": 169400000.0,
        "Otherunder Preferred Stock Dividend": 300000.0,
        "Net Income": 169700000.0,
        "Minority Interests": -1300000.0,
        "Net Income Including Noncontrolling Interests": 171000000.0,
        "Net Income Continuous Operations": 171000000.0,
        "Tax Provision": 48900000.0,
        "Pretax Income": 219900000.0,
        "Other Income Expense": -5300000.0,
        "Other Non Operating Income Expenses": -5300000.0,
        "Special Income Charges": 0.0,
        "Gain On Sale Of Business": 0.0,
        "Net Non Operating Interest Income Expense": -13800000.0,
        "Interest Expense Non Operating": 13800000.0,
        "Operating Income": 239000000.0,
        "Operating Expense": 212200000.0,
        "Selling General And Administration": 212200000.0,
        "Gross Profit": 451200000.0,
        "Cost Of Revenue": 914000000.0,
        "Total Revenue": 1365200000.0,
        "Operating Revenue": 1365200000.0
    },
    "2025-06-30": {
        "Tax Effect Of Unusual Items": -88400.0,
        "Tax Rate For Calcs": 0.221,
        "Normalized EBITDA": 378600000.0,
        "Total Unusual Items": -400000.0,
        "Total Unusual Items Excluding Goodwill": -400000.0,
        "Net Income From Continuing Operation Net Minority Interest": 244200000.0,
        "Reconciled Depreciation": 48500000.0,
        "Reconciled Cost Of Revenue": 932200000.0,
        "EBITDA": 378200000.0,
        "EBIT": 329700000.0,
        "Net Interest Income": -14500000.0,
        "Interest Expense": 14500000.0,
        "Normalized Income": 244511600.0,
        "Net Income From Continuing And Discontinued Operation": 244200000.0,
        "Total Expenses": 1148000000.0,
        "Total Operating Income As Reported": 336300000.0,
        "Diluted Average Shares": 53500000.0,
        "Basic Average Shares": 53200000.0,
        "Diluted EPS": 4.56,
        "Basic EPS": 4.58,
        "Diluted NI Availto Com Stockholders": 243800000.0,
        "Net Income Common Stockholders": 243800000.0,
        "Otherunder Preferred Stock Dividend": 400000.0,
        "Net Income": 244200000.0,
        "Minority Interests": -1300000.0,
        "Net Income Including Noncontrolling Interests": 245500000.0,
        "Net Income Continuous Operations": 245500000.0,
        "Tax Provision": 69700000.0,
        "Pretax Income": 315200000.0,
        "Other Income Expense": -6600000.0,
        "Other Non Operating Income Expenses": -6200000.0,
        "Special Income Charges": -400000.0,
        "Gain On Sale Of Business": -400000.0,
        "Net Non Operating Interest Income Expense": -14500000.0,
        "Interest Expense Non Operating": 14500000.0,
        "Operating Income": 336300000.0,
        "Operating Expense": 215800000.0,
        "Selling General And Administration": 215800000.0,
        "Gross Profit": 552100000.0,
        "Cost Of Revenue": 932200000.0,
        "Total Revenue": 1484300000.0,
        "Operating Revenue": 1484300000.0
    },
    "2025-09-30": {
        "Tax Effect Of Unusual Items": 0.0,
        "Tax Rate For Calcs": 0.175,
        "Normalized EBITDA": 374100000.0,
        "Total Unusual Items": 0.0,
        "Total Unusual Items Excluding Goodwill": 0.0,
        "Net Income From Continuing Operation Net Minority Interest": 255500000.0,
        "Reconciled Depreciation": 49400000.0,
        "Reconciled Cost Of Revenue": 958100000.0,
        "EBITDA": 374100000.0,
        "EBIT": 324700000.0,
        "Net Interest Income": -13600000.0,
        "Interest Expense": 13600000.0,
        "Normalized Income": 255500000.0,
        "Net Income From Continuing And Discontinued Operation": 255500000.0,
        "Total Expenses": 1171800000.0,
        "Total Operating Income As Reported": 330600000.0,
        "Diluted Average Shares": 53400000.0,
        "Basic Average Shares": 53100000.0,
        "Diluted EPS": 4.77,
        "Basic EPS": 4.8,
        "Diluted NI Availto Com Stockholders": 255100000.0,
        "Net Income Common Stockholders": 255100000.0,
        "Otherunder Preferred Stock Dividend": 400000.0,
        "Net Income": 255500000.0,
        "Minority Interests": -1200000.0,
        "Net Income Including Noncontrolling Interests": 256700000.0,
        "Net Income Continuous Operations": 256700000.0,
        "Tax Provision": 54400000.0,
        "Pretax Income": 311100000.0,
        "Other Income Expense": -5900000.0,
        "Other Non Operating Income Expenses": -5900000.0,
        "Special Income Charges": 0.0,
        "Gain On Sale Of Business": 0.0,
        "Net Non Operating Interest Income Expense": -13600000.0,
        "Interest Expense Non Operating": 13600000.0,
        "Operating Income": 330600000.0,
        "Operating Expense": 213700000.0,
        "Selling General And Administration": 213700000.0,
        "Gross Profit": 544300000.0,
        "Cost Of Revenue": 958100000.0,
        "Total Revenue": 1502400000.0,
        "Operating Revenue": 1502400000.0
    },
    "2025-12-31": {
        "Tax Effect Of Unusual Items": NaN,
        "Tax Rate For Calcs": NaN,
        "Normalized EBITDA": NaN,
        "Total Unusual Items": NaN,
        "Total Unusual Items Excluding Goodwill": NaN,
        "Net Income From Continuing Operation Net Minority Interest": NaN,
        "Reconciled Depreciation": NaN,
        "Reconciled Cost Of Revenue": NaN,
        "EBITDA": NaN,
        "EBIT": NaN,
        "Net Interest Income": NaN,
        "Interest Expense": NaN,
        "Normalized Income": NaN,
        "Net Income From Continuing And Discontinued Operation": NaN,
        "Total Expenses": NaN,
        "Total Operating Income As Reported": NaN,
        "Diluted Average Shares": 53500000.0,
        "Basic Average Shares": 53200000.0,
        "Diluted EPS": 4.19,
        "Basic EPS": 4.21,
        "Diluted NI Availto Com Stockholders": NaN,
        "Net Income Common Stockholders": NaN,
        "Otherunder Preferred Stock Dividend": NaN,
        "Net Income": NaN,
        "Minority Interests": NaN,
        "Net Income Including Noncontrolling Interests": NaN,
        "Net Income Continuous Operations": NaN,
        "Tax Provision": NaN,
        "Pretax Income": NaN,
        "Other Income Expense": NaN,
        "Other Non Operating Income Expenses": NaN,
        "Special Income Charges": NaN,
        "Gain On Sale Of Business": NaN,
        "Net Non Operating Interest Income Expense": NaN,
        "Interest Expense Non Operating": NaN,
        "Operating Income": NaN,
        "Operating Expense": NaN,
        "Selling General And Administration": NaN,
        "Gross Profit": NaN,
        "Cost Of Revenue": NaN,
        "Total Revenue": NaN,
        "Operating Revenue": NaN
    }
}