{
    "2023-06-30": {
        "Tax Effect Of Unusual Items": NaN,
        "Tax Rate For Calcs": NaN,
        "Normalized EBITDA": NaN,
        "Total Unusual Items": NaN,
        "Total Unusual Items Excluding Goodwill": NaN,
        "Net Income From Continuing Operation Net Minority Interest": NaN,
        "Reconciled Depreciation": NaN,
        "Reconciled Cost Of Revenue": NaN,
        "EBITDA": NaN,
        "EBIT": NaN,
        "Net Interest Income": NaN,
        "Interest Expense": NaN,
        "Interest Income": NaN,
        "Normalized Income": NaN,
        "Net Income From Continuing And Discontinued Operation": NaN,
        "Total Expenses": NaN,
        "Total Operating Income As Reported": NaN,
        "Diluted Average Shares": NaN,
        "Basic Average Shares": NaN,
        "Diluted EPS": NaN,
        "Basic EPS": NaN,
        "Diluted NI Availto Com Stockholders": NaN,
        "Net Income Common Stockholders": NaN,
        "Net Income": NaN,
        "Net Income Including Noncontrolling Interests": NaN,
        "Net Income Continuous Operations": NaN,
        "Tax Provision": NaN,
        "Pretax Income": NaN,
        "Other Income Expense": NaN,
        "Other Non Operating Income Expenses": NaN,
        "Special Income Charges": NaN,
        "Gain On Sale Of Ppe": NaN,
        "Net Non Operating Interest Income Expense": NaN,
        "Interest Expense Non Operating": NaN,
        "Interest Income Non Operating": NaN,
        "Operating Income": NaN,
        "Operating Expense": NaN,
        "Depreciation Amortization Depletion Income Statement": 35386000.0,
        "Depreciation And Amortization In Income Statement": 35386000.0,
        "Selling General And Administration": NaN,
        "General And Administrative Expense": NaN,
        "Other Gand A": NaN,
        "Insurance And Claims": NaN,
        "Salaries And Wages": 141823000.0,
        "Gross Profit": NaN,
        "Cost Of Revenue": NaN,
        "Total Revenue": NaN,
        "Operating Revenue": NaN
    },
    "2023-03-31": {
        "Tax Effect Of Unusual Items": NaN,
        "Tax Rate For Calcs": NaN,
        "Normalized EBITDA": NaN,
        "Total Unusual Items": NaN,
        "Total Unusual Items Excluding Goodwill": NaN,
        "Net Income From Continuing Operation Net Minority Interest": NaN,
        "Reconciled Depreciation": NaN,
        "Reconciled Cost Of Revenue": NaN,
        "EBITDA": NaN,
        "EBIT": NaN,
        "Net Interest Income": NaN,
        "Interest Expense": NaN,
        "Interest Income": NaN,
        "Normalized Income": NaN,
        "Net Income From Continuing And Discontinued Operation": NaN,
        "Total Expenses": NaN,
        "Total Operating Income As Reported": NaN,
        "Diluted Average Shares": NaN,
        "Basic Average Shares": NaN,
        "Diluted EPS": NaN,
        "Basic EPS": NaN,
        "Diluted NI Availto Com Stockholders": NaN,
        "Net Income Common Stockholders": NaN,
        "Net Income": NaN,
        "Net Income Including Noncontrolling Interests": NaN,
        "Net Income Continuous Operations": NaN,
        "Tax Provision": NaN,
        "Pretax Income": NaN,
        "Other Income Expense": NaN,
        "Other Non Operating Income Expenses": NaN,
        "Special Income Charges": NaN,
        "Gain On Sale Of Ppe": NaN,
        "Net Non Operating Interest Income Expense": NaN,
        "Interest Expense Non Operating": NaN,
        "Interest Income Non Operating": NaN,
        "Operating Income": NaN,
        "Operating Expense": NaN,
        "Depreciation Amortization Depletion Income Statement": 35449000.0,
        "Depreciation And Amortization In Income Statement": 35449000.0,
        "Selling General And Administration": NaN,
        "General And Administrative Expense": NaN,
        "Other Gand A": NaN,
        "Insurance And Claims": NaN,
        "Salaries And Wages": 137431000.0,
        "Gross Profit": NaN,
        "Cost Of Revenue": NaN,
        "Total Revenue": NaN,
        "Operating Revenue": NaN
    },
    "2022-12-31": {
        "Tax Effect Of Unusual Items": NaN,
        "Tax Rate For Calcs": NaN,
        "Normalized EBITDA": NaN,
        "Total Unusual Items": NaN,
        "Total Unusual Items Excluding Goodwill": NaN,
        "Net Income From Continuing Operation Net Minority Interest": NaN,
        "Reconciled Depreciation": NaN,
        "Reconciled Cost Of Revenue": NaN,
        "EBITDA": NaN,
        "EBIT": NaN,
        "Net Interest Income": NaN,
        "Interest Expense": NaN,
        "Interest Income": NaN,
        "Normalized Income": NaN,
        "Net Income From Continuing And Discontinued Operation": NaN,
        "Total Expenses": NaN,
        "Total Operating Income As Reported": NaN,
        "Diluted Average Shares": NaN,
        "Basic Average Shares": NaN,
        "Diluted EPS": NaN,
        "Basic EPS": NaN,
        "Diluted NI Availto Com Stockholders": NaN,
        "Net Income Common Stockholders": NaN,
        "Net Income": NaN,
        "Net Income Including Noncontrolling Interests": NaN,
        "Net Income Continuous Operations": NaN,
        "Tax Provision": NaN,
        "Pretax Income": NaN,
        "Other Income Expense": NaN,
        "Other Non Operating Income Expenses": NaN,
        "Special Income Charges": NaN,
        "Gain On Sale Of Ppe": NaN,
        "Net Non Operating Interest Income Expense": NaN,
        "Interest Expense Non Operating": NaN,
        "Interest Income Non Operating": NaN,
        "Operating Income": NaN,
        "Operating Expense": NaN,
        "Depreciation Amortization Depletion Income Statement": 12024000.0,
        "Depreciation And Amortization In Income Statement": 12024000.0,
        "Selling General And Administration": NaN,
        "General And Administrative Expense": NaN,
        "Other Gand A": NaN,
        "Insurance And Claims": NaN,
        "Salaries And Wages": 62422000.0,
        "Gross Profit": NaN,
        "Cost Of Revenue": NaN,
        "Total Revenue": NaN,
        "Operating Revenue": NaN
    },
    "2022-09-30": {
        "Tax Effect Of Unusual Items": NaN,
        "Tax Rate For Calcs": NaN,
        "Normalized EBITDA": NaN,
        "Total Unusual Items": NaN,
        "Total Unusual Items Excluding Goodwill": NaN,
        "Net Income From Continuing Operation Net Minority Interest": NaN,
        "Reconciled Depreciation": NaN,
        "Reconciled Cost Of Revenue": NaN,
        "EBITDA": NaN,
        "EBIT": NaN,
        "Net Interest Income": NaN,
        "Interest Expense": NaN,
        "Interest Income": NaN,
        "Normalized Income": NaN,
        "Net Income From Continuing And Discontinued Operation": NaN,
        "Total Expenses": NaN,
        "Total Operating Income As Reported": NaN,
        "Diluted Average Shares": NaN,
        "Basic Average Shares": NaN,
        "Diluted EPS": NaN,
        "Basic EPS": NaN,
        "Diluted NI Availto Com Stockholders": NaN,
        "Net Income Common Stockholders": NaN,
        "Net Income": NaN,
        "Net Income Including Noncontrolling Interests": NaN,
        "Net Income Continuous Operations": NaN,
        "Tax Provision": NaN,
        "Pretax Income": NaN,
        "Other Income Expense": NaN,
        "Other Non Operating Income Expenses": NaN,
        "Special Income Charges": NaN,
        "Gain On Sale Of Ppe": NaN,
        "Net Non Operating Interest Income Expense": NaN,
        "Interest Expense Non Operating": NaN,
        "Interest Income Non Operating": NaN,
        "Operating Income": NaN,
        "Operating Expense": NaN,
        "Depreciation Amortization Depletion Income Statement": 11884000.0,
        "Depreciation And Amortization In Income Statement": 11884000.0,
        "Selling General And Administration": NaN,
        "General And Administrative Expense": NaN,
        "Other Gand A": NaN,
        "Insurance And Claims": NaN,
        "Salaries And Wages": 65502000.0,
        "Gross Profit": NaN,
        "Cost Of Revenue": NaN,
        "Total Revenue": NaN,
        "Operating Revenue": NaN
    },
    "2022-06-30": {
        "Tax Effect Of Unusual Items": 0.0,
        "Tax Rate For Calcs": 0.244002,
        "Normalized EBITDA": 174172000.0,
        "Total Unusual Items": NaN,
        "Total Unusual Items Excluding Goodwill": NaN,
        "Net Income From Continuing Operation Net Minority Interest": 102846000.0,
        "Reconciled Depreciation": 36730000.0,
        "Reconciled Cost Of Revenue": 1128986000.0,
        "EBITDA": 174172000.0,
        "EBIT": 137442000.0,
        "Net Interest Income": -1402000.0,
        "Interest Expense": 1402000.0,
        "Interest Income": NaN,
        "Normalized Income": 102846000.0,
        "Net Income From Continuing And Discontinued Operation": 102846000.0,
        "Total Expenses": 1263821000.0,
        "Total Operating Income As Reported": 137636000.0,
        "Diluted Average Shares": 33935000.0,
        "Basic Average Shares": 33651000.0,
        "Diluted EPS": 3.03,
        "Basic EPS": 3.06,
        "Diluted NI Availto Com Stockholders": 102846000.0,
        "Net Income Common Stockholders": 102846000.0,
        "Net Income": 102846000.0,
        "Net Income Including Noncontrolling Interests": 102846000.0,
        "Net Income Continuous Operations": 102846000.0,
        "Tax Provision": 33194000.0,
        "Pretax Income": 136040000.0,
        "Other Income Expense": -194000.0,
        "Other Non Operating Income Expenses": -194000.0,
        "Special Income Charges": NaN,
        "Gain On Sale Of Ppe": NaN,
        "Net Non Operating Interest Income Expense": -1402000.0,
        "Interest Expense Non Operating": 1402000.0,
        "Interest Income Non Operating": NaN,
        "Operating Income": 137636000.0,
        "Operating Expense": 109202000.0,
        "Depreciation Amortization Depletion Income Statement": 11097000.0,
        "Depreciation And Amortization In Income Statement": 11097000.0,
        "Selling General And Administration": 98105000.0,
        "General And Administrative Expense": 98105000.0,
        "Other Gand A": 30064000.0,
        "Insurance And Claims": NaN,
        "Salaries And Wages": 68041000.0,
        "Gross Profit": 246838000.0,
        "Cost Of Revenue": 1154619000.0,
        "Total Revenue": 1401457000.0,
        "Operating Revenue": 1401457000.0
    },
    "2022-03-31": {
        "Diluted EPS": 2.58,
        "Total Revenue": NaN,
        "Gross Profit": 303,
        "Operating Income": 115,
        "EBIT": 150,
        "Net Income": 88
    },
    "2021-12-31": {
        "Diluted EPS": 2.49,
        "Total Revenue": NaN,
        "Gross Profit": 213,
        "Operating Income": 118,
        "EBIT": 152,
        "Net Income": 84
    },
    "2021-09-30": {
        "Diluted EPS": 1.28,
        "Total Revenue": NaN,
        "Gross Profit": 158,
        "Operating Income": 60,
        "EBIT": 92,
        "Net Income": 43
    },
    "2021-06-30": {
        "Diluted EPS": 0.78,
        "Total Revenue": 981,
        "Gross Profit": 121,
        "Operating Income": 37,
        "EBIT": 69,
        "Net Income": 27
    },
    "2021-03-31": {
        "Diluted EPS": 0.51,
        "Total Revenue": 920,
        "Gross Profit": 109,
        "Operating Income": 24,
        "EBIT": 56,
        "Net Income": 17
    },
    "2020-12-31": {
        "Diluted EPS": 0.66,
        "Total Revenue": 953,
        "Gross Profit": 106,
        "Operating Income": 31,
        "EBIT": 63,
        "Net Income": 22
    },
    "2020-09-30": {
        "Diluted EPS": 0.74,
        "Total Revenue": 925,
        "Gross Profit": 108,
        "Operating Income": 34,
        "EBIT": 64,
        "Net Income": 25
    },
    "2020-06-30": {
        "Diluted EPS": 0.39,
        "Total Revenue": 779,
        "Gross Profit": 107,
        "Operating Income": 21,
        "EBIT": 52,
        "Net Income": 13
    },
    "2020-03-31": {
        "Diluted EPS": 0.4,
        "Total Revenue": 839,
        "Gross Profit": 105,
        "Operating Income": 20,
        "EBIT": 50,
        "Net Income": 13
    },
    "2019-12-31": {
        "Diluted EPS": 0.84,
        "Total Revenue": 901,
        "Gross Profit": 126,
        "Operating Income": 39,
        "EBIT": 69,
        "Net Income": 28
    },
    "2019-09-30": {
        "Diluted EPS": 0.78,
        "Total Revenue": 913,
        "Gross Profit": 135,
        "Operating Income": 37,
        "EBIT": 67,
        "Net Income": 26
    },
    "2019-06-30": {
        "Diluted EPS": 0.87,
        "Total Revenue": 921,
        "Gross Profit": 133,
        "Operating Income": 41,
        "EBIT": 69,
        "Net Income": 29
    },
    "2019-03-31": {
        "Diluted EPS": 0.71,
        "Total Revenue": 933,
        "Gross Profit": 127,
        "Operating Income": 36,
        "EBIT": 64,
        "Net Income": 24
    },
    "2018-12-31": {
        "Diluted EPS": 1.46,
        "Total Revenue": NaN,
        "Gross Profit": 139,
        "Operating Income": 48,
        "EBIT": 73,
        "Net Income": 49
    },
    "2018-09-30": {
        "Diluted EPS": 3.41,
        "Total Revenue": 933,
        "Gross Profit": 115,
        "Operating Income": 35,
        "EBIT": 56,
        "Net Income": 115
    },
    "2018-06-30": {
        "Diluted EPS": 0.66,
        "Total Revenue": 895,
        "Gross Profit": 101,
        "Operating Income": 25,
        "EBIT": 45,
        "Net Income": 22
    },
    "2018-03-31": {
        "Diluted EPS": 0.48,
        "Total Revenue": 837,
        "Gross Profit": 91,
        "Operating Income": 17,
        "EBIT": 35,
        "Net Income": 16
    },
    "2017-12-31": {
        "Diluted EPS": 2.99,
        "Total Revenue": 482,
        "Gross Profit": 48,
        "Operating Income": 23,
        "EBIT": 42,
        "Net Income": 100
    },
    "2017-09-30": {
        "Diluted EPS": 0.46,
        "Total Revenue": 825,
        "Gross Profit": 86,
        "Operating Income": 16,
        "EBIT": 34,
        "Net Income": 15
    },
    "2017-06-30": {
        "Diluted EPS": 0.29,
        "Total Revenue": 924,
        "Gross Profit": 101,
        "Operating Income": 17,
        "EBIT": 29,
        "Net Income": 10
    },
    "2017-03-31": {
        "Diluted EPS": 0.31,
        "Total Revenue": 893,
        "Gross Profit": 102,
        "Operating Income": 17,
        "EBIT": 30,
        "Net Income": 10
    },
    "2016-12-31": {
        "Diluted EPS": 0.54,
        "Total Revenue": 156,
        "Gross Profit": -3,
        "Operating Income": 4,
        "EBIT": 16,
        "Net Income": 18
    },
    "2016-09-30": {
        "Diluted EPS": 0.54,
        "Total Revenue": 933,
        "Gross Profit": 111,
        "Operating Income": 30,
        "EBIT": 41,
        "Net Income": 18
    },
    "2016-06-30": {
        "Diluted EPS": 0.61,
        "Total Revenue": 856,
        "Gross Profit": 114,
        "Operating Income": 34,
        "EBIT": 45,
        "Net Income": 21
    },
    "2016-03-31": {
        "Diluted EPS": 0.51,
        "Total Revenue": 806,
        "Gross Profit": 108,
        "Operating Income": 29,
        "EBIT": 39,
        "Net Income": 18
    },
    "2015-12-31": {
        "Diluted EPS": 0.63,
        "Total Revenue": 890,
        "Gross Profit": 117,
        "Operating Income": 35,
        "EBIT": 46,
        "Net Income": 22
    },
    "2015-09-30": {
        "Diluted EPS": 0.55,
        "Total Revenue": 900,
        "Gross Profit": 105,
        "Operating Income": 33,
        "EBIT": 43,
        "Net Income": 20
    },
    "2015-06-30": {
        "Diluted EPS": 0.51,
        "Total Revenue": 900,
        "Gross Profit": 102,
        "Operating Income": 29,
        "EBIT": 38,
        "Net Income": 18
    },
    "2015-03-31": {
        "Diluted EPS": 0.28,
        "Total Revenue": 836,
        "Gross Profit": 89,
        "Operating Income": 19,
        "EBIT": 28,
        "Net Income": 10
    },
    "2014-12-31": {
        "Diluted EPS": 0.44,
        "Total Revenue": 915,
        "Gross Profit": 90,
        "Operating Income": 25,
        "EBIT": 33,
        "Net Income": 16
    },
    "2014-09-30": {
        "Diluted EPS": 0.12,
        "Total Revenue": 913,
        "Gross Profit": 93,
        "Operating Income": 8,
        "EBIT": 15,
        "Net Income": 4
    },
    "2014-06-30": {
        "Diluted EPS": 0.51,
        "Total Revenue": 894,
        "Gross Profit": 99,
        "Operating Income": 31,
        "EBIT": 38,
        "Net Income": 19
    },
    "2014-03-31": {
        "Diluted EPS": 0.33,
        "Total Revenue": 848,
        "Gross Profit": 89,
        "Operating Income": 20,
        "EBIT": 27,
        "Net Income": 12
    },
    "2013-12-31": {
        "Diluted EPS": 0.45,
        "Total Revenue": 885,
        "Gross Profit": 95,
        "Operating Income": 27,
        "EBIT": 33,
        "Net Income": 17
    },
    "2013-09-30": {
        "Diluted EPS": 0.5,
        "Total Revenue": 883,
        "Gross Profit": 93,
        "Operating Income": 31,
        "EBIT": 37,
        "Net Income": 19
    },
    "2013-06-30": {
        "Diluted EPS": 0.5,
        "Total Revenue": 837,
        "Gross Profit": 95,
        "Operating Income": 30,
        "EBIT": 35,
        "Net Income": 19
    },
    "2013-03-31": {
        "Diluted EPS": 0.42,
        "Total Revenue": 769,
        "Gross Profit": 87,
        "Operating Income": 25,
        "EBIT": 30,
        "Net Income": 15
    },
    "2012-12-31": {
        "Diluted EPS": 0.5,
        "Total Revenue": 801,
        "Gross Profit": 93,
        "Operating Income": 32,
        "EBIT": 37,
        "Net Income": 19
    },
    "2012-09-30": {
        "Diluted EPS": 0.5,
        "Total Revenue": 805,
        "Gross Profit": 92,
        "Operating Income": 30,
        "EBIT": 36,
        "Net Income": 18
    },
    "2012-06-30": {
        "Diluted EPS": 0.46,
        "Total Revenue": 778,
        "Gross Profit": 87,
        "Operating Income": 28,
        "EBIT": 33,
        "Net Income": 17
    },
    "2012-03-31": {
        "Diluted EPS": 0.37,
        "Total Revenue": 740,
        "Gross Profit": 84,
        "Operating Income": 23,
        "EBIT": 28,
        "Net Income": 14
    },
    "2011-12-31": {
        "Diluted EPS": 0.46,
        "Total Revenue": 763,
        "Gross Profit": 84,
        "Operating Income": 27,
        "EBIT": 33,
        "Net Income": 17
    },
    "2011-09-30": {
        "Diluted EPS": 0.44,
        "Total Revenue": 752,
        "Gross Profit": 87,
        "Operating Income": 27,
        "EBIT": 31,
        "Net Income": 16
    },
    "2011-06-30": {
        "Diluted EPS": 0.39,
        "Total Revenue": 751,
        "Gross Profit": 85,
        "Operating Income": 24,
        "EBIT": 28,
        "Net Income": 14
    },
    "2011-03-31": {
        "Diluted EPS": 0.28,
        "Total Revenue": 485,
        "Gross Profit": 57,
        "Operating Income": 17,
        "EBIT": 19,
        "Net Income": 10
    },
    "2010-12-31": {
        "Diluted EPS": 0.33,
        "Total Revenue": 480,
        "Gross Profit": 57,
        "Operating Income": 19,
        "EBIT": 22,
        "Net Income": 13
    },
    "2010-09-30": {
        "Diluted EPS": 0.34,
        "Total Revenue": 478,
        "Gross Profit": 57,
        "Operating Income": 21,
        "EBIT": 23,
        "Net Income": 13
    },
    "2010-06-30": {
        "Diluted EPS": 0.26,
        "Total Revenue": 458,
        "Gross Profit": 51,
        "Operating Income": 16,
        "EBIT": 18,
        "Net Income": 10
    },
    "2010-03-31": {
        "Diluted EPS": 0.23,
        "Total Revenue": 417,
        "Gross Profit": 49,
        "Operating Income": 14,
        "EBIT": 16,
        "Net Income": 9
    },
    "2009-12-31": {
        "Diluted EPS": 0.26,
        "Total Revenue": 408,
        "Gross Profit": 47,
        "Operating Income": 16,
        "EBIT": 17,
        "Net Income": 10
    },
    "2009-09-30": {
        "Diluted EPS": 0.26,
        "Total Revenue": 389,
        "Gross Profit": 48,
        "Operating Income": 16,
        "EBIT": 18,
        "Net Income": 10
    },
    "2009-06-30": {
        "Diluted EPS": 0.22,
        "Total Revenue": 363,
        "Gross Profit": 46,
        "Operating Income": 13,
        "EBIT": 16,
        "Net Income": 8
    },
    "2009-03-31": {
        "Diluted EPS": 0.17,
        "Total Revenue": 352,
        "Gross Profit": 45,
        "Operating Income": 11,
        "EBIT": 13,
        "Net Income": 6
    },
    "2023-09-30": {
        "Tax Effect Of Unusual Items": NaN,
        "Tax Rate For Calcs": NaN,
        "Normalized EBITDA": NaN,
        "Total Unusual Items": NaN,
        "Total Unusual Items Excluding Goodwill": NaN,
        "Net Income From Continuing Operation Net Minority Interest": NaN,
        "Reconciled Depreciation": NaN,
        "Reconciled Cost Of Revenue": NaN,
        "EBITDA": NaN,
        "EBIT": NaN,
        "Net Interest Income": NaN,
        "Interest Expense": NaN,
        "Interest Income": NaN,
        "Normalized Income": NaN,
        "Net Income From Continuing And Discontinued Operation": NaN,
        "Total Expenses": NaN,
        "Total Operating Income As Reported": NaN,
        "Diluted Average Shares": 62986000.0,
        "Basic Average Shares": 62278000.0,
        "Diluted EPS": 0.48,
        "Basic EPS": 0.49,
        "Diluted NI Availto Com Stockholders": NaN,
        "Net Income Common Stockholders": NaN,
        "Net Income": NaN,
        "Net Income Including Noncontrolling Interests": NaN,
        "Net Income Continuous Operations": NaN,
        "Tax Provision": NaN,
        "Pretax Income": NaN,
        "Other Income Expense": NaN,
        "Other Non Operating Income Expenses": NaN,
        "Special Income Charges": NaN,
        "Gain On Sale Of Ppe": NaN,
        "Net Non Operating Interest Income Expense": NaN,
        "Interest Expense Non Operating": NaN,
        "Interest Income Non Operating": NaN,
        "Operating Income": NaN,
        "Operating Expense": NaN,
        "Selling General And Administration": NaN,
        "General And Administrative Expense": NaN,
        "Other Gand A": NaN,
        "Insurance And Claims": NaN,
        "Gross Profit": NaN,
        "Cost Of Revenue": NaN,
        "Total Revenue": NaN,
        "Operating Revenue": NaN
    },
    "2023-12-31": {
        "Tax Effect Of Unusual Items": 41176.47849,
        "Tax Rate For Calcs": 0.033314,
        "Normalized EBITDA": 80027000.0,
        "Total Unusual Items": 1236000.0,
        "Total Unusual Items Excluding Goodwill": 1236000.0,
        "Net Income From Continuing Operation Net Minority Interest": 28785000.0,
        "Reconciled Depreciation": 47674000.0,
        "Reconciled Cost Of Revenue": 771075000.0,
        "EBITDA": 81263000.0,
        "EBIT": 33589000.0,
        "Net Interest Income": -103000.0,
        "Interest Expense": 3812000.0,
        "Interest Income": 3709000.0,
        "Normalized Income": 27590176.47849,
        "Net Income From Continuing And Discontinued Operation": 28785000.0,
        "Total Expenses": 956857000.0,
        "Total Operating Income As Reported": 29402000.0,
        "Diluted Average Shares": 62562000.0,
        "Basic Average Shares": 61850000.0,
        "Diluted EPS": 0.46,
        "Basic EPS": 0.47,
        "Diluted NI Availto Com Stockholders": 28785000.0,
        "Net Income Common Stockholders": 28785000.0,
        "Net Income": 28785000.0,
        "Net Income Including Noncontrolling Interests": 28785000.0,
        "Net Income Continuous Operations": 28785000.0,
        "Tax Provision": 992000.0,
        "Pretax Income": 29777000.0,
        "Other Income Expense": 1714000.0,
        "Other Non Operating Income Expenses": 478000.0,
        "Special Income Charges": 1236000.0,
        "Gain On Sale Of Ppe": 1236000.0,
        "Net Non Operating Interest Income Expense": -103000.0,
        "Interest Expense Non Operating": 3812000.0,
        "Interest Income Non Operating": 3709000.0,
        "Operating Income": 28166000.0,
        "Operating Expense": 185782000.0,
        "Selling General And Administration": 42259000.0,
        "General And Administrative Expense": 42259000.0,
        "Other Gand A": 29260000.0,
        "Insurance And Claims": 12999000.0,
        "Gross Profit": 213948000.0,
        "Cost Of Revenue": 771075000.0,
        "Total Revenue": 985023000.0,
        "Operating Revenue": 985023000.0
    },
    "2024-03-31": {
        "Tax Effect Of Unusual Items": NaN,
        "Tax Rate For Calcs": NaN,
        "Normalized EBITDA": NaN,
        "Total Unusual Items": NaN,
        "Total Unusual Items Excluding Goodwill": NaN,
        "Net Income From Continuing Operation Net Minority Interest": NaN,
        "Reconciled Depreciation": NaN,
        "Reconciled Cost Of Revenue": NaN,
        "EBITDA": NaN,
        "EBIT": NaN,
        "Net Interest Income": NaN,
        "Interest Expense": NaN,
        "Interest Income": NaN,
        "Normalized Income": NaN,
        "Net Income From Continuing And Discontinued Operation": NaN,
        "Total Expenses": NaN,
        "Total Operating Income As Reported": NaN,
        "Diluted Average Shares": NaN,
        "Basic Average Shares": NaN,
        "Diluted EPS": NaN,
        "Basic EPS": NaN,
        "Diluted NI Availto Com Stockholders": NaN,
        "Net Income Common Stockholders": NaN,
        "Net Income": NaN,
        "Minority Interests": 0.0,
        "Net Income Including Noncontrolling Interests": NaN,
        "Net Income Continuous Operations": NaN,
        "Tax Provision": NaN,
        "Pretax Income": NaN,
        "Other Income Expense": NaN,
        "Other Non Operating Income Expenses": NaN,
        "Special Income Charges": NaN,
        "Gain On Sale Of Ppe": NaN,
        "Net Non Operating Interest Income Expense": NaN,
        "Interest Expense Non Operating": NaN,
        "Interest Income Non Operating": NaN,
        "Operating Income": NaN,
        "Operating Expense": NaN,
        "Selling General And Administration": NaN,
        "General And Administrative Expense": NaN,
        "Other Gand A": NaN,
        "Insurance And Claims": NaN,
        "Gross Profit": NaN,
        "Cost Of Revenue": NaN,
        "Total Revenue": NaN,
        "Operating Revenue": NaN
    },
    "2024-06-30": {
        "Tax Effect Of Unusual Items": 94136.877678,
        "Tax Rate For Calcs": 0.227934,
        "Normalized EBITDA": 90352000.0,
        "Total Unusual Items": 413000.0,
        "Total Unusual Items Excluding Goodwill": 413000.0,
        "Net Income From Continuing Operation Net Minority Interest": 29015000.0,
        "Reconciled Depreciation": 49495000.0,
        "Reconciled Cost Of Revenue": 906864000.0,
        "EBITDA": 90765000.0,
        "EBIT": 41270000.0,
        "Net Interest Income": -1881000.0,
        "Interest Expense": 3689000.0,
        "Interest Income": 1808000.0,
        "Normalized Income": 28696136.877678,
        "Net Income From Continuing And Discontinued Operation": 29015000.0,
        "Total Expenses": 947380000.0,
        "Total Operating Income As Reported": 39528000.0,
        "Diluted Average Shares": 61108000.0,
        "Basic Average Shares": 60710000.0,
        "Diluted EPS": 0.47,
        "Basic EPS": 0.48,
        "Diluted NI Availto Com Stockholders": 29015000.0,
        "Net Income Common Stockholders": 29015000.0,
        "Net Income": 29015000.0,
        "Minority Interests": 0.0,
        "Net Income Including Noncontrolling Interests": 29015000.0,
        "Net Income Continuous Operations": 29015000.0,
        "Tax Provision": 8566000.0,
        "Pretax Income": 37581000.0,
        "Other Income Expense": 347000.0,
        "Other Non Operating Income Expenses": -66000.0,
        "Special Income Charges": 413000.0,
        "Gain On Sale Of Ppe": 413000.0,
        "Net Non Operating Interest Income Expense": -1881000.0,
        "Interest Expense Non Operating": 3689000.0,
        "Interest Income Non Operating": 1808000.0,
        "Operating Income": 39115000.0,
        "Operating Expense": 40516000.0,
        "Selling General And Administration": 40516000.0,
        "General And Administrative Expense": 40516000.0,
        "Other Gand A": 27877000.0,
        "Insurance And Claims": 12639000.0,
        "Gross Profit": 79631000.0,
        "Cost Of Revenue": 906864000.0,
        "Total Revenue": 986495000.0,
        "Operating Revenue": 986495000.0
    },
    "2024-09-30": {
        "Tax Effect Of Unusual Items": 99064.0,
        "Tax Rate For Calcs": 0.232,
        "Normalized EBITDA": 80272000.0,
        "Total Unusual Items": 427000.0,
        "Total Unusual Items Excluding Goodwill": 427000.0,
        "Net Income From Continuing Operation Net Minority Interest": 23603000.0,
        "Reconciled Depreciation": 46374000.0,
        "Reconciled Cost Of Revenue": 915329000.0,
        "EBITDA": 80699000.0,
        "EBIT": 34325000.0,
        "Net Interest Income": -1333000.0,
        "Interest Expense": 3582000.0,
        "Interest Income": 2249000.0,
        "Normalized Income": 23275064.0,
        "Net Income From Continuing And Discontinued Operation": 23603000.0,
        "Total Expenses": 955220000.0,
        "Total Operating Income As Reported": 32099000.0,
        "Diluted Average Shares": 60949000.0,
        "Basic Average Shares": 60374000.0,
        "Diluted EPS": 0.39,
        "Basic EPS": 0.39,
        "Diluted NI Availto Com Stockholders": 23603000.0,
        "Net Income Common Stockholders": 23603000.0,
        "Net Income": 23603000.0,
        "Minority Interests": NaN,
        "Net Income Including Noncontrolling Interests": 23603000.0,
        "Net Income Continuous Operations": 23603000.0,
        "Tax Provision": 7140000.0,
        "Pretax Income": 30743000.0,
        "Other Income Expense": 404000.0,
        "Other Non Operating Income Expenses": -23000.0,
        "Special Income Charges": 427000.0,
        "Gain On Sale Of Ppe": 427000.0,
        "Net Non Operating Interest Income Expense": -1333000.0,
        "Interest Expense Non Operating": 3582000.0,
        "Interest Income Non Operating": 2249000.0,
        "Operating Income": 31672000.0,
        "Operating Expense": 39891000.0,
        "Selling General And Administration": 39891000.0,
        "General And Administrative Expense": 39891000.0,
        "Other Gand A": 29674000.0,
        "Insurance And Claims": 10217000.0,
        "Gross Profit": 71563000.0,
        "Cost Of Revenue": 915329000.0,
        "Total Revenue": 986892000.0,
        "Operating Revenue": 986892000.0
    },
    "2024-12-31": {
        "Tax Effect Of Unusual Items": -11404.314661,
        "Tax Rate For Calcs": 0.181021,
        "Normalized EBITDA": 80204000.0,
        "Total Unusual Items": -63000.0,
        "Total Unusual Items Excluding Goodwill": -63000.0,
        "Net Income From Continuing Operation Net Minority Interest": 24372000.0,
        "Reconciled Depreciation": 47088000.0,
        "Reconciled Cost Of Revenue": 762834000.0,
        "EBITDA": 80141000.0,
        "EBIT": 33053000.0,
        "Net Interest Income": -1858000.0,
        "Interest Expense": 3294000.0,
        "Interest Income": 1436000.0,
        "Normalized Income": 24423595.685339,
        "Net Income From Continuing And Discontinued Operation": 24372000.0,
        "Total Expenses": 941922000.0,
        "Total Operating Income As Reported": 31525000.0,
        "Diluted Average Shares": 60694000.0,
        "Basic Average Shares": 60081000.0,
        "Diluted EPS": 0.4,
        "Basic EPS": 0.4,
        "Diluted NI Availto Com Stockholders": 24372000.0,
        "Net Income Common Stockholders": 24372000.0,
        "Net Income": 24372000.0,
        "Minority Interests": NaN,
        "Net Income Including Noncontrolling Interests": 24372000.0,
        "Net Income Continuous Operations": 24372000.0,
        "Tax Provision": 5387000.0,
        "Pretax Income": 29759000.0,
        "Other Income Expense": 29000.0,
        "Other Non Operating Income Expenses": 92000.0,
        "Special Income Charges": -63000.0,
        "Gain On Sale Of Ppe": -63000.0,
        "Net Non Operating Interest Income Expense": -1858000.0,
        "Interest Expense Non Operating": 3294000.0,
        "Interest Income Non Operating": 1436000.0,
        "Operating Income": 31588000.0,
        "Operating Expense": 179088000.0,
        "Selling General And Administration": 37619000.0,
        "General And Administrative Expense": 37619000.0,
        "Other Gand A": 28913000.0,
        "Insurance And Claims": 8706000.0,
        "Gross Profit": 210676000.0,
        "Cost Of Revenue": 762834000.0,
        "Total Revenue": 973510000.0,
        "Operating Revenue": 973510000.0
    },
    "2025-03-31": {
        "Tax Effect Of Unusual Items": 15405.0,
        "Tax Rate For Calcs": 0.237,
        "Normalized EBITDA": 85868000.0,
        "Total Unusual Items": 65000.0,
        "Total Unusual Items Excluding Goodwill": 65000.0,
        "Net Income From Continuing Operation Net Minority Interest": 26847000.0,
        "Reconciled Depreciation": 47046000.0,
        "Reconciled Cost Of Revenue": 839915000.0,
        "EBITDA": 85933000.0,
        "EBIT": 38887000.0,
        "Net Interest Income": -1992000.0,
        "Interest Expense": 3246000.0,
        "Interest Income": 1254000.0,
        "Normalized Income": 26797405.0,
        "Net Income From Continuing And Discontinued Operation": 26847000.0,
        "Total Expenses": 877943000.0,
        "Total Operating Income As Reported": 37338000.0,
        "Diluted Average Shares": 60420000.0,
        "Basic Average Shares": 60190000.0,
        "Diluted EPS": 0.44,
        "Basic EPS": 0.45,
        "Diluted NI Availto Com Stockholders": 26847000.0,
        "Net Income Common Stockholders": 26847000.0,
        "Net Income": 26847000.0,
        "Minority Interests": -347000.0,
        "Net Income Including Noncontrolling Interests": 27194000.0,
        "Net Income Continuous Operations": 27194000.0,
        "Tax Provision": 8447000.0,
        "Pretax Income": 35641000.0,
        "Other Income Expense": 360000.0,
        "Other Non Operating Income Expenses": 295000.0,
        "Special Income Charges": 65000.0,
        "Gain On Sale Of Ppe": 65000.0,
        "Net Non Operating Interest Income Expense": -1992000.0,
        "Interest Expense Non Operating": 3246000.0,
        "Interest Income Non Operating": 1254000.0,
        "Operating Income": 37273000.0,
        "Operating Expense": 38028000.0,
        "Selling General And Administration": 38028000.0,
        "General And Administrative Expense": 38028000.0,
        "Other Gand A": 27146000.0,
        "Insurance And Claims": 10882000.0,
        "Gross Profit": 75301000.0,
        "Cost Of Revenue": 839915000.0,
        "Total Revenue": 915216000.0,
        "Operating Revenue": 915216000.0
    },
    "2025-06-30": {
        "Tax Effect Of Unusual Items": -31234.406775,
        "Tax Rate For Calcs": 0.240265,
        "Normalized EBITDA": 83627000.0,
        "Total Unusual Items": -130000.0,
        "Total Unusual Items Excluding Goodwill": -130000.0,
        "Net Income From Continuing Operation Net Minority Interest": 25247000.0,
        "Reconciled Depreciation": 47402000.0,
        "Reconciled Cost Of Revenue": 831601000.0,
        "EBITDA": 83497000.0,
        "EBIT": 36095000.0,
        "Net Interest Income": -2129000.0,
        "Interest Expense": 3148000.0,
        "Interest Income": 1019000.0,
        "Normalized Income": 25345765.593225,
        "Net Income From Continuing And Discontinued Operation": 25247000.0,
        "Total Expenses": 871170000.0,
        "Total Operating Income As Reported": 34348000.0,
        "Diluted Average Shares": 60210000.0,
        "Basic Average Shares": 60002000.0,
        "Diluted EPS": 0.42,
        "Basic EPS": 0.42,
        "Diluted NI Availto Com Stockholders": 25247000.0,
        "Net Income Common Stockholders": 25247000.0,
        "Net Income": 25247000.0,
        "Minority Interests": 216000.0,
        "Net Income Including Noncontrolling Interests": 25031000.0,
        "Net Income Continuous Operations": 25031000.0,
        "Tax Provision": 7916000.0,
        "Pretax Income": 32947000.0,
        "Other Income Expense": 598000.0,
        "Other Non Operating Income Expenses": 728000.0,
        "Special Income Charges": -130000.0,
        "Gain On Sale Of Ppe": -130000.0,
        "Net Non Operating Interest Income Expense": -2129000.0,
        "Interest Expense Non Operating": 3148000.0,
        "Interest Income Non Operating": 1019000.0,
        "Operating Income": 34478000.0,
        "Operating Expense": 39569000.0,
        "Selling General And Administration": 39569000.0,
        "General And Administrative Expense": 39569000.0,
        "Other Gand A": 28925000.0,
        "Insurance And Claims": 10644000.0,
        "Gross Profit": 74047000.0,
        "Cost Of Revenue": 831601000.0,
        "Total Revenue": 905648000.0,
        "Operating Revenue": 905648000.0
    }
}