{
    "2023-06-30": {
        "Tax Effect Of Unusual Items": NaN,
        "Tax Rate For Calcs": NaN,
        "Normalized EBITDA": NaN,
        "Total Unusual Items": NaN,
        "Total Unusual Items Excluding Goodwill": NaN,
        "Net Income From Continuing Operation Net Minority Interest": NaN,
        "Reconciled Depreciation": NaN,
        "Reconciled Cost Of Revenue": NaN,
        "EBITDA": NaN,
        "EBIT": NaN,
        "Net Interest Income": NaN,
        "Normalized Income": NaN,
        "Net Income From Continuing And Discontinued Operation": NaN,
        "Total Expenses": NaN,
        "Total Operating Income As Reported": NaN,
        "Diluted Average Shares": NaN,
        "Basic Average Shares": NaN,
        "Diluted EPS": NaN,
        "Basic EPS": NaN,
        "Diluted NI Availto Com Stockholders": NaN,
        "Net Income Common Stockholders": NaN,
        "Net Income": NaN,
        "Net Income Including Noncontrolling Interests": NaN,
        "Net Income Continuous Operations": NaN,
        "Tax Provision": NaN,
        "Pretax Income": NaN,
        "Other Income Expense": NaN,
        "Other Non Operating Income Expenses": NaN,
        "Special Income Charges": NaN,
        "Restructuring And Mergern Acquisition": NaN,
        "Net Non Operating Interest Income Expense": NaN,
        "Total Other Finance Cost": NaN,
        "Operating Income": NaN,
        "Operating Expense": NaN,
        "Other Operating Expenses": -623000.0,
        "Depreciation Amortization Depletion Income Statement": NaN,
        "Depreciation And Amortization In Income Statement": NaN,
        "Depreciation Income Statement": NaN,
        "Selling General And Administration": NaN,
        "Gross Profit": NaN,
        "Cost Of Revenue": NaN,
        "Total Revenue": NaN,
        "Operating Revenue": NaN
    },
    "2023-03-31": {
        "Tax Effect Of Unusual Items": NaN,
        "Tax Rate For Calcs": NaN,
        "Normalized EBITDA": NaN,
        "Total Unusual Items": NaN,
        "Total Unusual Items Excluding Goodwill": NaN,
        "Net Income From Continuing Operation Net Minority Interest": NaN,
        "Reconciled Depreciation": NaN,
        "Reconciled Cost Of Revenue": NaN,
        "EBITDA": NaN,
        "EBIT": NaN,
        "Net Interest Income": NaN,
        "Normalized Income": NaN,
        "Net Income From Continuing And Discontinued Operation": NaN,
        "Total Expenses": NaN,
        "Total Operating Income As Reported": NaN,
        "Diluted Average Shares": NaN,
        "Basic Average Shares": NaN,
        "Diluted EPS": NaN,
        "Basic EPS": NaN,
        "Diluted NI Availto Com Stockholders": NaN,
        "Net Income Common Stockholders": NaN,
        "Net Income": NaN,
        "Net Income Including Noncontrolling Interests": NaN,
        "Net Income Continuous Operations": NaN,
        "Tax Provision": NaN,
        "Pretax Income": NaN,
        "Other Income Expense": NaN,
        "Other Non Operating Income Expenses": NaN,
        "Special Income Charges": NaN,
        "Restructuring And Mergern Acquisition": NaN,
        "Net Non Operating Interest Income Expense": NaN,
        "Total Other Finance Cost": NaN,
        "Operating Income": NaN,
        "Operating Expense": NaN,
        "Other Operating Expenses": NaN,
        "Depreciation Amortization Depletion Income Statement": NaN,
        "Depreciation And Amortization In Income Statement": NaN,
        "Depreciation Income Statement": 6374000.0,
        "Selling General And Administration": NaN,
        "Gross Profit": NaN,
        "Cost Of Revenue": NaN,
        "Total Revenue": NaN,
        "Operating Revenue": NaN
    },
    "2022-12-31": {
        "Tax Effect Of Unusual Items": -1332244.672657,
        "Tax Rate For Calcs": 0.268977,
        "Normalized EBITDA": 42186000.0,
        "Total Unusual Items": -4953000.0,
        "Total Unusual Items Excluding Goodwill": -4953000.0,
        "Net Income From Continuing Operation Net Minority Interest": 17084000.0,
        "Reconciled Depreciation": 6781000.0,
        "Reconciled Cost Of Revenue": 223455000.0,
        "EBITDA": 37233000.0,
        "EBIT": 30452000.0,
        "Net Interest Income": -4130000.0,
        "Normalized Income": 20704755.327343,
        "Net Income From Continuing And Discontinued Operation": 17084000.0,
        "Total Expenses": 290731000.0,
        "Total Operating Income As Reported": 25499000.0,
        "Diluted Average Shares": 20159000.0,
        "Basic Average Shares": 19470000.0,
        "Diluted EPS": 0.85,
        "Basic EPS": 0.88,
        "Diluted NI Availto Com Stockholders": 17084000.0,
        "Net Income Common Stockholders": 17084000.0,
        "Net Income": 17084000.0,
        "Net Income Including Noncontrolling Interests": 17084000.0,
        "Net Income Continuous Operations": 17084000.0,
        "Tax Provision": 6286000.0,
        "Pretax Income": 23370000.0,
        "Other Income Expense": -2952000.0,
        "Other Non Operating Income Expenses": 2001000.0,
        "Special Income Charges": -4953000.0,
        "Restructuring And Mergern Acquisition": 4953000.0,
        "Net Non Operating Interest Income Expense": -4130000.0,
        "Total Other Finance Cost": 4130000.0,
        "Operating Income": 30452000.0,
        "Operating Expense": 67276000.0,
        "Depreciation Amortization Depletion Income Statement": 6781000.0,
        "Depreciation And Amortization In Income Statement": 6781000.0,
        "Selling General And Administration": 60495000.0,
        "Gross Profit": 97728000.0,
        "Cost Of Revenue": 223455000.0,
        "Total Revenue": 321183000.0,
        "Operating Revenue": 313711000.0
    },
    "2022-09-30": {
        "Tax Effect Of Unusual Items": -402264.0,
        "Tax Rate For Calcs": 0.302,
        "Normalized EBITDA": 38775000.0,
        "Total Unusual Items": -1332000.0,
        "Total Unusual Items Excluding Goodwill": -1332000.0,
        "Net Income From Continuing Operation Net Minority Interest": 17741000.0,
        "Reconciled Depreciation": 6812000.0,
        "Reconciled Cost Of Revenue": 200285000.0,
        "EBITDA": 37443000.0,
        "EBIT": 30631000.0,
        "Net Interest Income": -3111000.0,
        "Normalized Income": 18670736.0,
        "Net Income From Continuing And Discontinued Operation": 17741000.0,
        "Total Expenses": 261555000.0,
        "Total Operating Income As Reported": 29299000.0,
        "Diluted Average Shares": 20615000.0,
        "Basic Average Shares": 20109000.0,
        "Diluted EPS": 0.86,
        "Basic EPS": 0.88,
        "Diluted NI Availto Com Stockholders": 17741000.0,
        "Net Income Common Stockholders": 17741000.0,
        "Net Income": 17741000.0,
        "Net Income Including Noncontrolling Interests": 17741000.0,
        "Net Income Continuous Operations": 17741000.0,
        "Tax Provision": 7662000.0,
        "Pretax Income": 25403000.0,
        "Other Income Expense": -2117000.0,
        "Other Non Operating Income Expenses": -785000.0,
        "Special Income Charges": -1332000.0,
        "Restructuring And Mergern Acquisition": 1332000.0,
        "Net Non Operating Interest Income Expense": -3111000.0,
        "Total Other Finance Cost": 3111000.0,
        "Operating Income": 30631000.0,
        "Operating Expense": 61270000.0,
        "Depreciation Amortization Depletion Income Statement": 6812000.0,
        "Depreciation And Amortization In Income Statement": 6812000.0,
        "Depreciation Income Statement": NaN,
        "Selling General And Administration": 54458000.0,
        "Gross Profit": 91901000.0,
        "Cost Of Revenue": 200285000.0,
        "Total Revenue": 292186000.0,
        "Operating Revenue": 285370000.0
    },
    "2022-06-30": {
        "Tax Effect Of Unusual Items": -744840.0,
        "Tax Rate For Calcs": 0.36,
        "Normalized EBITDA": 40044000.0,
        "Total Unusual Items": -2069000.0,
        "Total Unusual Items Excluding Goodwill": -2069000.0,
        "Net Income From Continuing Operation Net Minority Interest": 13875000.0,
        "Reconciled Depreciation": 6902000.0,
        "Reconciled Cost Of Revenue": 196809000.0,
        "EBITDA": 37975000.0,
        "EBIT": 31073000.0,
        "Net Interest Income": -2446000.0,
        "Normalized Income": 15199160.0,
        "Net Income From Continuing And Discontinued Operation": 13875000.0,
        "Total Expenses": 249744000.0,
        "Total Operating Income As Reported": 29004000.0,
        "Diluted Average Shares": 20967000.0,
        "Basic Average Shares": 20582000.0,
        "Diluted EPS": 0.66,
        "Basic EPS": 0.67,
        "Diluted NI Availto Com Stockholders": 13875000.0,
        "Net Income Common Stockholders": 13875000.0,
        "Net Income": 13875000.0,
        "Net Income Including Noncontrolling Interests": 13875000.0,
        "Net Income Continuous Operations": 13875000.0,
        "Tax Provision": 7802000.0,
        "Pretax Income": 21677000.0,
        "Other Income Expense": -6950000.0,
        "Other Non Operating Income Expenses": -4881000.0,
        "Special Income Charges": -2069000.0,
        "Restructuring And Mergern Acquisition": 2069000.0,
        "Net Non Operating Interest Income Expense": -2446000.0,
        "Total Other Finance Cost": 2446000.0,
        "Operating Income": 31073000.0,
        "Operating Expense": 52935000.0,
        "Depreciation Amortization Depletion Income Statement": 6902000.0,
        "Depreciation And Amortization In Income Statement": 6902000.0,
        "Depreciation Income Statement": NaN,
        "Selling General And Administration": 46033000.0,
        "Gross Profit": 84008000.0,
        "Cost Of Revenue": 196809000.0,
        "Total Revenue": 280817000.0,
        "Operating Revenue": 273325000.0
    },
    "2022-03-31": {
        "Diluted EPS": 1.27,
        "Total Revenue": 265,
        "Gross Profit": 73,
        "Operating Income": 16,
        "EBIT": 23,
        "Net Income": 27
    },
    "2021-12-31": {
        "Diluted EPS": 1.42,
        "Total Revenue": 261,
        "Gross Profit": 75,
        "Operating Income": 10,
        "EBIT": 17,
        "Net Income": 31
    },
    "2021-09-30": {
        "Diluted EPS": 0.64,
        "Total Revenue": 228,
        "Gross Profit": 70,
        "Operating Income": 18,
        "EBIT": 25,
        "Net Income": 14
    },
    "2021-06-30": {
        "Diluted EPS": 0.59,
        "Total Revenue": 233,
        "Gross Profit": 69,
        "Operating Income": 16,
        "EBIT": 23,
        "Net Income": 13
    },
    "2021-03-31": {
        "Diluted EPS": 0.24,
        "Total Revenue": 205,
        "Gross Profit": 55,
        "Operating Income": 8,
        "EBIT": 15,
        "Net Income": 5
    },
    "2020-12-31": {
        "Diluted EPS": -0.26,
        "Total Revenue": 200,
        "Gross Profit": 61,
        "Operating Income": -13,
        "EBIT": -5,
        "Net Income": -6
    },
    "2020-09-30": {
        "Diluted EPS": 0.5,
        "Total Revenue": 208,
        "Gross Profit": 58,
        "Operating Income": 14,
        "EBIT": 21,
        "Net Income": 11
    },
    "2020-06-30": {
        "Diluted EPS": 0.61,
        "Total Revenue": 221,
        "Gross Profit": 67,
        "Operating Income": 16,
        "EBIT": 24,
        "Net Income": 14
    },
    "2020-03-31": {
        "Diluted EPS": -1.94,
        "Total Revenue": 242,
        "Gross Profit": 65,
        "Operating Income": -46,
        "EBIT": 22,
        "Net Income": -42
    },
    "2019-12-31": {
        "Diluted EPS": 0.62,
        "Total Revenue": 255,
        "Gross Profit": 77,
        "Operating Income": 18,
        "EBIT": 28,
        "Net Income": 14
    },
    "2019-09-30": {
        "Diluted EPS": 0.61,
        "Total Revenue": 243,
        "Gross Profit": 75,
        "Operating Income": 21,
        "EBIT": 32,
        "Net Income": 14
    },
    "2019-06-30": {
        "Diluted EPS": 0.47,
        "Total Revenue": 244,
        "Gross Profit": 78,
        "Operating Income": 18,
        "EBIT": 29,
        "Net Income": 10
    },
    "2019-03-31": {
        "Diluted EPS": 0.15,
        "Total Revenue": 223,
        "Gross Profit": 65,
        "Operating Income": 7,
        "EBIT": 18,
        "Net Income": 3
    },
    "2018-12-31": {
        "Diluted EPS": 0.14,
        "Total Revenue": 229,
        "Gross Profit": 72,
        "Operating Income": 17,
        "EBIT": 29,
        "Net Income": 3
    },
    "2018-09-30": {
        "Diluted EPS": 0.38,
        "Total Revenue": 220,
        "Gross Profit": 69,
        "Operating Income": 14,
        "EBIT": 26,
        "Net Income": 8
    },
    "2018-06-30": {
        "Diluted EPS": 0.25,
        "Total Revenue": 218,
        "Gross Profit": 69,
        "Operating Income": 19,
        "EBIT": 32,
        "Net Income": 5
    },
    "2018-03-31": {
        "Diluted EPS": -0.15,
        "Total Revenue": 211,
        "Gross Profit": 60,
        "Operating Income": 2,
        "EBIT": 15,
        "Net Income": -3
    },
    "2017-12-31": {
        "Diluted EPS": -1.39,
        "Total Revenue": 205,
        "Gross Profit": 72,
        "Operating Income": -27,
        "EBIT": 31,
        "Net Income": -30
    },
    "2017-09-30": {
        "Diluted EPS": 0.2,
        "Total Revenue": 194,
        "Gross Profit": 60,
        "Operating Income": 6,
        "EBIT": 22,
        "Net Income": 4
    },
    "2017-06-30": {
        "Diluted EPS": -6.99,
        "Total Revenue": 202,
        "Gross Profit": 65,
        "Operating Income": -201,
        "EBIT": 24,
        "Net Income": -150
    },
    "2017-03-31": {
        "Diluted EPS": 0.25,
        "Total Revenue": 206,
        "Gross Profit": 70,
        "Operating Income": 14,
        "EBIT": 29,
        "Net Income": 5
    },
    "2016-12-31": {
        "Diluted EPS": 0.2,
        "Total Revenue": 195,
        "Gross Profit": 60,
        "Operating Income": 8,
        "EBIT": 23,
        "Net Income": 4
    },
    "2016-09-30": {
        "Diluted EPS": 0.57,
        "Total Revenue": 202,
        "Gross Profit": 71,
        "Operating Income": 23,
        "EBIT": 38,
        "Net Income": 12
    },
    "2016-06-30": {
        "Diluted EPS": 0.71,
        "Total Revenue": 203,
        "Gross Profit": 77,
        "Operating Income": 28,
        "EBIT": 42,
        "Net Income": 15
    },
    "2016-03-31": {
        "Diluted EPS": 0.28,
        "Total Revenue": 197,
        "Gross Profit": 65,
        "Operating Income": 14,
        "EBIT": 28,
        "Net Income": 6
    },
    "2015-12-31": {
        "Diluted EPS": 0.85,
        "Total Revenue": 202,
        "Gross Profit": 76,
        "Operating Income": 37,
        "EBIT": 59,
        "Net Income": 19
    },
    "2015-09-30": {
        "Diluted EPS": 0.86,
        "Total Revenue": 192,
        "Gross Profit": 76,
        "Operating Income": 30,
        "EBIT": 46,
        "Net Income": 19
    },
    "2015-06-30": {
        "Diluted EPS": 0.83,
        "Total Revenue": 205,
        "Gross Profit": 78,
        "Operating Income": 29,
        "EBIT": 45,
        "Net Income": 19
    },
    "2015-03-31": {
        "Diluted EPS": 0.07,
        "Total Revenue": 171,
        "Gross Profit": 50,
        "Operating Income": 8,
        "EBIT": 21,
        "Net Income": 2
    },
    "2014-12-31": {
        "Diluted EPS": 0.58,
        "Total Revenue": 24,
        "Gross Profit": 2,
        "Operating Income": -9,
        "EBIT": 2,
        "Net Income": 13
    },
    "2014-09-30": {
        "Diluted EPS": 0.53,
        "Total Revenue": 217,
        "Gross Profit": 67,
        "Operating Income": 21,
        "EBIT": 30,
        "Net Income": 12
    },
    "2014-06-30": {
        "Diluted EPS": 0.86,
        "Total Revenue": 231,
        "Gross Profit": 84,
        "Operating Income": 34,
        "EBIT": 42,
        "Net Income": 20
    },
    "2014-03-31": {
        "Diluted EPS": 1.48,
        "Total Revenue": 230,
        "Gross Profit": 86,
        "Operating Income": 42,
        "EBIT": 49,
        "Net Income": 34
    },
    "2013-12-31": {
        "Diluted EPS": 0.98,
        "Total Revenue": 43,
        "Gross Profit": 20,
        "Operating Income": 7,
        "EBIT": 14,
        "Net Income": 22
    },
    "2013-09-30": {
        "Diluted EPS": 0.75,
        "Total Revenue": 192,
        "Gross Profit": 68,
        "Operating Income": 31,
        "EBIT": 38,
        "Net Income": 17
    },
    "2013-06-30": {
        "Diluted EPS": 0.69,
        "Total Revenue": 189,
        "Gross Profit": 67,
        "Operating Income": 31,
        "EBIT": 36,
        "Net Income": 16
    },
    "2013-03-31": {
        "Diluted EPS": 0.5,
        "Total Revenue": 179,
        "Gross Profit": 57,
        "Operating Income": 21,
        "EBIT": 27,
        "Net Income": 11
    },
    "2012-12-31": {
        "Diluted EPS": 0.83,
        "Total Revenue": 195,
        "Gross Profit": 70,
        "Operating Income": 35,
        "EBIT": 42,
        "Net Income": 19
    },
    "2012-09-30": {
        "Diluted EPS": 0.47,
        "Total Revenue": 175,
        "Gross Profit": 73,
        "Operating Income": 21,
        "EBIT": 40,
        "Net Income": 10
    },
    "2012-06-30": {
        "Diluted EPS": 0.29,
        "Total Revenue": 159,
        "Gross Profit": 53,
        "Operating Income": 15,
        "EBIT": 21,
        "Net Income": 7
    },
    "2012-03-31": {
        "Diluted EPS": 0.04,
        "Total Revenue": 152,
        "Gross Profit": 42,
        "Operating Income": 4,
        "EBIT": 10,
        "Net Income": 1
    },
    "2011-12-31": {
        "Diluted EPS": 0.3,
        "Total Revenue": 176,
        "Gross Profit": 59,
        "Operating Income": 19,
        "EBIT": 25,
        "Net Income": 7
    },
    "2011-09-30": {
        "Diluted EPS": 0.02,
        "Total Revenue": 167,
        "Gross Profit": 61,
        "Operating Income": 4,
        "EBIT": 34,
        "Net Income": 0
    },
    "2011-06-30": {
        "Diluted EPS": 0.44,
        "Total Revenue": 166,
        "Gross Profit": 62,
        "Operating Income": 22,
        "EBIT": 28,
        "Net Income": 9
    },
    "2011-03-31": {
        "Diluted EPS": 0.19,
        "Total Revenue": 149,
        "Gross Profit": 48,
        "Operating Income": 11,
        "EBIT": 17,
        "Net Income": 4
    },
    "2010-12-31": {
        "Diluted EPS": -0.18,
        "Total Revenue": 113,
        "Gross Profit": 45,
        "Operating Income": -7,
        "EBIT": -1,
        "Net Income": -4
    },
    "2010-09-30": {
        "Diluted EPS": 0.36,
        "Total Revenue": 158,
        "Gross Profit": 58,
        "Operating Income": 25,
        "EBIT": 30,
        "Net Income": 7
    },
    "2010-06-30": {
        "Diluted EPS": 0.11,
        "Total Revenue": 148,
        "Gross Profit": 53,
        "Operating Income": 10,
        "EBIT": 15,
        "Net Income": 2
    },
    "2010-03-31": {
        "Diluted EPS": 0.12,
        "Total Revenue": 139,
        "Gross Profit": 43,
        "Operating Income": 7,
        "EBIT": 13,
        "Net Income": 3
    },
    "2009-12-31": {
        "Diluted EPS": 0.74,
        "Total Revenue": 76,
        "Gross Profit": 42,
        "Operating Income": 68,
        "EBIT": 79,
        "Net Income": 14
    },
    "2009-09-30": {
        "Diluted EPS": -3.16,
        "Total Revenue": 162,
        "Gross Profit": 58,
        "Operating Income": -58,
        "EBIT": 55,
        "Net Income": -64
    },
    "2009-06-30": {
        "Diluted EPS": 0.47,
        "Total Revenue": 167,
        "Gross Profit": 55,
        "Operating Income": 15,
        "EBIT": 22,
        "Net Income": 10
    },
    "2009-03-31": {
        "Diluted EPS": 0.35,
        "Total Revenue": 165,
        "Gross Profit": 55,
        "Operating Income": 14,
        "EBIT": 22,
        "Net Income": 7
    },
    "2023-09-30": {
        "Tax Effect Of Unusual Items": NaN,
        "Tax Rate For Calcs": NaN,
        "Normalized EBITDA": NaN,
        "Total Unusual Items": NaN,
        "Total Unusual Items Excluding Goodwill": NaN,
        "Net Income From Continuing Operation Net Minority Interest": NaN,
        "Reconciled Depreciation": NaN,
        "Reconciled Cost Of Revenue": NaN,
        "EBITDA": NaN,
        "EBIT": NaN,
        "Net Interest Income": NaN,
        "Normalized Income": NaN,
        "Net Income From Continuing And Discontinued Operation": NaN,
        "Total Expenses": NaN,
        "Total Operating Income As Reported": NaN,
        "Diluted Average Shares": NaN,
        "Basic Average Shares": NaN,
        "Diluted EPS": NaN,
        "Basic EPS": NaN,
        "Diluted NI Availto Com Stockholders": NaN,
        "Net Income Common Stockholders": NaN,
        "Net Income": NaN,
        "Net Income Including Noncontrolling Interests": NaN,
        "Net Income Continuous Operations": NaN,
        "Tax Provision": NaN,
        "Pretax Income": NaN,
        "Other Income Expense": NaN,
        "Other Non Operating Income Expenses": NaN,
        "Special Income Charges": NaN,
        "Restructuring And Mergern Acquisition": NaN,
        "Net Non Operating Interest Income Expense": NaN,
        "Total Other Finance Cost": NaN,
        "Operating Income": NaN,
        "Operating Expense": NaN,
        "Other Operating Expenses": -14000.0,
        "Depreciation Amortization Depletion Income Statement": NaN,
        "Depreciation And Amortization In Income Statement": NaN,
        "Depreciation Income Statement": NaN,
        "Selling General And Administration": NaN,
        "Gross Profit": NaN,
        "Cost Of Revenue": NaN,
        "Total Revenue": NaN,
        "Operating Revenue": NaN
    },
    "2023-12-31": {
        "Tax Effect Of Unusual Items": NaN,
        "Tax Rate For Calcs": NaN,
        "Normalized EBITDA": NaN,
        "Total Unusual Items": NaN,
        "Total Unusual Items Excluding Goodwill": NaN,
        "Net Income From Continuing Operation Net Minority Interest": NaN,
        "Reconciled Depreciation": NaN,
        "Reconciled Cost Of Revenue": NaN,
        "EBITDA": NaN,
        "EBIT": NaN,
        "Net Interest Income": NaN,
        "Normalized Income": NaN,
        "Net Income From Continuing And Discontinued Operation": NaN,
        "Total Expenses": NaN,
        "Total Operating Income As Reported": NaN,
        "Diluted Average Shares": 19389000.0,
        "Basic Average Shares": 18510000.0,
        "Diluted EPS": 0.15,
        "Basic EPS": 0.15,
        "Diluted NI Availto Com Stockholders": NaN,
        "Net Income Common Stockholders": NaN,
        "Net Income": NaN,
        "Net Income Including Noncontrolling Interests": NaN,
        "Net Income Continuous Operations": NaN,
        "Tax Provision": NaN,
        "Pretax Income": NaN,
        "Other Income Expense": NaN,
        "Other Non Operating Income Expenses": NaN,
        "Special Income Charges": NaN,
        "Restructuring And Mergern Acquisition": NaN,
        "Net Non Operating Interest Income Expense": NaN,
        "Total Other Finance Cost": NaN,
        "Operating Income": NaN,
        "Operating Expense": NaN,
        "Other Operating Expenses": NaN,
        "Depreciation Amortization Depletion Income Statement": NaN,
        "Depreciation And Amortization In Income Statement": NaN,
        "Depreciation Income Statement": NaN,
        "Selling General And Administration": NaN,
        "Gross Profit": NaN,
        "Cost Of Revenue": NaN,
        "Total Revenue": NaN,
        "Operating Revenue": NaN
    },
    "2024-03-31": {
        "Tax Effect Of Unusual Items": NaN,
        "Tax Rate For Calcs": NaN,
        "Normalized EBITDA": NaN,
        "Total Unusual Items": NaN,
        "Total Unusual Items Excluding Goodwill": NaN,
        "Net Income From Continuing Operation Net Minority Interest": NaN,
        "Reconciled Depreciation": NaN,
        "Reconciled Cost Of Revenue": NaN,
        "EBITDA": NaN,
        "EBIT": NaN,
        "Net Interest Income": NaN,
        "Normalized Income": NaN,
        "Net Income From Continuing And Discontinued Operation": NaN,
        "Total Expenses": NaN,
        "Total Operating Income As Reported": NaN,
        "Diluted Average Shares": NaN,
        "Basic Average Shares": NaN,
        "Diluted EPS": NaN,
        "Basic EPS": NaN,
        "Diluted NI Availto Com Stockholders": NaN,
        "Net Income Common Stockholders": NaN,
        "Net Income": NaN,
        "Net Income Including Noncontrolling Interests": NaN,
        "Net Income Continuous Operations": NaN,
        "Tax Provision": NaN,
        "Pretax Income": NaN,
        "Other Income Expense": NaN,
        "Other Non Operating Income Expenses": NaN,
        "Special Income Charges": NaN,
        "Restructuring And Mergern Acquisition": NaN,
        "Net Non Operating Interest Income Expense": NaN,
        "Total Other Finance Cost": NaN,
        "Operating Income": NaN,
        "Operating Expense": NaN,
        "Other Operating Expenses": 1568000.0,
        "Depreciation Amortization Depletion Income Statement": NaN,
        "Depreciation And Amortization In Income Statement": NaN,
        "Depreciation Income Statement": 5972000.0,
        "Selling General And Administration": NaN,
        "Gross Profit": NaN,
        "Cost Of Revenue": NaN,
        "Total Revenue": NaN,
        "Operating Revenue": NaN
    },
    "2024-06-30": {
        "Tax Effect Of Unusual Items": -577736.0,
        "Tax Rate For Calcs": 0.281,
        "Normalized EBITDA": 69548000.0,
        "Total Unusual Items": -2056000.0,
        "Total Unusual Items Excluding Goodwill": -2056000.0,
        "Net Income From Continuing Operation Net Minority Interest": 37482000.0,
        "Reconciled Depreciation": 6033000.0,
        "Reconciled Cost Of Revenue": 258032000.0,
        "EBITDA": 67492000.0,
        "EBIT": 61459000.0,
        "Net Interest Income": -7954000.0,
        "Normalized Income": 38960264.0,
        "Net Income From Continuing And Discontinued Operation": 37482000.0,
        "Total Expenses": 319558000.0,
        "Total Operating Income As Reported": 59403000.0,
        "Diluted Average Shares": 18454000.0,
        "Basic Average Shares": 17887000.0,
        "Diluted EPS": 2.03,
        "Basic EPS": 2.1,
        "Diluted NI Availto Com Stockholders": 37482000.0,
        "Net Income Common Stockholders": 37482000.0,
        "Net Income": 37482000.0,
        "Net Income Including Noncontrolling Interests": 37482000.0,
        "Net Income Continuous Operations": 37482000.0,
        "Tax Provision": 14613000.0,
        "Pretax Income": 52095000.0,
        "Other Income Expense": -1410000.0,
        "Other Non Operating Income Expenses": 646000.0,
        "Special Income Charges": -2056000.0,
        "Restructuring And Mergern Acquisition": 2056000.0,
        "Net Non Operating Interest Income Expense": -7954000.0,
        "Total Other Finance Cost": 7954000.0,
        "Operating Income": 61459000.0,
        "Operating Expense": 61526000.0,
        "Other Operating Expenses": -15917000.0,
        "Depreciation Amortization Depletion Income Statement": 6033000.0,
        "Depreciation And Amortization In Income Statement": 6033000.0,
        "Depreciation Income Statement": NaN,
        "Selling General And Administration": 71410000.0,
        "Gross Profit": 122985000.0,
        "Cost Of Revenue": 258032000.0,
        "Total Revenue": 381017000.0,
        "Operating Revenue": 371654000.0
    },
    "2024-09-30": {
        "Tax Effect Of Unusual Items": -872086.0,
        "Tax Rate For Calcs": 0.278,
        "Normalized EBITDA": 55040000.0,
        "Total Unusual Items": -3137000.0,
        "Total Unusual Items Excluding Goodwill": -3137000.0,
        "Net Income From Continuing Operation Net Minority Interest": 27149000.0,
        "Reconciled Depreciation": 6321000.0,
        "Reconciled Cost Of Revenue": 255984000.0,
        "EBITDA": 51903000.0,
        "EBIT": 45582000.0,
        "Net Interest Income": -6800000.0,
        "Normalized Income": 29413914.0,
        "Net Income From Continuing And Discontinued Operation": 27149000.0,
        "Total Expenses": 332507000.0,
        "Total Operating Income As Reported": 42445000.0,
        "Diluted Average Shares": 18471000.0,
        "Basic Average Shares": 17754000.0,
        "Diluted EPS": 1.47,
        "Basic EPS": 1.53,
        "Diluted NI Availto Com Stockholders": 27149000.0,
        "Net Income Common Stockholders": 27149000.0,
        "Net Income": 27149000.0,
        "Net Income Including Noncontrolling Interests": 27149000.0,
        "Net Income Continuous Operations": 27149000.0,
        "Tax Provision": 10432000.0,
        "Pretax Income": 37581000.0,
        "Other Income Expense": -1201000.0,
        "Other Non Operating Income Expenses": 1936000.0,
        "Special Income Charges": -3137000.0,
        "Restructuring And Mergern Acquisition": 3137000.0,
        "Net Non Operating Interest Income Expense": -6800000.0,
        "Total Other Finance Cost": 6800000.0,
        "Operating Income": 45582000.0,
        "Operating Expense": 76523000.0,
        "Other Operating Expenses": -173000.0,
        "Depreciation Amortization Depletion Income Statement": 6321000.0,
        "Depreciation And Amortization In Income Statement": 6321000.0,
        "Depreciation Income Statement": NaN,
        "Selling General And Administration": 70375000.0,
        "Gross Profit": 122105000.0,
        "Cost Of Revenue": 255984000.0,
        "Total Revenue": 378089000.0,
        "Operating Revenue": 370049000.0
    },
    "2024-12-31": {
        "Tax Effect Of Unusual Items": -651580.867892,
        "Tax Rate For Calcs": 0.273429,
        "Normalized EBITDA": 58790000.0,
        "Total Unusual Items": -2383000.0,
        "Total Unusual Items Excluding Goodwill": -2383000.0,
        "Net Income From Continuing Operation Net Minority Interest": 33989000.0,
        "Reconciled Depreciation": 6974000.0,
        "Reconciled Cost Of Revenue": 270411000.0,
        "EBITDA": 56407000.0,
        "EBIT": 49433000.0,
        "Net Interest Income": -5453000.0,
        "Normalized Income": 35720419.132108,
        "Net Income From Continuing And Discontinued Operation": 33989000.0,
        "Total Expenses": 349881000.0,
        "Total Operating Income As Reported": 47050000.0,
        "Diluted Average Shares": 18522000.0,
        "Basic Average Shares": 17743000.0,
        "Diluted EPS": 1.84,
        "Basic EPS": 1.92,
        "Diluted NI Availto Com Stockholders": 33989000.0,
        "Net Income Common Stockholders": 33989000.0,
        "Net Income": 33989000.0,
        "Net Income Including Noncontrolling Interests": 33989000.0,
        "Net Income Continuous Operations": 33989000.0,
        "Tax Provision": 12791000.0,
        "Pretax Income": 46780000.0,
        "Other Income Expense": 2800000.0,
        "Other Non Operating Income Expenses": 5183000.0,
        "Special Income Charges": -2383000.0,
        "Restructuring And Mergern Acquisition": 2383000.0,
        "Net Non Operating Interest Income Expense": -5453000.0,
        "Total Other Finance Cost": 5453000.0,
        "Operating Income": 49433000.0,
        "Operating Expense": 78992000.0,
        "Other Operating Expenses": 326000.0,
        "Depreciation Amortization Depletion Income Statement": 6496000.0,
        "Depreciation And Amortization In Income Statement": 6496000.0,
        "Depreciation Income Statement": NaN,
        "Selling General And Administration": 72170000.0,
        "Gross Profit": 128425000.0,
        "Cost Of Revenue": 270889000.0,
        "Total Revenue": 399314000.0,
        "Operating Revenue": 388421000.0
    },
    "2025-03-31": {
        "Tax Effect Of Unusual Items": -280980.0,
        "Tax Rate For Calcs": 0.21,
        "Normalized EBITDA": 42357000.0,
        "Total Unusual Items": -1338000.0,
        "Total Unusual Items Excluding Goodwill": -1338000.0,
        "Net Income From Continuing Operation Net Minority Interest": 24536000.0,
        "Reconciled Depreciation": 6949000.0,
        "Reconciled Cost Of Revenue": 286488000.0,
        "EBITDA": 41019000.0,
        "EBIT": 34070000.0,
        "Net Interest Income": -5647000.0,
        "Normalized Income": 25593020.0,
        "Net Income From Continuing And Discontinued Operation": 24536000.0,
        "Total Expenses": 370071000.0,
        "Total Operating Income As Reported": 32732000.0,
        "Diluted Average Shares": 18475000.0,
        "Basic Average Shares": 17821000.0,
        "Diluted EPS": 1.33,
        "Basic EPS": 1.38,
        "Diluted NI Availto Com Stockholders": 24536000.0,
        "Net Income Common Stockholders": 24536000.0,
        "Net Income": 24536000.0,
        "Net Income Including Noncontrolling Interests": 24536000.0,
        "Net Income Continuous Operations": 24536000.0,
        "Tax Provision": -3084000.0,
        "Pretax Income": 21452000.0,
        "Other Income Expense": -6971000.0,
        "Other Non Operating Income Expenses": -5633000.0,
        "Special Income Charges": -1338000.0,
        "Restructuring And Mergern Acquisition": 1338000.0,
        "Net Non Operating Interest Income Expense": -5647000.0,
        "Total Other Finance Cost": 5647000.0,
        "Operating Income": 34070000.0,
        "Operating Expense": 83583000.0,
        "Other Operating Expenses": NaN,
        "Depreciation Amortization Depletion Income Statement": 6949000.0,
        "Depreciation And Amortization In Income Statement": 6949000.0,
        "Depreciation Income Statement": 6949000.0,
        "Selling General And Administration": 76634000.0,
        "Gross Profit": 117653000.0,
        "Cost Of Revenue": 286488000.0,
        "Total Revenue": 404141000.0,
        "Operating Revenue": 395690000.0
    },
    "2025-06-30": {
        "Tax Effect Of Unusual Items": -167440.0,
        "Tax Rate For Calcs": 0.299,
        "Normalized EBITDA": 53891000.0,
        "Total Unusual Items": -560000.0,
        "Total Unusual Items Excluding Goodwill": -560000.0,
        "Net Income From Continuing Operation Net Minority Interest": 19430000.0,
        "Reconciled Depreciation": 7117000.0,
        "Reconciled Cost Of Revenue": 278278000.0,
        "EBITDA": 53331000.0,
        "EBIT": 46214000.0,
        "Net Interest Income": -9281000.0,
        "Normalized Income": 19822560.0,
        "Net Income From Continuing And Discontinued Operation": 19430000.0,
        "Total Expenses": 365541000.0,
        "Total Operating Income As Reported": 45654000.0,
        "Diluted Average Shares": 17772000.0,
        "Basic Average Shares": 17320000.0,
        "Diluted EPS": 1.09,
        "Basic EPS": 1.12,
        "Diluted NI Availto Com Stockholders": 19430000.0,
        "Net Income Common Stockholders": 19430000.0,
        "Net Income": 19430000.0,
        "Net Income Including Noncontrolling Interests": 19430000.0,
        "Net Income Continuous Operations": 19430000.0,
        "Tax Provision": 8278000.0,
        "Pretax Income": 27708000.0,
        "Other Income Expense": -9225000.0,
        "Other Non Operating Income Expenses": -8665000.0,
        "Special Income Charges": -560000.0,
        "Restructuring And Mergern Acquisition": 560000.0,
        "Net Non Operating Interest Income Expense": -9281000.0,
        "Total Other Finance Cost": 9281000.0,
        "Operating Income": 46214000.0,
        "Operating Expense": 87263000.0,
        "Other Operating Expenses": -71000.0,
        "Depreciation Amortization Depletion Income Statement": 7117000.0,
        "Depreciation And Amortization In Income Statement": 7117000.0,
        "Depreciation Income Statement": NaN,
        "Selling General And Administration": 80217000.0,
        "Gross Profit": 133477000.0,
        "Cost Of Revenue": 278278000.0,
        "Total Revenue": 411755000.0,
        "Operating Revenue": 402505000.0
    }
}