{
    "2023-03-31": {
        "Tax Effect Of Unusual Items": NaN,
        "Tax Rate For Calcs": NaN,
        "Normalized EBITDA": NaN,
        "Total Unusual Items": NaN,
        "Total Unusual Items Excluding Goodwill": NaN,
        "Net Income From Continuing Operation Net Minority Interest": NaN,
        "Reconciled Cost Of Revenue": NaN,
        "EBITDA": NaN,
        "EBIT": NaN,
        "Net Interest Income": NaN,
        "Interest Income": NaN,
        "Normalized Income": NaN,
        "Net Income From Continuing And Discontinued Operation": NaN,
        "Total Expenses": NaN,
        "Total Operating Income As Reported": NaN,
        "Diluted Average Shares": NaN,
        "Basic Average Shares": NaN,
        "Diluted EPS": NaN,
        "Basic EPS": NaN,
        "Diluted NI Availto Com Stockholders": NaN,
        "Net Income Common Stockholders": NaN,
        "Net Income": NaN,
        "Net Income Including Noncontrolling Interests": NaN,
        "Net Income Continuous Operations": NaN,
        "Earnings From Equity Interest Net Of Tax": 0.0,
        "Tax Provision": NaN,
        "Pretax Income": NaN,
        "Other Income Expense": NaN,
        "Special Income Charges": NaN,
        "Write Off": NaN,
        "Gain On Sale Of Security": NaN,
        "Net Non Operating Interest Income Expense": NaN,
        "Interest Income Non Operating": NaN,
        "Operating Income": NaN,
        "Operating Expense": NaN,
        "Other Operating Expenses": NaN,
        "Research And Development": NaN,
        "Selling General And Administration": NaN,
        "Selling And Marketing Expense": NaN,
        "General And Administrative Expense": NaN,
        "Other Gand A": NaN,
        "Salaries And Wages": NaN,
        "Gross Profit": NaN,
        "Cost Of Revenue": NaN,
        "Total Revenue": NaN,
        "Operating Revenue": NaN
    },
    "2022-12-31": {
        "Tax Effect Of Unusual Items": NaN,
        "Tax Rate For Calcs": NaN,
        "Normalized EBITDA": NaN,
        "Total Unusual Items": NaN,
        "Total Unusual Items Excluding Goodwill": NaN,
        "Net Income From Continuing Operation Net Minority Interest": NaN,
        "Reconciled Cost Of Revenue": NaN,
        "EBITDA": NaN,
        "EBIT": NaN,
        "Net Interest Income": NaN,
        "Interest Income": NaN,
        "Normalized Income": NaN,
        "Net Income From Continuing And Discontinued Operation": NaN,
        "Total Expenses": NaN,
        "Total Operating Income As Reported": NaN,
        "Diluted Average Shares": NaN,
        "Basic Average Shares": NaN,
        "Diluted EPS": NaN,
        "Basic EPS": NaN,
        "Diluted NI Availto Com Stockholders": NaN,
        "Net Income Common Stockholders": NaN,
        "Net Income": NaN,
        "Net Income Including Noncontrolling Interests": NaN,
        "Net Income Continuous Operations": NaN,
        "Earnings From Equity Interest Net Of Tax": -414000.0,
        "Tax Provision": NaN,
        "Pretax Income": NaN,
        "Other Income Expense": NaN,
        "Special Income Charges": NaN,
        "Write Off": NaN,
        "Gain On Sale Of Security": NaN,
        "Net Non Operating Interest Income Expense": NaN,
        "Interest Income Non Operating": NaN,
        "Operating Income": NaN,
        "Operating Expense": NaN,
        "Other Operating Expenses": NaN,
        "Research And Development": NaN,
        "Selling General And Administration": NaN,
        "Selling And Marketing Expense": NaN,
        "General And Administrative Expense": NaN,
        "Other Gand A": NaN,
        "Salaries And Wages": NaN,
        "Gross Profit": NaN,
        "Cost Of Revenue": NaN,
        "Total Revenue": NaN,
        "Operating Revenue": NaN
    },
    "2022-09-30": {
        "Tax Effect Of Unusual Items": -810709.344637,
        "Tax Rate For Calcs": 0.245001,
        "Normalized EBITDA": 14886000.0,
        "Total Unusual Items": -3309000.0,
        "Total Unusual Items Excluding Goodwill": -3309000.0,
        "Net Income From Continuing Operation Net Minority Interest": 60423000.0,
        "Reconciled Cost Of Revenue": 2036191000.0,
        "EBITDA": 11577000.0,
        "EBIT": 11577000.0,
        "Net Interest Income": 71703000.0,
        "Interest Income": 71703000.0,
        "Normalized Income": 62921290.655363,
        "Net Income From Continuing And Discontinued Operation": 60423000.0,
        "Total Expenses": 2366967000.0,
        "Total Operating Income As Reported": 11577000.0,
        "Diluted Average Shares": 242287157.0,
        "Basic Average Shares": 242117367.0,
        "Diluted EPS": 0.25,
        "Basic EPS": 0.25,
        "Diluted NI Availto Com Stockholders": 60423000.0,
        "Net Income Common Stockholders": 60423000.0,
        "Net Income": 60423000.0,
        "Net Income Including Noncontrolling Interests": 60423000.0,
        "Net Income Continuous Operations": 60423000.0,
        "Earnings From Equity Interest Net Of Tax": 45000.0,
        "Tax Provision": 19593000.0,
        "Pretax Income": 79971000.0,
        "Other Income Expense": -3309000.0,
        "Other Non Operating Income Expenses": NaN,
        "Special Income Charges": NaN,
        "Write Off": NaN,
        "Gain On Sale Of Security": -3309000.0,
        "Net Non Operating Interest Income Expense": 71703000.0,
        "Interest Income Non Operating": 71703000.0,
        "Operating Income": 11577000.0,
        "Operating Expense": 330776000.0,
        "Other Operating Expenses": -43949000.0,
        "Research And Development": 171779000.0,
        "Selling General And Administration": 202946000.0,
        "Selling And Marketing Expense": 124293000.0,
        "General And Administrative Expense": 78653000.0,
        "Other Gand A": 78653000.0,
        "Salaries And Wages": NaN,
        "Gross Profit": 342353000.0,
        "Cost Of Revenue": 2036191000.0,
        "Total Revenue": 2378544000.0,
        "Operating Revenue": 2378544000.0
    },
    "2022-06-30": {
        "Tax Effect Of Unusual Items": -1144000.0,
        "Tax Rate For Calcs": 0.4,
        "Normalized EBITDA": -78251000.0,
        "Total Unusual Items": -2860000.0,
        "Total Unusual Items Excluding Goodwill": -2860000.0,
        "Net Income From Continuing Operation Net Minority Interest": -19366000.0,
        "Reconciled Cost Of Revenue": 2056054000.0,
        "EBITDA": -81111000.0,
        "EBIT": -81111000.0,
        "Net Interest Income": 65633000.0,
        "Interest Income": 65633000.0,
        "Normalized Income": -17650000.0,
        "Net Income From Continuing And Discontinued Operation": -19366000.0,
        "Total Expenses": 2356285000.0,
        "Total Operating Income As Reported": -81111000.0,
        "Diluted Average Shares": 241341080.0,
        "Basic Average Shares": 241341080.0,
        "Diluted EPS": -0.08,
        "Basic EPS": -0.08,
        "Diluted NI Availto Com Stockholders": -19366000.0,
        "Net Income Common Stockholders": -19366000.0,
        "Net Income": -19366000.0,
        "Net Income Including Noncontrolling Interests": -19366000.0,
        "Net Income Continuous Operations": -19366000.0,
        "Earnings From Equity Interest Net Of Tax": 267000.0,
        "Tax Provision": 1295000.0,
        "Pretax Income": -18338000.0,
        "Other Income Expense": -2860000.0,
        "Other Non Operating Income Expenses": NaN,
        "Special Income Charges": NaN,
        "Write Off": NaN,
        "Gain On Sale Of Security": -2860000.0,
        "Net Non Operating Interest Income Expense": 65633000.0,
        "Interest Income Non Operating": 65633000.0,
        "Operating Income": -81111000.0,
        "Operating Expense": 300231000.0,
        "Other Operating Expenses": -50283000.0,
        "Research And Development": 168411000.0,
        "Selling General And Administration": 182103000.0,
        "Selling And Marketing Expense": 100264000.0,
        "General And Administrative Expense": 81839000.0,
        "Other Gand A": 81839000.0,
        "Salaries And Wages": NaN,
        "Gross Profit": 219120000.0,
        "Cost Of Revenue": 2056054000.0,
        "Total Revenue": 2275174000.0,
        "Operating Revenue": 2275174000.0
    },
    "2022-03-31": {
        "Diluted EPS": -0.0,
        "Total Revenue": 389,
        "Gross Profit": 53,
        "Operating Income": -10,
        "EBIT": -10,
        "Net Income": -1
    },
    "2021-12-31": {
        "Diluted EPS": -0.2,
        "Total Revenue": 463,
        "Gross Profit": 4,
        "Operating Income": -71,
        "EBIT": -71,
        "Net Income": -47
    },
    "2021-09-30": {
        "Diluted EPS": 0.34,
        "Total Revenue": 462,
        "Gross Profit": 78,
        "Operating Income": 13,
        "EBIT": 13,
        "Net Income": 81
    },
    "2021-06-30": {
        "Diluted EPS": 0.12,
        "Total Revenue": 459,
        "Gross Profit": 90,
        "Operating Income": 28,
        "EBIT": 28,
        "Net Income": 29
    },
    "2021-03-31": {
        "Diluted EPS": 0.12,
        "Total Revenue": 398,
        "Gross Profit": 78,
        "Operating Income": 25,
        "EBIT": 25,
        "Net Income": 28
    },
    "2020-12-31": {
        "Diluted EPS": 0.18,
        "Total Revenue": 536,
        "Gross Profit": 108,
        "Operating Income": 31,
        "EBIT": 31,
        "Net Income": 42
    },
    "2020-09-30": {
        "Diluted EPS": 0.15,
        "Total Revenue": 415,
        "Gross Profit": 91,
        "Operating Income": 33,
        "EBIT": 33,
        "Net Income": 37
    },
    "2020-06-30": {
        "Diluted EPS": 0.14,
        "Total Revenue": 382,
        "Gross Profit": 81,
        "Operating Income": 28,
        "EBIT": 28,
        "Net Income": 32
    },
    "2020-03-31": {
        "Diluted EPS": 0.1,
        "Total Revenue": 341,
        "Gross Profit": 67,
        "Operating Income": 19,
        "EBIT": 19,
        "Net Income": 24
    },
    "2019-12-31": {
        "Diluted EPS": 0.1,
        "Total Revenue": 350,
        "Gross Profit": 66,
        "Operating Income": 15,
        "EBIT": 15,
        "Net Income": 23
    },
    "2019-09-30": {
        "Diluted EPS": 0.07,
        "Total Revenue": 317,
        "Gross Profit": 57,
        "Operating Income": 9,
        "EBIT": 9,
        "Net Income": 17
    },
    "2019-06-30": {
        "Diluted EPS": 0.08,
        "Total Revenue": 293,
        "Gross Profit": 49,
        "Operating Income": 10,
        "EBIT": 10,
        "Net Income": 18
    },
    "2019-03-31": {
        "Diluted EPS": 0.04,
        "Total Revenue": 243,
        "Gross Profit": 41,
        "Operating Income": 4,
        "EBIT": 4,
        "Net Income": 9
    },
    "2018-12-31": {
        "Diluted EPS": 0.63,
        "Total Revenue": 201,
        "Gross Profit": 32,
        "Operating Income": 2,
        "EBIT": 2,
        "Net Income": 34
    },
    "2018-09-30": {
        "Diluted EPS": 0.04,
        "Total Revenue": 186,
        "Gross Profit": 28,
        "Operating Income": 0,
        "EBIT": 0,
        "Net Income": 8
    },
    "2018-06-30": {
        "Diluted EPS": -2.07,
        "Total Revenue": 157,
        "Gross Profit": 25,
        "Operating Income": -3,
        "EBIT": -3,
        "Net Income": -327
    },
    "2018-03-31": {
        "Diluted EPS": -0.79,
        "Total Revenue": 134,
        "Gross Profit": 21,
        "Operating Income": 4,
        "EBIT": 4,
        "Net Income": -79
    },
    "2017-12-31": {
        "Diluted EPS": 0.0,
        "Total Revenue": NaN,
        "Gross Profit": NaN,
        "Operating Income": NaN,
        "EBIT": NaN,
        "Net Income": NaN
    },
    "2023-06-30": {
        "Tax Effect Of Unusual Items": NaN,
        "Tax Rate For Calcs": NaN,
        "Normalized EBITDA": NaN,
        "Total Unusual Items": NaN,
        "Total Unusual Items Excluding Goodwill": NaN,
        "Net Income From Continuing Operation Net Minority Interest": NaN,
        "Reconciled Cost Of Revenue": NaN,
        "EBITDA": NaN,
        "EBIT": NaN,
        "Net Interest Income": NaN,
        "Interest Income": NaN,
        "Normalized Income": NaN,
        "Net Income From Continuing And Discontinued Operation": NaN,
        "Total Expenses": NaN,
        "Total Operating Income As Reported": NaN,
        "Diluted Average Shares": NaN,
        "Basic Average Shares": NaN,
        "Diluted EPS": NaN,
        "Basic EPS": NaN,
        "Diluted NI Availto Com Stockholders": NaN,
        "Net Income Common Stockholders": NaN,
        "Net Income": NaN,
        "Net Income Including Noncontrolling Interests": NaN,
        "Net Income Continuous Operations": NaN,
        "Earnings From Equity Interest Net Of Tax": 0.0,
        "Tax Provision": NaN,
        "Pretax Income": NaN,
        "Other Income Expense": NaN,
        "Special Income Charges": NaN,
        "Write Off": NaN,
        "Gain On Sale Of Security": NaN,
        "Net Non Operating Interest Income Expense": NaN,
        "Interest Income Non Operating": NaN,
        "Operating Income": NaN,
        "Operating Expense": NaN,
        "Other Operating Expenses": NaN,
        "Research And Development": NaN,
        "Selling General And Administration": NaN,
        "Selling And Marketing Expense": NaN,
        "General And Administrative Expense": NaN,
        "Other Gand A": NaN,
        "Salaries And Wages": 8522000.0,
        "Gross Profit": NaN,
        "Cost Of Revenue": NaN,
        "Total Revenue": NaN,
        "Operating Revenue": NaN
    },
    "2023-09-30": {
        "Tax Effect Of Unusual Items": NaN,
        "Tax Rate For Calcs": NaN,
        "Normalized EBITDA": NaN,
        "Total Unusual Items": NaN,
        "Total Unusual Items Excluding Goodwill": NaN,
        "Net Income From Continuing Operation Net Minority Interest": NaN,
        "Reconciled Cost Of Revenue": NaN,
        "EBITDA": NaN,
        "EBIT": NaN,
        "Net Interest Income": NaN,
        "Interest Income": NaN,
        "Normalized Income": NaN,
        "Net Income From Continuing And Discontinued Operation": NaN,
        "Total Expenses": NaN,
        "Total Operating Income As Reported": NaN,
        "Diluted Average Shares": NaN,
        "Basic Average Shares": NaN,
        "Diluted EPS": NaN,
        "Basic EPS": NaN,
        "Diluted NI Availto Com Stockholders": NaN,
        "Net Income Common Stockholders": NaN,
        "Net Income": NaN,
        "Net Income Including Noncontrolling Interests": NaN,
        "Net Income Continuous Operations": NaN,
        "Earnings From Equity Interest Net Of Tax": 0.0,
        "Tax Provision": NaN,
        "Pretax Income": NaN,
        "Other Income Expense": NaN,
        "Special Income Charges": NaN,
        "Write Off": NaN,
        "Gain On Sale Of Security": NaN,
        "Net Non Operating Interest Income Expense": NaN,
        "Interest Income Non Operating": NaN,
        "Operating Income": NaN,
        "Operating Expense": NaN,
        "Other Operating Expenses": NaN,
        "Research And Development": NaN,
        "Selling General And Administration": NaN,
        "Selling And Marketing Expense": NaN,
        "General And Administrative Expense": NaN,
        "Other Gand A": NaN,
        "Gross Profit": NaN,
        "Cost Of Revenue": NaN,
        "Total Revenue": NaN,
        "Operating Revenue": NaN
    },
    "2023-12-31": {
        "Tax Effect Of Unusual Items": NaN,
        "Tax Rate For Calcs": NaN,
        "Normalized EBITDA": NaN,
        "Total Unusual Items": NaN,
        "Total Unusual Items Excluding Goodwill": NaN,
        "Net Income From Continuing Operation Net Minority Interest": NaN,
        "Reconciled Cost Of Revenue": NaN,
        "EBITDA": NaN,
        "EBIT": NaN,
        "Net Interest Income": NaN,
        "Interest Income": NaN,
        "Normalized Income": NaN,
        "Net Income From Continuing And Discontinued Operation": NaN,
        "Total Expenses": NaN,
        "Total Operating Income As Reported": NaN,
        "Diluted Average Shares": NaN,
        "Basic Average Shares": NaN,
        "Diluted EPS": NaN,
        "Basic EPS": NaN,
        "Diluted NI Availto Com Stockholders": NaN,
        "Net Income Common Stockholders": NaN,
        "Net Income": NaN,
        "Net Income Including Noncontrolling Interests": NaN,
        "Net Income Continuous Operations": NaN,
        "Earnings From Equity Interest Net Of Tax": 0.0,
        "Tax Provision": NaN,
        "Pretax Income": NaN,
        "Other Income Expense": NaN,
        "Special Income Charges": NaN,
        "Write Off": NaN,
        "Gain On Sale Of Security": NaN,
        "Net Non Operating Interest Income Expense": NaN,
        "Interest Income Non Operating": NaN,
        "Operating Income": NaN,
        "Operating Expense": NaN,
        "Other Operating Expenses": NaN,
        "Research And Development": NaN,
        "Selling General And Administration": NaN,
        "Selling And Marketing Expense": NaN,
        "General And Administrative Expense": NaN,
        "Other Gand A": NaN,
        "Gross Profit": NaN,
        "Cost Of Revenue": NaN,
        "Total Revenue": NaN,
        "Operating Revenue": NaN
    },
    "2024-03-31": {
        "Tax Effect Of Unusual Items": NaN,
        "Tax Rate For Calcs": NaN,
        "Normalized EBITDA": NaN,
        "Total Unusual Items": NaN,
        "Total Unusual Items Excluding Goodwill": NaN,
        "Net Income From Continuing Operation Net Minority Interest": NaN,
        "Reconciled Cost Of Revenue": NaN,
        "EBITDA": NaN,
        "EBIT": NaN,
        "Net Interest Income": NaN,
        "Interest Income": NaN,
        "Normalized Income": NaN,
        "Net Income From Continuing And Discontinued Operation": NaN,
        "Total Expenses": NaN,
        "Total Operating Income As Reported": NaN,
        "Diluted Average Shares": NaN,
        "Basic Average Shares": NaN,
        "Diluted EPS": NaN,
        "Basic EPS": NaN,
        "Diluted NI Availto Com Stockholders": NaN,
        "Net Income Common Stockholders": NaN,
        "Net Income": NaN,
        "Net Income Including Noncontrolling Interests": NaN,
        "Net Income Continuous Operations": NaN,
        "Earnings From Equity Interest Net Of Tax": 0.0,
        "Tax Provision": NaN,
        "Pretax Income": NaN,
        "Other Income Expense": NaN,
        "Special Income Charges": NaN,
        "Write Off": NaN,
        "Gain On Sale Of Security": NaN,
        "Net Non Operating Interest Income Expense": NaN,
        "Interest Income Non Operating": NaN,
        "Operating Income": NaN,
        "Operating Expense": NaN,
        "Other Operating Expenses": NaN,
        "Research And Development": NaN,
        "Selling General And Administration": NaN,
        "Selling And Marketing Expense": NaN,
        "General And Administrative Expense": NaN,
        "Other Gand A": NaN,
        "Gross Profit": NaN,
        "Cost Of Revenue": NaN,
        "Total Revenue": NaN,
        "Operating Revenue": NaN
    },
    "2024-06-30": {
        "Tax Effect Of Unusual Items": NaN,
        "Tax Rate For Calcs": NaN,
        "Normalized EBITDA": NaN,
        "Total Unusual Items": NaN,
        "Total Unusual Items Excluding Goodwill": NaN,
        "Net Income From Continuing Operation Net Minority Interest": NaN,
        "Reconciled Cost Of Revenue": NaN,
        "EBITDA": NaN,
        "EBIT": NaN,
        "Net Interest Income": NaN,
        "Interest Income": NaN,
        "Normalized Income": NaN,
        "Net Income From Continuing And Discontinued Operation": NaN,
        "Total Expenses": NaN,
        "Total Operating Income As Reported": NaN,
        "Diluted Average Shares": NaN,
        "Basic Average Shares": NaN,
        "Diluted EPS": NaN,
        "Basic EPS": NaN,
        "Diluted NI Availto Com Stockholders": NaN,
        "Net Income Common Stockholders": NaN,
        "Net Income": NaN,
        "Net Income Including Noncontrolling Interests": NaN,
        "Net Income Continuous Operations": NaN,
        "Earnings From Equity Interest Net Of Tax": 0.0,
        "Tax Provision": NaN,
        "Pretax Income": NaN,
        "Other Income Expense": NaN,
        "Special Income Charges": NaN,
        "Write Off": NaN,
        "Gain On Sale Of Security": NaN,
        "Net Non Operating Interest Income Expense": NaN,
        "Interest Income Non Operating": NaN,
        "Operating Income": NaN,
        "Operating Expense": NaN,
        "Other Operating Expenses": NaN,
        "Research And Development": NaN,
        "Selling General And Administration": NaN,
        "Selling And Marketing Expense": NaN,
        "General And Administrative Expense": NaN,
        "Other Gand A": NaN,
        "Gross Profit": NaN,
        "Cost Of Revenue": NaN,
        "Total Revenue": NaN,
        "Operating Revenue": NaN
    },
    "2024-09-30": {
        "Tax Effect Of Unusual Items": -4370616.590586,
        "Tax Rate For Calcs": 0.116478,
        "Normalized EBITDA": 5192000.0,
        "Total Unusual Items": -37523000.0,
        "Total Unusual Items Excluding Goodwill": -37523000.0,
        "Net Income From Continuing Operation Net Minority Interest": 23613000.0,
        "Reconciled Cost Of Revenue": 1334085000.0,
        "EBITDA": -32331000.0,
        "EBIT": -32331000.0,
        "Net Interest Income": 96580000.0,
        "Interest Income": 96580000.0,
        "Normalized Income": 56765383.409414,
        "Net Income From Continuing And Discontinued Operation": 23613000.0,
        "Total Expenses": 1569990000.0,
        "Total Operating Income As Reported": -32331000.0,
        "Diluted Average Shares": 232948154.0,
        "Basic Average Shares": 231366502.0,
        "Diluted EPS": 0.1,
        "Basic EPS": 0.1,
        "Diluted NI Availto Com Stockholders": 23613000.0,
        "Net Income Common Stockholders": 23613000.0,
        "Net Income": 23613000.0,
        "Net Income Including Noncontrolling Interests": 23613000.0,
        "Net Income Continuous Operations": 23613000.0,
        "Earnings From Equity Interest Net Of Tax": 0.0,
        "Tax Provision": 3113000.0,
        "Pretax Income": 26726000.0,
        "Other Income Expense": -37523000.0,
        "Special Income Charges": -36298000.0,
        "Write Off": 36298000.0,
        "Gain On Sale Of Security": -1225000.0,
        "Net Non Operating Interest Income Expense": 96580000.0,
        "Interest Income Non Operating": 96580000.0,
        "Operating Income": -32331000.0,
        "Operating Expense": 235905000.0,
        "Other Operating Expenses": -12958000.0,
        "Research And Development": 125508000.0,
        "Selling General And Administration": 123355000.0,
        "Selling And Marketing Expense": 73330000.0,
        "General And Administrative Expense": 50025000.0,
        "Other Gand A": 50025000.0,
        "Gross Profit": 203574000.0,
        "Cost Of Revenue": 1334085000.0,
        "Total Revenue": 1537659000.0,
        "Operating Revenue": 1537659000.0
    },
    "2024-12-31": {
        "Tax Effect Of Unusual Items": -37902750.0,
        "Tax Rate For Calcs": 0.25,
        "Normalized EBITDA": 58919000.0,
        "Total Unusual Items": -151611000.0,
        "Total Unusual Items Excluding Goodwill": -151611000.0,
        "Net Income From Continuing Operation Net Minority Interest": -172203000.0,
        "Reconciled Cost Of Revenue": 1325364000.0,
        "EBITDA": -92692000.0,
        "EBIT": -92692000.0,
        "Net Interest Income": 75234000.0,
        "Interest Income": 75234000.0,
        "Normalized Income": -58494750.0,
        "Net Income From Continuing And Discontinued Operation": -172203000.0,
        "Total Expenses": 1588519000.0,
        "Total Operating Income As Reported": -92692000.0,
        "Diluted Average Shares": 230581559.0,
        "Basic Average Shares": 230581559.0,
        "Diluted EPS": -0.75,
        "Basic EPS": -0.75,
        "Diluted NI Availto Com Stockholders": -172203000.0,
        "Net Income Common Stockholders": -172203000.0,
        "Net Income": -172203000.0,
        "Net Income Including Noncontrolling Interests": -172203000.0,
        "Net Income Continuous Operations": -172203000.0,
        "Earnings From Equity Interest Net Of Tax": NaN,
        "Tax Provision": 3134000.0,
        "Pretax Income": -169069000.0,
        "Other Income Expense": -151611000.0,
        "Special Income Charges": -151089000.0,
        "Write Off": 151089000.0,
        "Gain On Sale Of Security": -522000.0,
        "Net Non Operating Interest Income Expense": 75234000.0,
        "Interest Income Non Operating": 75234000.0,
        "Operating Income": -92692000.0,
        "Operating Expense": 263155000.0,
        "Other Operating Expenses": -4010000.0,
        "Research And Development": 123313000.0,
        "Selling General And Administration": 143852000.0,
        "Selling And Marketing Expense": 62798000.0,
        "General And Administrative Expense": 81054000.0,
        "Other Gand A": 81054000.0,
        "Gross Profit": 170463000.0,
        "Cost Of Revenue": 1325364000.0,
        "Total Revenue": 1495827000.0,
        "Operating Revenue": 1495827000.0
    },
    "2025-03-31": {
        "Tax Effect Of Unusual Items": -104000.0,
        "Tax Rate For Calcs": 0.25,
        "Normalized EBITDA": -59232000.0,
        "Total Unusual Items": -416000.0,
        "Total Unusual Items Excluding Goodwill": -416000.0,
        "Net Income From Continuing Operation Net Minority Interest": 927000.0,
        "Reconciled Cost Of Revenue": 1320102000.0,
        "EBITDA": -59648000.0,
        "EBIT": -59648000.0,
        "Net Interest Income": 64916000.0,
        "Interest Income": 64916000.0,
        "Normalized Income": 1239000.0,
        "Net Income From Continuing And Discontinued Operation": 927000.0,
        "Total Expenses": 1568233000.0,
        "Total Operating Income As Reported": -59648000.0,
        "Diluted Average Shares": 231527507.0,
        "Basic Average Shares": 229451944.0,
        "Diluted EPS": 0.0,
        "Basic EPS": 0.0,
        "Diluted NI Availto Com Stockholders": 927000.0,
        "Net Income Common Stockholders": 927000.0,
        "Net Income": 927000.0,
        "Net Income Including Noncontrolling Interests": 927000.0,
        "Net Income Continuous Operations": 927000.0,
        "Earnings From Equity Interest Net Of Tax": -677000.0,
        "Tax Provision": 3248000.0,
        "Pretax Income": 4852000.0,
        "Other Income Expense": -416000.0,
        "Special Income Charges": 0.0,
        "Write Off": 0.0,
        "Gain On Sale Of Security": -416000.0,
        "Net Non Operating Interest Income Expense": 64916000.0,
        "Interest Income Non Operating": 64916000.0,
        "Operating Income": -59648000.0,
        "Operating Expense": 248131000.0,
        "Other Operating Expenses": -3534000.0,
        "Research And Development": 129525000.0,
        "Selling General And Administration": 122140000.0,
        "Selling And Marketing Expense": 60695000.0,
        "General And Administrative Expense": 61445000.0,
        "Other Gand A": 61445000.0,
        "Gross Profit": 188483000.0,
        "Cost Of Revenue": 1320102000.0,
        "Total Revenue": 1508585000.0,
        "Operating Revenue": 1508585000.0
    },
    "2025-06-30": {
        "Tax Effect Of Unusual Items": -8028000.0,
        "Tax Rate For Calcs": 0.25,
        "Normalized EBITDA": 8409000.0,
        "Total Unusual Items": -32112000.0,
        "Total Unusual Items Excluding Goodwill": -32112000.0,
        "Net Income From Continuing Operation Net Minority Interest": -5491000.0,
        "Reconciled Cost Of Revenue": 1354771000.0,
        "EBITDA": -23703000.0,
        "EBIT": -23703000.0,
        "Net Interest Income": 59074000.0,
        "Interest Income": 59074000.0,
        "Normalized Income": 18593000.0,
        "Net Income From Continuing And Discontinued Operation": -5491000.0,
        "Total Expenses": 1590792000.0,
        "Total Operating Income As Reported": -23703000.0,
        "Diluted Average Shares": 227675862.0,
        "Basic Average Shares": 227675862.0,
        "Diluted EPS": -0.02,
        "Basic EPS": -0.02,
        "Diluted NI Availto Com Stockholders": -5491000.0,
        "Net Income Common Stockholders": -5491000.0,
        "Net Income": -5491000.0,
        "Net Income Including Noncontrolling Interests": -5491000.0,
        "Net Income Continuous Operations": -5491000.0,
        "Earnings From Equity Interest Net Of Tax": -1362000.0,
        "Tax Provision": 7388000.0,
        "Pretax Income": 3259000.0,
        "Other Income Expense": -32112000.0,
        "Special Income Charges": -30000000.0,
        "Write Off": 30000000.0,
        "Gain On Sale Of Security": -2112000.0,
        "Net Non Operating Interest Income Expense": 59074000.0,
        "Interest Income Non Operating": 59074000.0,
        "Operating Income": -23703000.0,
        "Operating Expense": 236021000.0,
        "Other Operating Expenses": -7577000.0,
        "Research And Development": 122156000.0,
        "Selling General And Administration": 121442000.0,
        "Selling And Marketing Expense": 57699000.0,
        "General And Administrative Expense": 63743000.0,
        "Other Gand A": 63743000.0,
        "Gross Profit": 212318000.0,
        "Cost Of Revenue": 1354771000.0,
        "Total Revenue": 1567089000.0,
        "Operating Revenue": 1567089000.0
    },
    "2025-09-30": {
        "Tax Effect Of Unusual Items": -419467.934344,
        "Tax Rate For Calcs": 0.045565,
        "Normalized EBITDA": -5094000.0,
        "Total Unusual Items": -9206000.0,
        "Total Unusual Items Excluding Goodwill": -9206000.0,
        "Net Income From Continuing Operation Net Minority Interest": 9556000.0,
        "Reconciled Cost Of Revenue": 1461627000.0,
        "EBITDA": -14300000.0,
        "EBIT": -14300000.0,
        "Net Interest Income": 34655000.0,
        "Interest Income": 34655000.0,
        "Normalized Income": 18342532.065656,
        "Net Income From Continuing And Discontinued Operation": 9556000.0,
        "Total Expenses": 1702551000.0,
        "Total Operating Income As Reported": -14300000.0,
        "Diluted Average Shares": 231210726.0,
        "Basic Average Shares": 229032506.0,
        "Diluted EPS": 0.04,
        "Basic EPS": 0.04,
        "Diluted NI Availto Com Stockholders": 9556000.0,
        "Net Income Common Stockholders": 9556000.0,
        "Net Income": 9556000.0,
        "Net Income Including Noncontrolling Interests": 9556000.0,
        "Net Income Continuous Operations": 9556000.0,
        "Earnings From Equity Interest Net Of Tax": -1085000.0,
        "Tax Provision": 508000.0,
        "Pretax Income": 11149000.0,
        "Other Income Expense": -9206000.0,
        "Special Income Charges": -8698000.0,
        "Write Off": 8698000.0,
        "Gain On Sale Of Security": -508000.0,
        "Net Non Operating Interest Income Expense": 34655000.0,
        "Interest Income Non Operating": 34655000.0,
        "Operating Income": -14300000.0,
        "Operating Expense": 240924000.0,
        "Other Operating Expenses": -8854000.0,
        "Research And Development": 121942000.0,
        "Selling General And Administration": 127836000.0,
        "Selling And Marketing Expense": 70107000.0,
        "General And Administrative Expense": 57729000.0,
        "Other Gand A": 57729000.0,
        "Gross Profit": 226624000.0,
        "Cost Of Revenue": 1461627000.0,
        "Total Revenue": 1688251000.0,
        "Operating Revenue": 1688251000.0
    }
}