{
    "2023-03-31": {
        "Tax Effect Of Unusual Items": 0.0,
        "Tax Rate For Calcs": 0.199,
        "Normalized EBITDA": 18786000.0,
        "Net Income From Continuing Operation Net Minority Interest": 12372000.0,
        "Reconciled Depreciation": 4362000.0,
        "Reconciled Cost Of Revenue": 91969000.0,
        "EBITDA": 18786000.0,
        "EBIT": 14424000.0,
        "Net Interest Income": 1010000.0,
        "Interest Income": 1010000.0,
        "Normalized Income": 12372000.0,
        "Net Income From Continuing And Discontinued Operation": 12372000.0,
        "Total Expenses": 210330000.0,
        "Diluted Average Shares": 16718919.0,
        "Basic Average Shares": 16067532.0,
        "Diluted EPS": 0.74,
        "Basic EPS": 0.77,
        "Diluted NI Availto Com Stockholders": 12372000.0,
        "Net Income Common Stockholders": 12372000.0,
        "Net Income": 12372000.0,
        "Net Income Including Noncontrolling Interests": 12372000.0,
        "Net Income Continuous Operations": 12372000.0,
        "Tax Provision": 3066000.0,
        "Pretax Income": 15438000.0,
        "Other Income Expense": 4000.0,
        "Other Non Operating Income Expenses": 4000.0,
        "Net Non Operating Interest Income Expense": 1010000.0,
        "Interest Income Non Operating": 1010000.0,
        "Operating Income": 14424000.0,
        "Operating Expense": 118361000.0,
        "Selling General And Administration": 118361000.0,
        "Gross Profit": 132785000.0,
        "Cost Of Revenue": 91969000.0,
        "Total Revenue": 224754000.0,
        "Operating Revenue": 224754000.0
    },
    "2022-12-31": {
        "Tax Effect Of Unusual Items": 0.0,
        "Tax Rate For Calcs": 0.26969,
        "Normalized EBITDA": 35635000.0,
        "Net Income From Continuing Operation Net Minority Interest": 23738000.0,
        "Reconciled Depreciation": 4182000.0,
        "Reconciled Cost Of Revenue": 120622000.0,
        "EBITDA": 35635000.0,
        "EBIT": 31453000.0,
        "Net Interest Income": 919000.0,
        "Interest Income": 919000.0,
        "Normalized Income": 23738000.0,
        "Net Income From Continuing And Discontinued Operation": 23738000.0,
        "Total Expenses": 249104000.0,
        "Diluted Average Shares": 16716901.0,
        "Basic Average Shares": 16039189.0,
        "Diluted EPS": 1.42,
        "Basic EPS": 1.48,
        "Diluted NI Availto Com Stockholders": 23738000.0,
        "Net Income Common Stockholders": 23738000.0,
        "Net Income": 23738000.0,
        "Net Income Including Noncontrolling Interests": 23738000.0,
        "Net Income Continuous Operations": 23738000.0,
        "Tax Provision": 8766000.0,
        "Pretax Income": 32504000.0,
        "Other Income Expense": 132000.0,
        "Other Non Operating Income Expenses": 132000.0,
        "Net Non Operating Interest Income Expense": 919000.0,
        "Interest Income Non Operating": 919000.0,
        "Operating Income": 31453000.0,
        "Operating Expense": 128482000.0,
        "Selling General And Administration": 128482000.0,
        "Gross Profit": 159935000.0,
        "Cost Of Revenue": 120622000.0,
        "Total Revenue": 280557000.0,
        "Operating Revenue": 280557000.0
    },
    "2022-09-30": {
        "Tax Effect Of Unusual Items": 0.0,
        "Tax Rate For Calcs": 0.24711,
        "Normalized EBITDA": 36266000.0,
        "Net Income From Continuing Operation Net Minority Interest": 24551000.0,
        "Reconciled Depreciation": 4080000.0,
        "Reconciled Cost Of Revenue": 117775000.0,
        "EBITDA": 36266000.0,
        "EBIT": 32186000.0,
        "Net Interest Income": 481000.0,
        "Interest Income": 481000.0,
        "Normalized Income": 24551000.0,
        "Net Income From Continuing And Discontinued Operation": 24551000.0,
        "Total Expenses": 242309000.0,
        "Diluted Average Shares": 16816000.0,
        "Basic Average Shares": 16298000.0,
        "Diluted EPS": 1.46,
        "Basic EPS": 1.51,
        "Diluted NI Availto Com Stockholders": 24551000.0,
        "Net Income Common Stockholders": 24551000.0,
        "Net Income": 24551000.0,
        "Net Income Including Noncontrolling Interests": 24551000.0,
        "Net Income Continuous Operations": 24551000.0,
        "Tax Provision": 8058000.0,
        "Pretax Income": 32609000.0,
        "Other Income Expense": -58000.0,
        "Other Non Operating Income Expenses": -58000.0,
        "Net Non Operating Interest Income Expense": 481000.0,
        "Interest Income Non Operating": 481000.0,
        "Operating Income": 32186000.0,
        "Operating Expense": 124534000.0,
        "Selling General And Administration": 124534000.0,
        "Gross Profit": 156720000.0,
        "Cost Of Revenue": 117775000.0,
        "Total Revenue": 274495000.0,
        "Operating Revenue": 274495000.0
    },
    "2022-06-30": {
        "Tax Effect Of Unusual Items": 0.0,
        "Tax Rate For Calcs": 0.242779,
        "Normalized EBITDA": 32871000.0,
        "Net Income From Continuing Operation Net Minority Interest": 21708000.0,
        "Reconciled Depreciation": 4392000.0,
        "Reconciled Cost Of Revenue": 106608000.0,
        "EBITDA": 32871000.0,
        "EBIT": 28479000.0,
        "Net Interest Income": 144000.0,
        "Interest Income": 144000.0,
        "Normalized Income": 21708000.0,
        "Net Income From Continuing And Discontinued Operation": 21708000.0,
        "Total Expenses": 224737000.0,
        "Diluted Average Shares": 17092000.0,
        "Basic Average Shares": 15327000.0,
        "Diluted EPS": 1.27,
        "Basic EPS": 1.31,
        "Diluted NI Availto Com Stockholders": 21708000.0,
        "Net Income Common Stockholders": 21708000.0,
        "Net Income": 21708000.0,
        "Net Income Including Noncontrolling Interests": 21708000.0,
        "Net Income Continuous Operations": 21708000.0,
        "Tax Provision": 6960000.0,
        "Pretax Income": 28668000.0,
        "Other Income Expense": 45000.0,
        "Other Non Operating Income Expenses": 45000.0,
        "Net Non Operating Interest Income Expense": 144000.0,
        "Interest Income Non Operating": 144000.0,
        "Operating Income": 28479000.0,
        "Operating Expense": 118129000.0,
        "Selling General And Administration": 118129000.0,
        "General And Administrative Expense": 112397000.0,
        "Other Gand A": 112397000.0,
        "Gross Profit": 146608000.0,
        "Cost Of Revenue": 106608000.0,
        "Total Revenue": 253216000.0,
        "Operating Revenue": 253216000.0
    },
    "2023-06-30": {
        "Tax Effect Of Unusual Items": 0.0,
        "Tax Rate For Calcs": 0.255462,
        "Normalized EBITDA": 19534000.0,
        "Net Income From Continuing Operation Net Minority Interest": 11792000.0,
        "Reconciled Depreciation": 4655000.0,
        "Reconciled Cost Of Revenue": 81394000.0,
        "EBITDA": 19534000.0,
        "EBIT": 14879000.0,
        "Net Interest Income": 973000.0,
        "Interest Income": 973000.0,
        "Normalized Income": 11792000.0,
        "Net Income From Continuing And Discontinued Operation": 11792000.0,
        "Total Expenses": 191410000.0,
        "Diluted Average Shares": 16845714.0,
        "Basic Average Shares": 16153425.0,
        "Diluted EPS": 0.7,
        "Basic EPS": 0.73,
        "Diluted NI Availto Com Stockholders": 11792000.0,
        "Net Income Common Stockholders": 11792000.0,
        "Net Income": 11792000.0,
        "Net Income Including Noncontrolling Interests": 11792000.0,
        "Net Income Continuous Operations": 11792000.0,
        "Tax Provision": 4046000.0,
        "Pretax Income": 15838000.0,
        "Other Income Expense": -14000.0,
        "Other Non Operating Income Expenses": -14000.0,
        "Net Non Operating Interest Income Expense": 973000.0,
        "Interest Income Non Operating": 973000.0,
        "Operating Income": 14879000.0,
        "Operating Expense": 110016000.0,
        "Selling General And Administration": 110016000.0,
        "Gross Profit": 124895000.0,
        "Cost Of Revenue": 81394000.0,
        "Total Revenue": 206289000.0,
        "Operating Revenue": 206289000.0
    },
    "2022-03-31": {
        "Diluted EPS": 1.11,
        "Total Revenue": NaN,
        "Gross Profit": NaN,
        "Operating Income": NaN,
        "EBIT": NaN,
        "Net Income": NaN
    },
    "2021-12-31": {
        "Diluted EPS": 1.35,
        "Total Revenue": NaN,
        "Gross Profit": NaN,
        "Operating Income": NaN,
        "EBIT": NaN,
        "Net Income": NaN
    },
    "2021-09-30": {
        "Diluted EPS": 1.31,
        "Total Revenue": NaN,
        "Gross Profit": NaN,
        "Operating Income": NaN,
        "EBIT": NaN,
        "Net Income": NaN
    },
    "2021-06-30": {
        "Diluted EPS": 1.21,
        "Total Revenue": NaN,
        "Gross Profit": NaN,
        "Operating Income": NaN,
        "EBIT": NaN,
        "Net Income": NaN
    },
    "2021-03-31": {
        "Diluted EPS": 1.04,
        "Total Revenue": NaN,
        "Gross Profit": NaN,
        "Operating Income": NaN,
        "EBIT": NaN,
        "Net Income": NaN
    },
    "2020-12-31": {
        "Diluted EPS": 1.37,
        "Total Revenue": NaN,
        "Gross Profit": NaN,
        "Operating Income": NaN,
        "EBIT": NaN,
        "Net Income": NaN
    },
    "2020-09-30": {
        "Diluted EPS": 0.97,
        "Total Revenue": NaN,
        "Gross Profit": NaN,
        "Operating Income": NaN,
        "EBIT": NaN,
        "Net Income": NaN
    },
    "2020-06-30": {
        "Diluted EPS": 0.72,
        "Total Revenue": NaN,
        "Gross Profit": NaN,
        "Operating Income": NaN,
        "EBIT": NaN,
        "Net Income": NaN
    },
    "2020-03-31": {
        "Diluted EPS": 0.09,
        "Total Revenue": NaN,
        "Gross Profit": NaN,
        "Operating Income": NaN,
        "EBIT": NaN,
        "Net Income": NaN
    },
    "2019-12-31": {
        "Diluted EPS": 0.31,
        "Total Revenue": NaN,
        "Gross Profit": NaN,
        "Operating Income": NaN,
        "EBIT": NaN,
        "Net Income": NaN
    },
    "2019-09-30": {
        "Diluted EPS": 0.31,
        "Total Revenue": NaN,
        "Gross Profit": NaN,
        "Operating Income": NaN,
        "EBIT": NaN,
        "Net Income": NaN
    },
    "2023-09-30": {
        "Tax Effect Of Unusual Items": NaN,
        "Tax Rate For Calcs": NaN,
        "Normalized EBITDA": NaN,
        "Net Income From Continuing Operation Net Minority Interest": NaN,
        "Reconciled Depreciation": NaN,
        "Reconciled Cost Of Revenue": NaN,
        "EBITDA": NaN,
        "EBIT": NaN,
        "Net Interest Income": NaN,
        "Interest Income": NaN,
        "Normalized Income": NaN,
        "Net Income From Continuing And Discontinued Operation": NaN,
        "Total Expenses": NaN,
        "Diluted Average Shares": 16817647.0,
        "Basic Average Shares": 16337143.0,
        "Diluted EPS": 1.02,
        "Basic EPS": 1.05,
        "Diluted NI Availto Com Stockholders": NaN,
        "Net Income Common Stockholders": NaN,
        "Net Income": NaN,
        "Net Income Including Noncontrolling Interests": NaN,
        "Net Income Continuous Operations": NaN,
        "Tax Provision": NaN,
        "Pretax Income": NaN,
        "Other Income Expense": NaN,
        "Other Non Operating Income Expenses": NaN,
        "Net Non Operating Interest Income Expense": NaN,
        "Interest Income Non Operating": NaN,
        "Operating Income": NaN,
        "Operating Expense": NaN,
        "Selling General And Administration": NaN,
        "Gross Profit": NaN,
        "Cost Of Revenue": NaN,
        "Total Revenue": NaN,
        "Operating Revenue": NaN
    },
    "2023-12-31": {
        "Tax Effect Of Unusual Items": 0.0,
        "Tax Rate For Calcs": 0.189213,
        "Normalized EBITDA": 21485000.0,
        "Net Income From Continuing Operation Net Minority Interest": 15002000.0,
        "Reconciled Depreciation": 4776000.0,
        "Reconciled Cost Of Revenue": 79329000.0,
        "EBITDA": 21485000.0,
        "EBIT": 16709000.0,
        "Net Interest Income": 1807000.0,
        "Interest Income": 1807000.0,
        "Normalized Income": 15002000.0,
        "Net Income From Continuing And Discontinued Operation": 15002000.0,
        "Total Expenses": 194035000.0,
        "Diluted Average Shares": 16667778.0,
        "Basic Average Shares": 16130108.0,
        "Diluted EPS": 0.9,
        "Basic EPS": 0.93,
        "Diluted NI Availto Com Stockholders": 15002000.0,
        "Net Income Common Stockholders": 15002000.0,
        "Net Income": 15002000.0,
        "Net Income Including Noncontrolling Interests": 15002000.0,
        "Net Income Continuous Operations": 15002000.0,
        "Tax Provision": 3501000.0,
        "Pretax Income": 18503000.0,
        "Other Income Expense": -13000.0,
        "Other Non Operating Income Expenses": -13000.0,
        "Net Non Operating Interest Income Expense": 1807000.0,
        "Interest Income Non Operating": 1807000.0,
        "Operating Income": 16709000.0,
        "Operating Expense": 114706000.0,
        "Selling General And Administration": 114706000.0,
        "Gross Profit": 131415000.0,
        "Cost Of Revenue": 79329000.0,
        "Total Revenue": 210744000.0,
        "Operating Revenue": 210744000.0
    },
    "2024-03-31": {
        "Tax Effect Of Unusual Items": 0.0,
        "Tax Rate For Calcs": 0.251017,
        "Normalized EBITDA": 6609000.0,
        "Net Income From Continuing Operation Net Minority Interest": 2393000.0,
        "Reconciled Depreciation": 4946000.0,
        "Reconciled Cost Of Revenue": 72978000.0,
        "EBITDA": 6609000.0,
        "EBIT": 1663000.0,
        "Net Interest Income": 1555000.0,
        "Interest Income": 1555000.0,
        "Normalized Income": 2393000.0,
        "Net Income From Continuing And Discontinued Operation": 2393000.0,
        "Total Expenses": 182334000.0,
        "Diluted Average Shares": 17092857.0,
        "Basic Average Shares": 15953333.0,
        "Diluted EPS": 0.14,
        "Basic EPS": 0.15,
        "Diluted NI Availto Com Stockholders": 2393000.0,
        "Net Income Common Stockholders": 2393000.0,
        "Net Income": 2393000.0,
        "Net Income Including Noncontrolling Interests": 2393000.0,
        "Net Income Continuous Operations": 2393000.0,
        "Tax Provision": 802000.0,
        "Pretax Income": 3195000.0,
        "Other Income Expense": -23000.0,
        "Other Non Operating Income Expenses": -23000.0,
        "Net Non Operating Interest Income Expense": 1555000.0,
        "Interest Income Non Operating": 1555000.0,
        "Operating Income": 1663000.0,
        "Operating Expense": 109356000.0,
        "Selling General And Administration": 109356000.0,
        "Gross Profit": 111019000.0,
        "Cost Of Revenue": 72978000.0,
        "Total Revenue": 183997000.0,
        "Operating Revenue": 183997000.0
    },
    "2024-06-30": {
        "Tax Effect Of Unusual Items": 0.0,
        "Tax Rate For Calcs": 0.312258,
        "Normalized EBITDA": 10086000.0,
        "Net Income From Continuing Operation Net Minority Interest": 4438000.0,
        "Reconciled Depreciation": 5201000.0,
        "Reconciled Cost Of Revenue": 70652000.0,
        "EBITDA": 10086000.0,
        "EBIT": 4885000.0,
        "Net Interest Income": 1467000.0,
        "Interest Income": 1467000.0,
        "Normalized Income": 4438000.0,
        "Net Income From Continuing And Discontinued Operation": 4438000.0,
        "Total Expenses": 173751000.0,
        "Diluted Average Shares": 16437037.0,
        "Basic Average Shares": 16437037.0,
        "Diluted EPS": 0.27,
        "Basic EPS": 0.27,
        "Diluted NI Availto Com Stockholders": 4438000.0,
        "Net Income Common Stockholders": 4438000.0,
        "Net Income": 4438000.0,
        "Net Income Including Noncontrolling Interests": 4438000.0,
        "Net Income Continuous Operations": 4438000.0,
        "Tax Provision": 2015000.0,
        "Pretax Income": 6453000.0,
        "Other Income Expense": 101000.0,
        "Other Non Operating Income Expenses": 101000.0,
        "Net Non Operating Interest Income Expense": 1467000.0,
        "Interest Income Non Operating": 1467000.0,
        "Operating Income": 4885000.0,
        "Operating Expense": 103099000.0,
        "Selling General And Administration": 103099000.0,
        "Gross Profit": 107984000.0,
        "Cost Of Revenue": 70652000.0,
        "Total Revenue": 178636000.0,
        "Operating Revenue": 178636000.0
    },
    "2024-09-30": {
        "Tax Effect Of Unusual Items": 0.0,
        "Tax Rate For Calcs": 0.282783,
        "Normalized EBITDA": 10559000.0,
        "Net Income From Continuing Operation Net Minority Interest": 4928000.0,
        "Reconciled Depreciation": 5581000.0,
        "Reconciled Cost Of Revenue": 69995000.0,
        "EBITDA": 10559000.0,
        "EBIT": 4978000.0,
        "Net Interest Income": 1560000.0,
        "Interest Income": 1560000.0,
        "Normalized Income": 4928000.0,
        "Net Income From Continuing And Discontinued Operation": 4928000.0,
        "Total Expenses": 170935000.0,
        "Diluted Average Shares": 16993103.0,
        "Basic Average Shares": 16426667.0,
        "Diluted EPS": 0.29,
        "Basic EPS": 0.3,
        "Diluted NI Availto Com Stockholders": 4928000.0,
        "Net Income Common Stockholders": 4928000.0,
        "Net Income": 4928000.0,
        "Net Income Including Noncontrolling Interests": 4928000.0,
        "Net Income Continuous Operations": 4928000.0,
        "Tax Provision": 1943000.0,
        "Pretax Income": 6871000.0,
        "Other Income Expense": 333000.0,
        "Other Non Operating Income Expenses": 333000.0,
        "Net Non Operating Interest Income Expense": 1560000.0,
        "Interest Income Non Operating": 1560000.0,
        "Operating Income": 4978000.0,
        "Operating Expense": 100940000.0,
        "Selling General And Administration": 100940000.0,
        "Gross Profit": 105918000.0,
        "Cost Of Revenue": 69995000.0,
        "Total Revenue": 175913000.0,
        "Operating Revenue": 175913000.0
    },
    "2024-12-31": {
        "Tax Effect Of Unusual Items": 0.0,
        "Tax Rate For Calcs": 0.149159,
        "Normalized EBITDA": 14214000.0,
        "Net Income From Continuing Operation Net Minority Interest": 8197000.0,
        "Reconciled Depreciation": 5883000.0,
        "Reconciled Cost Of Revenue": 70196000.0,
        "EBITDA": 14214000.0,
        "EBIT": 8331000.0,
        "Net Interest Income": 1501000.0,
        "Interest Income": 1501000.0,
        "Normalized Income": 8197000.0,
        "Net Income From Continuing And Discontinued Operation": 8197000.0,
        "Total Expenses": 176022000.0,
        "Diluted Average Shares": 16724490.0,
        "Basic Average Shares": 16390000.0,
        "Diluted EPS": 0.49,
        "Basic EPS": 0.5,
        "Diluted NI Availto Com Stockholders": 8197000.0,
        "Net Income Common Stockholders": 8197000.0,
        "Net Income": 8197000.0,
        "Net Income Including Noncontrolling Interests": 8197000.0,
        "Net Income Continuous Operations": 8197000.0,
        "Tax Provision": 1437000.0,
        "Pretax Income": 9634000.0,
        "Other Income Expense": -198000.0,
        "Other Non Operating Income Expenses": -198000.0,
        "Net Non Operating Interest Income Expense": 1501000.0,
        "Interest Income Non Operating": 1501000.0,
        "Operating Income": 8331000.0,
        "Operating Expense": 105826000.0,
        "Selling General And Administration": 105826000.0,
        "Gross Profit": 114157000.0,
        "Cost Of Revenue": 70196000.0,
        "Total Revenue": 184353000.0,
        "Operating Revenue": 184353000.0
    },
    "2025-03-31": {
        "Tax Effect Of Unusual Items": 0.0,
        "Tax Rate For Calcs": 0.286227,
        "Normalized EBITDA": 9776000.0,
        "Net Income From Continuing Operation Net Minority Interest": 3778000.0,
        "Reconciled Depreciation": 5895000.0,
        "Reconciled Cost Of Revenue": 70484000.0,
        "EBITDA": 9776000.0,
        "EBIT": 3881000.0,
        "Net Interest Income": 1254000.0,
        "Interest Income": 1254000.0,
        "Normalized Income": 3778000.0,
        "Net Income From Continuing And Discontinued Operation": 3778000.0,
        "Total Expenses": 177686000.0,
        "Diluted Average Shares": 16426087.0,
        "Basic Average Shares": 15741667.0,
        "Diluted EPS": 0.23,
        "Basic EPS": 0.24,
        "Diluted NI Availto Com Stockholders": 3778000.0,
        "Net Income Common Stockholders": 3778000.0,
        "Net Income": 3778000.0,
        "Net Income Including Noncontrolling Interests": 3778000.0,
        "Net Income Continuous Operations": 3778000.0,
        "Tax Provision": 1515000.0,
        "Pretax Income": 5293000.0,
        "Other Income Expense": 158000.0,
        "Other Non Operating Income Expenses": 158000.0,
        "Net Non Operating Interest Income Expense": 1254000.0,
        "Interest Income Non Operating": 1254000.0,
        "Operating Income": 3881000.0,
        "Operating Expense": 107202000.0,
        "Selling General And Administration": 107202000.0,
        "Gross Profit": 111083000.0,
        "Cost Of Revenue": 70484000.0,
        "Total Revenue": 181567000.0,
        "Operating Revenue": 181567000.0
    }
}