{
    "2023-06-30": {
        "Tax Effect Of Unusual Items": NaN,
        "Tax Rate For Calcs": NaN,
        "Total Unusual Items": 606000.0,
        "Total Unusual Items Excluding Goodwill": 606000.0,
        "Net Income From Continuing Operation Net Minority Interest": NaN,
        "Reconciled Depreciation": NaN,
        "Net Interest Income": NaN,
        "Interest Expense": NaN,
        "Interest Income": NaN,
        "Normalized Income": NaN,
        "Net Income From Continuing And Discontinued Operation": NaN,
        "Diluted Average Shares": NaN,
        "Basic Average Shares": NaN,
        "Diluted EPS": NaN,
        "Basic EPS": NaN,
        "Diluted NI Availto Com Stockholders": NaN,
        "Net Income Common Stockholders": NaN,
        "Otherunder Preferred Stock Dividend": NaN,
        "Net Income": NaN,
        "Net Income Including Noncontrolling Interests": NaN,
        "Net Income Continuous Operations": NaN,
        "Tax Provision": NaN,
        "Pretax Income": NaN,
        "Special Income Charges": 606000.0,
        "Other Special Charges": -606000.0,
        "Securities Amortization": NaN,
        "Gain On Sale Of Security": NaN,
        "Depreciation Amortization Depletion Income Statement": NaN,
        "Depreciation And Amortization In Income Statement": NaN,
        "Amortization": NaN,
        "Amortization Of Intangibles Income Statement": NaN,
        "Selling General And Administration": NaN,
        "Selling And Marketing Expense": NaN,
        "General And Administrative Expense": NaN,
        "Insurance And Claims": NaN,
        "Salaries And Wages": NaN,
        "Total Revenue": NaN,
        "Operating Revenue": NaN,
        "Occupancy And Equipment": NaN,
        "Professional Expense And Contract Services Expense": NaN,
        "Other Non Interest Expense": NaN
    },
    "2023-03-31": {
        "Tax Effect Of Unusual Items": NaN,
        "Tax Rate For Calcs": NaN,
        "Total Unusual Items": NaN,
        "Total Unusual Items Excluding Goodwill": NaN,
        "Net Income From Continuing Operation Net Minority Interest": NaN,
        "Reconciled Depreciation": NaN,
        "Net Interest Income": NaN,
        "Interest Expense": NaN,
        "Interest Income": NaN,
        "Normalized Income": NaN,
        "Net Income From Continuing And Discontinued Operation": NaN,
        "Diluted Average Shares": NaN,
        "Basic Average Shares": NaN,
        "Diluted EPS": NaN,
        "Basic EPS": NaN,
        "Diluted NI Availto Com Stockholders": NaN,
        "Net Income Common Stockholders": NaN,
        "Otherunder Preferred Stock Dividend": NaN,
        "Net Income": NaN,
        "Net Income Including Noncontrolling Interests": NaN,
        "Net Income Continuous Operations": NaN,
        "Tax Provision": NaN,
        "Pretax Income": NaN,
        "Special Income Charges": NaN,
        "Other Special Charges": NaN,
        "Securities Amortization": NaN,
        "Gain On Sale Of Security": NaN,
        "Depreciation Amortization Depletion Income Statement": NaN,
        "Depreciation And Amortization In Income Statement": NaN,
        "Amortization": NaN,
        "Amortization Of Intangibles Income Statement": NaN,
        "Selling General And Administration": NaN,
        "Selling And Marketing Expense": NaN,
        "General And Administrative Expense": NaN,
        "Other Gand A": 5107000.0,
        "Insurance And Claims": NaN,
        "Salaries And Wages": NaN,
        "Total Revenue": NaN,
        "Operating Revenue": NaN,
        "Occupancy And Equipment": NaN,
        "Professional Expense And Contract Services Expense": NaN,
        "Other Non Interest Expense": NaN
    },
    "2022-12-31": {
        "Tax Effect Of Unusual Items": NaN,
        "Tax Rate For Calcs": NaN,
        "Total Unusual Items": 0.0,
        "Total Unusual Items Excluding Goodwill": 0.0,
        "Net Income From Continuing Operation Net Minority Interest": NaN,
        "Reconciled Depreciation": NaN,
        "Net Interest Income": NaN,
        "Interest Expense": NaN,
        "Interest Income": NaN,
        "Normalized Income": NaN,
        "Net Income From Continuing And Discontinued Operation": NaN,
        "Diluted Average Shares": NaN,
        "Basic Average Shares": NaN,
        "Diluted EPS": NaN,
        "Basic EPS": NaN,
        "Diluted NI Availto Com Stockholders": NaN,
        "Net Income Common Stockholders": NaN,
        "Otherunder Preferred Stock Dividend": NaN,
        "Net Income": NaN,
        "Net Income Including Noncontrolling Interests": NaN,
        "Net Income Continuous Operations": NaN,
        "Tax Provision": NaN,
        "Pretax Income": NaN,
        "Special Income Charges": 0.0,
        "Other Special Charges": NaN,
        "Securities Amortization": NaN,
        "Gain On Sale Of Security": NaN,
        "Depreciation Amortization Depletion Income Statement": NaN,
        "Depreciation And Amortization In Income Statement": NaN,
        "Amortization": NaN,
        "Amortization Of Intangibles Income Statement": NaN,
        "Selling General And Administration": NaN,
        "Selling And Marketing Expense": NaN,
        "General And Administrative Expense": NaN,
        "Other Gand A": NaN,
        "Insurance And Claims": NaN,
        "Salaries And Wages": NaN,
        "Total Revenue": NaN,
        "Operating Revenue": NaN,
        "Occupancy And Equipment": NaN,
        "Professional Expense And Contract Services Expense": NaN,
        "Other Non Interest Expense": NaN
    },
    "2022-09-30": {
        "Tax Effect Of Unusual Items": NaN,
        "Tax Rate For Calcs": NaN,
        "Total Unusual Items": 0.0,
        "Total Unusual Items Excluding Goodwill": 0.0,
        "Net Income From Continuing Operation Net Minority Interest": NaN,
        "Reconciled Depreciation": NaN,
        "Net Interest Income": NaN,
        "Interest Expense": NaN,
        "Interest Income": NaN,
        "Normalized Income": NaN,
        "Net Income From Continuing And Discontinued Operation": NaN,
        "Diluted Average Shares": NaN,
        "Basic Average Shares": NaN,
        "Diluted EPS": NaN,
        "Basic EPS": NaN,
        "Diluted NI Availto Com Stockholders": NaN,
        "Net Income Common Stockholders": NaN,
        "Otherunder Preferred Stock Dividend": NaN,
        "Net Income": NaN,
        "Net Income Including Noncontrolling Interests": NaN,
        "Net Income Continuous Operations": NaN,
        "Tax Provision": NaN,
        "Pretax Income": NaN,
        "Special Income Charges": 0.0,
        "Other Special Charges": NaN,
        "Securities Amortization": NaN,
        "Gain On Sale Of Security": NaN,
        "Depreciation Amortization Depletion Income Statement": NaN,
        "Depreciation And Amortization In Income Statement": NaN,
        "Amortization": NaN,
        "Amortization Of Intangibles Income Statement": NaN,
        "Selling General And Administration": NaN,
        "Selling And Marketing Expense": NaN,
        "General And Administrative Expense": NaN,
        "Other Gand A": 28999000.0,
        "Insurance And Claims": NaN,
        "Salaries And Wages": NaN,
        "Total Revenue": NaN,
        "Operating Revenue": NaN
    },
    "2022-06-30": {
        "Tax Effect Of Unusual Items": 0.0,
        "Tax Rate For Calcs": 0.212,
        "Total Unusual Items": 0.0,
        "Total Unusual Items Excluding Goodwill": 0.0,
        "Net Income From Continuing Operation Net Minority Interest": 121435000.0,
        "Reconciled Depreciation": 3586000.0,
        "Net Interest Income": 245732000.0,
        "Interest Expense": 9132000.0,
        "Interest Income": 254864000.0,
        "Normalized Income": 121435000.0,
        "Net Income From Continuing And Discontinued Operation": 121435000.0,
        "Diluted Average Shares": 86354000.0,
        "Basic Average Shares": 86067000.0,
        "Diluted EPS": 1.38,
        "Basic EPS": 1.39,
        "Diluted NI Availto Com Stockholders": 121435000.0,
        "Net Income Common Stockholders": 121435000.0,
        "Otherunder Preferred Stock Dividend": 1844000.0,
        "Net Income": 121435000.0,
        "Net Income Including Noncontrolling Interests": 121435000.0,
        "Net Income Continuous Operations": 121435000.0,
        "Tax Provision": 32614000.0,
        "Pretax Income": 154049000.0,
        "Special Income Charges": 0.0,
        "Securities Amortization": 1004000.0,
        "Gain On Sale Of Security": 2728000.0,
        "Depreciation Amortization Depletion Income Statement": 3586000.0,
        "Depreciation And Amortization In Income Statement": 3586000.0,
        "Amortization": 3586000.0,
        "Amortization Of Intangibles Income Statement": 3586000.0,
        "Selling General And Administration": 115170000.0,
        "Selling And Marketing Expense": 3512000.0,
        "General And Administrative Expense": 115170000.0,
        "Other Gand A": 33621000.0,
        "Insurance And Claims": 3503000.0,
        "Salaries And Wages": 115170000.0,
        "Total Revenue": 331385000.0,
        "Operating Revenue": 331385000.0
    },
    "2022-03-31": {
        "Diluted EPS": 1.4,
        "Total Revenue": 320,
        "Gross Profit": 312,
        "Operating Income": 154,
        "EBIT": NaN,
        "Net Income": 122
    },
    "2021-12-31": {
        "Diluted EPS": 1.55,
        "Total Revenue": 328,
        "Gross Profit": 319,
        "Operating Income": 165,
        "EBIT": NaN,
        "Net Income": 135
    },
    "2021-09-30": {
        "Diluted EPS": 1.46,
        "Total Revenue": 338,
        "Gross Profit": 328,
        "Operating Income": 160,
        "EBIT": NaN,
        "Net Income": 127
    },
    "2021-06-30": {
        "Diluted EPS": 1.0,
        "Total Revenue": 343,
        "Gross Profit": 329,
        "Operating Income": 109,
        "EBIT": NaN,
        "Net Income": 87
    },
    "2021-03-31": {
        "Diluted EPS": 1.21,
        "Total Revenue": 338,
        "Gross Profit": 322,
        "Operating Income": 134,
        "EBIT": NaN,
        "Net Income": 105
    },
    "2020-12-31": {
        "Diluted EPS": 1.2,
        "Total Revenue": 340,
        "Gross Profit": 321,
        "Operating Income": 103,
        "EBIT": NaN,
        "Net Income": 104
    },
    "2020-09-30": {
        "Diluted EPS": 0.9,
        "Total Revenue": 341,
        "Gross Profit": 319,
        "Operating Income": 98,
        "EBIT": NaN,
        "Net Income": 78
    },
    "2020-06-30": {
        "Diluted EPS": -1.36,
        "Total Revenue": 340,
        "Gross Profit": 312,
        "Operating Income": -192,
        "EBIT": NaN,
        "Net Income": -117
    },
    "2020-03-31": {
        "Diluted EPS": -1.28,
        "Total Revenue": 362,
        "Gross Profit": 316,
        "Operating Income": -135,
        "EBIT": NaN,
        "Net Income": -111
    },
    "2019-12-31": {
        "Diluted EPS": 1.03,
        "Total Revenue": 369,
        "Gross Profit": 316,
        "Operating Income": 109,
        "EBIT": NaN,
        "Net Income": 89
    },
    "2019-09-30": {
        "Diluted EPS": 0.77,
        "Total Revenue": 366,
        "Gross Profit": 306,
        "Operating Income": 80,
        "EBIT": NaN,
        "Net Income": 68
    },
    "2019-06-30": {
        "Diluted EPS": 1.01,
        "Total Revenue": 360,
        "Gross Profit": 299,
        "Operating Income": 107,
        "EBIT": NaN,
        "Net Income": 87
    },
    "2019-03-31": {
        "Diluted EPS": 0.91,
        "Total Revenue": 347,
        "Gross Profit": 290,
        "Operating Income": 96,
        "EBIT": NaN,
        "Net Income": 78
    },
    "2018-12-31": {
        "Diluted EPS": 1.11,
        "Total Revenue": 346,
        "Gross Profit": 292,
        "Operating Income": 105,
        "EBIT": NaN,
        "Net Income": 93
    },
    "2018-09-30": {
        "Diluted EPS": 0.96,
        "Total Revenue": 339,
        "Gross Profit": 290,
        "Operating Income": 102,
        "EBIT": NaN,
        "Net Income": 82
    },
    "2018-06-30": {
        "Diluted EPS": 0.82,
        "Total Revenue": 321,
        "Gross Profit": 280,
        "Operating Income": 87,
        "EBIT": NaN,
        "Net Income": 71
    },
    "2018-03-31": {
        "Diluted EPS": 0.83,
        "Total Revenue": 308,
        "Gross Profit": 272,
        "Operating Income": 89,
        "EBIT": NaN,
        "Net Income": 71
    },
    "2017-12-31": {
        "Diluted EPS": 0.63,
        "Total Revenue": 309,
        "Gross Profit": 278,
        "Operating Income": 95,
        "EBIT": NaN,
        "Net Income": 52
    },
    "2017-09-30": {
        "Diluted EPS": 0.68,
        "Total Revenue": 300,
        "Gross Profit": 270,
        "Operating Income": 79,
        "EBIT": NaN,
        "Net Income": 59
    },
    "2017-06-30": {
        "Diluted EPS": 0.6,
        "Total Revenue": 294,
        "Gross Profit": 267,
        "Operating Income": 69,
        "EBIT": NaN,
        "Net Income": 51
    },
    "2017-03-31": {
        "Diluted EPS": 0.57,
        "Total Revenue": 266,
        "Gross Profit": 245,
        "Operating Income": 66,
        "EBIT": NaN,
        "Net Income": 49
    },
    "2016-12-31": {
        "Diluted EPS": 0.64,
        "Total Revenue": 252,
        "Gross Profit": 234,
        "Operating Income": 63,
        "EBIT": NaN,
        "Net Income": 51
    },
    "2016-09-30": {
        "Diluted EPS": 0.59,
        "Total Revenue": 245,
        "Gross Profit": 227,
        "Operating Income": 58,
        "EBIT": NaN,
        "Net Income": 46
    },
    "2016-06-30": {
        "Diluted EPS": 0.59,
        "Total Revenue": 247,
        "Gross Profit": 229,
        "Operating Income": 61,
        "EBIT": NaN,
        "Net Income": 46
    },
    "2016-03-31": {
        "Diluted EPS": 0.05,
        "Total Revenue": 239,
        "Gross Profit": 221,
        "Operating Income": 5,
        "EBIT": NaN,
        "Net Income": 4
    },
    "2015-12-31": {
        "Diluted EPS": 0.19,
        "Total Revenue": 234,
        "Gross Profit": 218,
        "Operating Income": 12,
        "EBIT": NaN,
        "Net Income": 15
    },
    "2015-09-30": {
        "Diluted EPS": 0.52,
        "Total Revenue": 232,
        "Gross Profit": 217,
        "Operating Income": 56,
        "EBIT": NaN,
        "Net Income": 40
    },
    "2015-06-30": {
        "Diluted EPS": 0.44,
        "Total Revenue": 226,
        "Gross Profit": 213,
        "Operating Income": 47,
        "EBIT": NaN,
        "Net Income": 34
    },
    "2015-03-31": {
        "Diluted EPS": 0.49,
        "Total Revenue": 226,
        "Gross Profit": 215,
        "Operating Income": 55,
        "EBIT": NaN,
        "Net Income": 39
    },
    "2014-12-31": {
        "Diluted EPS": 0.48,
        "Total Revenue": 228,
        "Gross Profit": 218,
        "Operating Income": 54,
        "EBIT": NaN,
        "Net Income": 39
    },
    "2014-09-30": {
        "Diluted EPS": 0.56,
        "Total Revenue": 231,
        "Gross Profit": 221,
        "Operating Income": 63,
        "EBIT": NaN,
        "Net Income": 46
    },
    "2014-06-30": {
        "Diluted EPS": 0.48,
        "Total Revenue": 230,
        "Gross Profit": 221,
        "Operating Income": 58,
        "EBIT": NaN,
        "Net Income": 39
    },
    "2014-03-31": {
        "Diluted EPS": 0.58,
        "Total Revenue": 232,
        "Gross Profit": 222,
        "Operating Income": 67,
        "EBIT": NaN,
        "Net Income": 48
    },
    "2013-12-31": {
        "Diluted EPS": 0.42,
        "Total Revenue": 235,
        "Gross Profit": 225,
        "Operating Income": 43,
        "EBIT": NaN,
        "Net Income": 34
    },
    "2013-09-30": {
        "Diluted EPS": 0.4,
        "Total Revenue": 245,
        "Gross Profit": 235,
        "Operating Income": 45,
        "EBIT": NaN,
        "Net Income": 33
    },
    "2013-06-30": {
        "Diluted EPS": 0.55,
        "Total Revenue": 244,
        "Gross Profit": 233,
        "Operating Income": 63,
        "EBIT": NaN,
        "Net Income": 46
    },
    "2013-03-31": {
        "Diluted EPS": 0.56,
        "Total Revenue": 245,
        "Gross Profit": 234,
        "Operating Income": 65,
        "EBIT": NaN,
        "Net Income": 48
    },
    "2012-12-31": {
        "Diluted EPS": 0.53,
        "Total Revenue": 256,
        "Gross Profit": 245,
        "Operating Income": 71,
        "EBIT": NaN,
        "Net Income": 46
    },
    "2012-09-30": {
        "Diluted EPS": 0.55,
        "Total Revenue": 253,
        "Gross Profit": 241,
        "Operating Income": 63,
        "EBIT": NaN,
        "Net Income": 47
    },
    "2012-06-30": {
        "Diluted EPS": 0.46,
        "Total Revenue": 254,
        "Gross Profit": 241,
        "Operating Income": 53,
        "EBIT": NaN,
        "Net Income": 39
    },
    "2012-03-31": {
        "Diluted EPS": 0.21,
        "Total Revenue": 253,
        "Gross Profit": 238,
        "Operating Income": 22,
        "EBIT": NaN,
        "Net Income": 18
    },
    "2011-12-31": {
        "Diluted EPS": 0.16,
        "Total Revenue": 257,
        "Gross Profit": 239,
        "Operating Income": 29,
        "EBIT": NaN,
        "Net Income": 18
    },
    "2011-09-30": {
        "Diluted EPS": 0.36,
        "Total Revenue": 263,
        "Gross Profit": 242,
        "Operating Income": 39,
        "EBIT": NaN,
        "Net Income": 30
    },
    "2011-06-30": {
        "Diluted EPS": 0.22,
        "Total Revenue": 162,
        "Gross Profit": 146,
        "Operating Income": 15,
        "EBIT": NaN,
        "Net Income": 12
    },
    "2011-03-31": {
        "Diluted EPS": 0.41,
        "Total Revenue": 117,
        "Gross Profit": 101,
        "Operating Income": 19,
        "EBIT": NaN,
        "Net Income": 15
    },
    "2010-12-31": {
        "Diluted EPS": 0.46,
        "Total Revenue": 120,
        "Gross Profit": 104,
        "Operating Income": 37,
        "EBIT": NaN,
        "Net Income": 17
    },
    "2010-09-30": {
        "Diluted EPS": 0.4,
        "Total Revenue": 121,
        "Gross Profit": 102,
        "Operating Income": 18,
        "EBIT": NaN,
        "Net Income": 15
    },
    "2010-06-30": {
        "Diluted EPS": 0.17,
        "Total Revenue": 125,
        "Gross Profit": 103,
        "Operating Income": 7,
        "EBIT": NaN,
        "Net Income": 6
    },
    "2010-03-31": {
        "Diluted EPS": 0.37,
        "Total Revenue": 124,
        "Gross Profit": 98,
        "Operating Income": 16,
        "EBIT": NaN,
        "Net Income": 14
    },
    "2009-12-31": {
        "Diluted EPS": 0.92,
        "Total Revenue": 146,
        "Gross Profit": 124,
        "Operating Income": 57,
        "EBIT": NaN,
        "Net Income": 32
    },
    "2009-09-30": {
        "Diluted EPS": 0.47,
        "Total Revenue": 110,
        "Gross Profit": 88,
        "Operating Income": 19,
        "EBIT": NaN,
        "Net Income": 15
    },
    "2009-06-30": {
        "Diluted EPS": 0.43,
        "Total Revenue": 115,
        "Gross Profit": 91,
        "Operating Income": 16,
        "EBIT": NaN,
        "Net Income": 14
    },
    "2009-03-31": {
        "Diluted EPS": 0.44,
        "Total Revenue": 111,
        "Gross Profit": 83,
        "Operating Income": 18,
        "EBIT": NaN,
        "Net Income": 14
    },
    "2023-09-30": {
        "Tax Effect Of Unusual Items": NaN,
        "Tax Rate For Calcs": NaN,
        "Total Unusual Items": 1297000.0,
        "Total Unusual Items Excluding Goodwill": 1297000.0,
        "Net Income From Continuing Operation Net Minority Interest": NaN,
        "Reconciled Depreciation": NaN,
        "Net Interest Income": NaN,
        "Interest Expense": NaN,
        "Interest Income": NaN,
        "Normalized Income": NaN,
        "Net Income From Continuing And Discontinued Operation": NaN,
        "Diluted Average Shares": 87266071.0,
        "Basic Average Shares": 87266071.0,
        "Diluted EPS": 1.12,
        "Basic EPS": 1.12,
        "Diluted NI Availto Com Stockholders": NaN,
        "Net Income Common Stockholders": NaN,
        "Otherunder Preferred Stock Dividend": NaN,
        "Net Income": NaN,
        "Net Income Including Noncontrolling Interests": NaN,
        "Net Income Continuous Operations": NaN,
        "Tax Provision": NaN,
        "Pretax Income": NaN,
        "Special Income Charges": 1297000.0,
        "Other Special Charges": -1297000.0,
        "Securities Amortization": NaN,
        "Gain On Sale Of Security": NaN,
        "Depreciation Amortization Depletion Income Statement": NaN,
        "Depreciation And Amortization In Income Statement": NaN,
        "Amortization": NaN,
        "Amortization Of Intangibles Income Statement": NaN,
        "Selling General And Administration": NaN,
        "Selling And Marketing Expense": NaN,
        "General And Administrative Expense": NaN,
        "Insurance And Claims": NaN,
        "Salaries And Wages": NaN,
        "Total Revenue": NaN,
        "Operating Revenue": NaN,
        "Occupancy And Equipment": NaN,
        "Professional Expense And Contract Services Expense": NaN,
        "Other Non Interest Expense": NaN
    },
    "2023-12-31": {
        "Tax Effect Of Unusual Items": 0.0,
        "Tax Rate For Calcs": 0.187857,
        "Total Unusual Items": NaN,
        "Total Unusual Items Excluding Goodwill": NaN,
        "Net Income From Continuing Operation Net Minority Interest": 50603000.0,
        "Reconciled Depreciation": 11209000.0,
        "Net Interest Income": 269460000.0,
        "Interest Expense": 157334000.0,
        "Interest Income": 426794000.0,
        "Normalized Income": 50603000.0,
        "Net Income From Continuing And Discontinued Operation": 50603000.0,
        "Diluted Average Shares": 87246552.0,
        "Basic Average Shares": 87246552.0,
        "Diluted EPS": 0.58,
        "Basic EPS": 0.58,
        "Diluted NI Availto Com Stockholders": 50163000.0,
        "Net Income Common Stockholders": 50163000.0,
        "Otherunder Preferred Stock Dividend": 440000.0,
        "Net Income": 50603000.0,
        "Net Income Including Noncontrolling Interests": 50603000.0,
        "Net Income Continuous Operations": 50603000.0,
        "Tax Provision": 11705000.0,
        "Pretax Income": 62308000.0,
        "Special Income Charges": NaN,
        "Other Special Charges": NaN,
        "Securities Amortization": 1494000.0,
        "Gain On Sale Of Security": -66545000.0,
        "Depreciation Amortization Depletion Income Statement": 2672000.0,
        "Depreciation And Amortization In Income Statement": 2672000.0,
        "Amortization": 2672000.0,
        "Amortization Of Intangibles Income Statement": 2672000.0,
        "Selling General And Administration": 145923000.0,
        "Selling And Marketing Expense": 3101000.0,
        "General And Administrative Expense": 142822000.0,
        "Insurance And Claims": 31745000.0,
        "Salaries And Wages": 111077000.0,
        "Total Revenue": 289023000.0,
        "Operating Revenue": 289023000.0,
        "Occupancy And Equipment": 17523000.0,
        "Professional Expense And Contract Services Expense": 10766000.0,
        "Other Non Interest Expense": 50773000.0
    },
    "2024-03-31": {
        "Tax Effect Of Unusual Items": 515231.752318,
        "Tax Rate For Calcs": 0.185402,
        "Total Unusual Items": 2779000.0,
        "Total Unusual Items Excluding Goodwill": 2779000.0,
        "Net Income From Continuing Operation Net Minority Interest": 108612000.0,
        "Reconciled Depreciation": 10702000.0,
        "Net Interest Income": 266171000.0,
        "Interest Expense": 155513000.0,
        "Interest Income": 421684000.0,
        "Normalized Income": 106348231.752318,
        "Net Income From Continuing And Discontinued Operation": 108612000.0,
        "Diluted Average Shares": 86889600.0,
        "Basic Average Shares": 86889600.0,
        "Diluted EPS": 1.24,
        "Basic EPS": 1.25,
        "Diluted NI Availto Com Stockholders": 107828000.0,
        "Net Income Common Stockholders": 107828000.0,
        "Otherunder Preferred Stock Dividend": 784000.0,
        "Net Income": 108612000.0,
        "Net Income Including Noncontrolling Interests": 108612000.0,
        "Net Income Continuous Operations": 108612000.0,
        "Tax Provision": 24720000.0,
        "Pretax Income": 133332000.0,
        "Special Income Charges": 2779000.0,
        "Other Special Charges": -2779000.0,
        "Securities Amortization": 1554000.0,
        "Gain On Sale Of Security": -2802000.0,
        "Depreciation Amortization Depletion Income Statement": 2526000.0,
        "Depreciation And Amortization In Income Statement": 2526000.0,
        "Amortization": 2526000.0,
        "Amortization Of Intangibles Income Statement": 2526000.0,
        "Selling General And Administration": 128171000.0,
        "Selling And Marketing Expense": 2907000.0,
        "General And Administrative Expense": 125264000.0,
        "Insurance And Claims": 8931000.0,
        "Salaries And Wages": 116333000.0,
        "Total Revenue": 351243000.0,
        "Operating Revenue": 351243000.0,
        "Occupancy And Equipment": 17623000.0,
        "Professional Expense And Contract Services Expense": 9036000.0,
        "Other Non Interest Expense": 48812000.0
    },
    "2024-06-30": {
        "Tax Effect Of Unusual Items": 218211.741967,
        "Tax Rate For Calcs": 0.209215,
        "Total Unusual Items": 1043000.0,
        "Total Unusual Items Excluding Goodwill": 1043000.0,
        "Net Income From Continuing Operation Net Minority Interest": 114557000.0,
        "Reconciled Depreciation": 10582000.0,
        "Net Interest Income": 270430000.0,
        "Interest Expense": 157115000.0,
        "Interest Income": 427545000.0,
        "Normalized Income": 113732211.741967,
        "Net Income From Continuing And Discontinued Operation": 114557000.0,
        "Diluted Average Shares": 86765000.0,
        "Basic Average Shares": 86510000.0,
        "Diluted EPS": 1.31,
        "Basic EPS": 1.31,
        "Diluted NI Availto Com Stockholders": 113747000.0,
        "Net Income Common Stockholders": 113747000.0,
        "Otherunder Preferred Stock Dividend": 810000.0,
        "Net Income": 114557000.0,
        "Net Income Including Noncontrolling Interests": 114557000.0,
        "Net Income Continuous Operations": 114557000.0,
        "Tax Provision": 30308000.0,
        "Pretax Income": 144865000.0,
        "Special Income Charges": 1043000.0,
        "Other Special Charges": -1043000.0,
        "Securities Amortization": 1555000.0,
        "Gain On Sale Of Security": -1060000.0,
        "Depreciation Amortization Depletion Income Statement": 2389000.0,
        "Depreciation And Amortization In Income Statement": 2389000.0,
        "Amortization": 2389000.0,
        "Amortization Of Intangibles Income Statement": 2389000.0,
        "Selling General And Administration": 123498000.0,
        "Selling And Marketing Expense": 3271000.0,
        "General And Administrative Expense": 120227000.0,
        "Insurance And Claims": 6008000.0,
        "Salaries And Wages": 114219000.0,
        "Total Revenue": 358561000.0,
        "Operating Revenue": 358561000.0,
        "Occupancy And Equipment": 17470000.0,
        "Professional Expense And Contract Services Expense": 9458000.0,
        "Other Non Interest Expense": 51646000.0
    },
    "2024-09-30": {
        "Tax Effect Of Unusual Items": 600372.0,
        "Tax Rate For Calcs": 0.204,
        "Total Unusual Items": 2943000.0,
        "Total Unusual Items Excluding Goodwill": 2943000.0,
        "Net Income From Continuing Operation Net Minority Interest": 115572000.0,
        "Reconciled Depreciation": 10453000.0,
        "Net Interest Income": 271764000.0,
        "Interest Expense": 157712000.0,
        "Interest Income": 429476000.0,
        "Normalized Income": 113229372.0,
        "Net Income From Continuing And Discontinued Operation": 115572000.0,
        "Diluted Average Shares": 86560000.0,
        "Basic Average Shares": 86234000.0,
        "Diluted EPS": 1.33,
        "Basic EPS": 1.33,
        "Diluted NI Availto Com Stockholders": 114800000.0,
        "Net Income Common Stockholders": 114800000.0,
        "Otherunder Preferred Stock Dividend": 772000.0,
        "Net Income": 115572000.0,
        "Net Income Including Noncontrolling Interests": 115572000.0,
        "Net Income Continuous Operations": 115572000.0,
        "Tax Provision": 29684000.0,
        "Pretax Income": 145256000.0,
        "Special Income Charges": 2943000.0,
        "Other Special Charges": -2943000.0,
        "Securities Amortization": 1585000.0,
        "Gain On Sale Of Security": 923000.0,
        "Depreciation Amortization Depletion Income Statement": 2292000.0,
        "Depreciation And Amortization In Income Statement": 2292000.0,
        "Amortization": 2292000.0,
        "Amortization Of Intangibles Income Statement": 2292000.0,
        "Selling General And Administration": 120186000.0,
        "Selling And Marketing Expense": 3331000.0,
        "General And Administrative Expense": 116855000.0,
        "Insurance And Claims": 5480000.0,
        "Salaries And Wages": 111375000.0,
        "Total Revenue": 364716000.0,
        "Operating Revenue": 364716000.0,
        "Occupancy And Equipment": 18127000.0,
        "Professional Expense And Contract Services Expense": 10984000.0,
        "Other Non Interest Expense": 50665000.0
    },
    "2024-12-31": {
        "Tax Effect Of Unusual Items": 199379.019399,
        "Tax Rate For Calcs": 0.188985,
        "Total Unusual Items": 1055000.0,
        "Total Unusual Items Excluding Goodwill": 1055000.0,
        "Net Income From Continuing Operation Net Minority Interest": 122074000.0,
        "Reconciled Depreciation": 9977000.0,
        "Net Interest Income": 273556000.0,
        "Interest Expense": 140730000.0,
        "Interest Income": 414286000.0,
        "Normalized Income": 121218379.019399,
        "Net Income From Continuing And Discontinued Operation": 122074000.0,
        "Diluted Average Shares": 86602000.0,
        "Basic Average Shares": 86577305.0,
        "Diluted EPS": 1.4,
        "Basic EPS": 1.41,
        "Diluted NI Availto Com Stockholders": 121413000.0,
        "Net Income Common Stockholders": 121413000.0,
        "Otherunder Preferred Stock Dividend": 661000.0,
        "Net Income": 122074000.0,
        "Net Income Including Noncontrolling Interests": 122074000.0,
        "Net Income Continuous Operations": 122074000.0,
        "Tax Provision": 28446000.0,
        "Pretax Income": 150520000.0,
        "Special Income Charges": 1055000.0,
        "Other Special Charges": -1055000.0,
        "Securities Amortization": 1556000.0,
        "Gain On Sale Of Security": -851000.0,
        "Depreciation Amortization Depletion Income Statement": 2206000.0,
        "Depreciation And Amortization In Income Statement": 2206000.0,
        "Amortization": 2206000.0,
        "Amortization Of Intangibles Income Statement": 2206000.0,
        "Selling General And Administration": 116917000.0,
        "Selling And Marketing Expense": 3789000.0,
        "General And Administrative Expense": 113128000.0,
        "Insurance And Claims": 3790000.0,
        "Salaries And Wages": 109338000.0,
        "Total Revenue": 363710000.0,
        "Operating Revenue": 363710000.0,
        "Occupancy And Equipment": 17862000.0,
        "Professional Expense And Contract Services Expense": 12457000.0,
        "Other Non Interest Expense": 51335000.0
    },
    "2025-03-31": {
        "Tax Effect Of Unusual Items": 369358.451483,
        "Tax Rate For Calcs": 0.198901,
        "Total Unusual Items": 1857000.0,
        "Total Unusual Items Excluding Goodwill": 1857000.0,
        "Net Income From Continuing Operation Net Minority Interest": 119504000.0,
        "Reconciled Depreciation": 9905000.0,
        "Net Interest Income": 269905000.0,
        "Interest Expense": 125416000.0,
        "Interest Income": 395321000.0,
        "Normalized Income": 118016358.451483,
        "Net Income From Continuing And Discontinued Operation": 119504000.0,
        "Diluted Average Shares": 86462000.0,
        "Basic Average Shares": 86092000.0,
        "Diluted EPS": 1.38,
        "Basic EPS": 1.38,
        "Diluted NI Availto Com Stockholders": 118983000.0,
        "Net Income Common Stockholders": 118983000.0,
        "Otherunder Preferred Stock Dividend": 521000.0,
        "Net Income": 119504000.0,
        "Net Income Including Noncontrolling Interests": 119504000.0,
        "Net Income Continuous Operations": 119504000.0,
        "Tax Provision": 29671000.0,
        "Pretax Income": 149175000.0,
        "Special Income Charges": 1857000.0,
        "Other Special Charges": -1857000.0,
        "Securities Amortization": 1068000.0,
        "Gain On Sale Of Security": -271000.0,
        "Depreciation Amortization Depletion Income Statement": 2113000.0,
        "Depreciation And Amortization In Income Statement": 2113000.0,
        "Amortization": 2113000.0,
        "Amortization Of Intangibles Income Statement": 2113000.0,
        "Selling General And Administration": 118504000.0,
        "Selling And Marketing Expense": 3015000.0,
        "General And Administrative Expense": 115489000.0,
        "Insurance And Claims": 5026000.0,
        "Salaries And Wages": 110463000.0,
        "Total Revenue": 362839000.0,
        "Operating Revenue": 362839000.0,
        "Occupancy And Equipment": 17671000.0,
        "Professional Expense And Contract Services Expense": 12235000.0,
        "Other Non Interest Expense": 53468000.0
    },
    "2025-06-30": {
        "Tax Effect Of Unusual Items": 222740.0,
        "Tax Rate For Calcs": 0.215,
        "Total Unusual Items": 1036000.0,
        "Total Unusual Items Excluding Goodwill": 1036000.0,
        "Net Income From Continuing Operation Net Minority Interest": 113531000.0,
        "Reconciled Depreciation": 9753000.0,
        "Net Interest Income": 276959000.0,
        "Interest Expense": 125622000.0,
        "Interest Income": 402581000.0,
        "Normalized Income": 112717740.0,
        "Net Income From Continuing And Discontinued Operation": 113531000.0,
        "Diluted Average Shares": 85943000.0,
        "Basic Average Shares": 85577000.0,
        "Diluted EPS": 1.32,
        "Basic EPS": 1.32,
        "Diluted NI Availto Com Stockholders": 113045000.0,
        "Net Income Common Stockholders": 113045000.0,
        "Otherunder Preferred Stock Dividend": 486000.0,
        "Net Income": 113531000.0,
        "Net Income Including Noncontrolling Interests": 113531000.0,
        "Net Income Continuous Operations": 113531000.0,
        "Tax Provision": 31048000.0,
        "Pretax Income": 144579000.0,
        "Special Income Charges": 1036000.0,
        "Other Special Charges": -1036000.0,
        "Securities Amortization": 1068000.0,
        "Gain On Sale Of Security": 1969000.0,
        "Depreciation Amortization Depletion Income Statement": 2524000.0,
        "Depreciation And Amortization In Income Statement": 2524000.0,
        "Amortization": 2524000.0,
        "Amortization Of Intangibles Income Statement": 2524000.0,
        "Selling General And Administration": 120415000.0,
        "Selling And Marketing Expense": 2988000.0,
        "General And Administrative Expense": 117427000.0,
        "Insurance And Claims": 4822000.0,
        "Salaries And Wages": 112605000.0,
        "Total Revenue": 374447000.0,
        "Operating Revenue": 374447000.0,
        "Occupancy And Equipment": 18366000.0,
        "Professional Expense And Contract Services Expense": 16371000.0,
        "Other Non Interest Expense": 57235000.0
    }
}