{
    "2023-06-30": {
        "Tax Effect Of Unusual Items": 0.0,
        "Tax Rate For Calcs": 0.221,
        "Normalized EBITDA": 92300000.0,
        "Net Income From Continuing Operation Net Minority Interest": 42500000.0,
        "Reconciled Depreciation": 31000000.0,
        "Reconciled Cost Of Revenue": 343500000.0,
        "EBITDA": 92300000.0,
        "EBIT": 61300000.0,
        "Net Interest Income": -9200000.0,
        "Interest Expense": 9200000.0,
        "Normalized Income": 42500000.0,
        "Net Income From Continuing And Discontinued Operation": 42500000.0,
        "Total Expenses": 393000000.0,
        "Total Operating Income As Reported": 61300000.0,
        "Diluted Average Shares": 85600000.0,
        "Basic Average Shares": 84700000.0,
        "Diluted EPS": 0.5,
        "Basic EPS": 0.5,
        "Diluted NI Availto Com Stockholders": 42500000.0,
        "Net Income Common Stockholders": 42500000.0,
        "Net Income": 42500000.0,
        "Net Income Including Noncontrolling Interests": 42500000.0,
        "Net Income Continuous Operations": 42500000.0,
        "Earnings From Equity Interest Net Of Tax": 1900000.0,
        "Tax Provision": 11500000.0,
        "Pretax Income": 52100000.0,
        "Net Non Operating Interest Income Expense": -9200000.0,
        "Interest Expense Non Operating": 9200000.0,
        "Operating Income": 61300000.0,
        "Operating Expense": 49500000.0,
        "Other Operating Expenses": 500000.0,
        "Research And Development": 13300000.0,
        "Selling General And Administration": 35700000.0,
        "Gross Profit": 110800000.0,
        "Cost Of Revenue": 343500000.0,
        "Total Revenue": 454300000.0,
        "Operating Revenue": 454300000.0
    },
    "2023-03-31": {
        "Tax Effect Of Unusual Items": 0.0,
        "Tax Rate For Calcs": 0.219,
        "Normalized EBITDA": 93500000.0,
        "Net Income From Continuing Operation Net Minority Interest": 42700000.0,
        "Reconciled Depreciation": 30700000.0,
        "Reconciled Cost Of Revenue": 330000000.0,
        "EBITDA": 93500000.0,
        "EBIT": 62800000.0,
        "Net Interest Income": -9400000.0,
        "Interest Expense": 9400000.0,
        "Normalized Income": 42700000.0,
        "Net Income From Continuing And Discontinued Operation": 42700000.0,
        "Total Expenses": 394900000.0,
        "Total Operating Income As Reported": 62800000.0,
        "Diluted Average Shares": 85500000.0,
        "Basic Average Shares": 84600000.0,
        "Diluted EPS": 0.5,
        "Basic EPS": 0.5,
        "Diluted NI Availto Com Stockholders": 42700000.0,
        "Net Income Common Stockholders": 42700000.0,
        "Net Income": 42700000.0,
        "Net Income Including Noncontrolling Interests": 42700000.0,
        "Net Income Continuous Operations": 42700000.0,
        "Earnings From Equity Interest Net Of Tax": 1000000.0,
        "Tax Provision": 11700000.0,
        "Pretax Income": 53400000.0,
        "Other Income Expense": NaN,
        "Other Non Operating Income Expenses": NaN,
        "Net Non Operating Interest Income Expense": -9400000.0,
        "Interest Expense Non Operating": 9400000.0,
        "Operating Income": 62800000.0,
        "Operating Expense": 64900000.0,
        "Other Operating Expenses": 200000.0,
        "Research And Development": 13900000.0,
        "Selling General And Administration": 50800000.0,
        "Gross Profit": 127700000.0,
        "Cost Of Revenue": 330000000.0,
        "Total Revenue": 457700000.0,
        "Operating Revenue": 457700000.0
    },
    "2022-12-31": {
        "Tax Effect Of Unusual Items": NaN,
        "Tax Rate For Calcs": NaN,
        "Normalized EBITDA": NaN,
        "Net Income From Continuing Operation Net Minority Interest": NaN,
        "Reconciled Depreciation": NaN,
        "Reconciled Cost Of Revenue": NaN,
        "EBITDA": NaN,
        "EBIT": NaN,
        "Net Interest Income": NaN,
        "Interest Expense": NaN,
        "Normalized Income": NaN,
        "Net Income From Continuing And Discontinued Operation": NaN,
        "Total Expenses": NaN,
        "Total Operating Income As Reported": NaN,
        "Diluted Average Shares": NaN,
        "Basic Average Shares": NaN,
        "Diluted EPS": NaN,
        "Basic EPS": NaN,
        "Diluted NI Availto Com Stockholders": NaN,
        "Net Income Common Stockholders": NaN,
        "Net Income": NaN,
        "Net Income Including Noncontrolling Interests": NaN,
        "Net Income Continuous Operations": NaN,
        "Earnings From Equity Interest Net Of Tax": NaN,
        "Tax Provision": NaN,
        "Pretax Income": NaN,
        "Other Income Expense": 10500000.0,
        "Other Non Operating Income Expenses": 10500000.0,
        "Net Non Operating Interest Income Expense": NaN,
        "Interest Expense Non Operating": NaN,
        "Operating Income": NaN,
        "Operating Expense": NaN,
        "Other Operating Expenses": NaN,
        "Research And Development": NaN,
        "Selling General And Administration": NaN,
        "Gross Profit": NaN,
        "Cost Of Revenue": NaN,
        "Total Revenue": NaN,
        "Operating Revenue": NaN
    },
    "2022-09-30": {
        "Tax Effect Of Unusual Items": 0.0,
        "Tax Rate For Calcs": 0.214,
        "Normalized EBITDA": 71800000.0,
        "Net Income From Continuing Operation Net Minority Interest": 26800000.0,
        "Reconciled Depreciation": 31000000.0,
        "Reconciled Cost Of Revenue": 282900000.0,
        "EBITDA": 71800000.0,
        "EBIT": 40800000.0,
        "Net Interest Income": -9000000.0,
        "Interest Expense": 9000000.0,
        "Normalized Income": 26800000.0,
        "Net Income From Continuing And Discontinued Operation": 26800000.0,
        "Total Expenses": 323900000.0,
        "Total Operating Income As Reported": 40800000.0,
        "Diluted Average Shares": 85100000.0,
        "Basic Average Shares": 84400000.0,
        "Diluted EPS": 0.31,
        "Basic EPS": 0.32,
        "Diluted NI Availto Com Stockholders": 26800000.0,
        "Net Income Common Stockholders": 26800000.0,
        "Net Income": 26800000.0,
        "Net Income Including Noncontrolling Interests": 26800000.0,
        "Net Income Continuous Operations": 26800000.0,
        "Earnings From Equity Interest Net Of Tax": 1800000.0,
        "Tax Provision": 6800000.0,
        "Pretax Income": 31800000.0,
        "Other Income Expense": NaN,
        "Other Non Operating Income Expenses": NaN,
        "Net Non Operating Interest Income Expense": -9000000.0,
        "Interest Expense Non Operating": 9000000.0,
        "Operating Income": 40800000.0,
        "Operating Expense": 41000000.0,
        "Other Operating Expenses": 400000.0,
        "Research And Development": 11600000.0,
        "Selling General And Administration": 29000000.0,
        "Gross Profit": 81800000.0,
        "Cost Of Revenue": 282900000.0,
        "Total Revenue": 364700000.0,
        "Operating Revenue": 364700000.0
    },
    "2022-06-30": {
        "Tax Effect Of Unusual Items": 0.0,
        "Tax Rate For Calcs": 0.229,
        "Normalized EBITDA": 95800000.0,
        "Net Income From Continuing Operation Net Minority Interest": 44700000.0,
        "Reconciled Depreciation": 31700000.0,
        "Reconciled Cost Of Revenue": 303500000.0,
        "EBITDA": 95800000.0,
        "EBIT": 64100000.0,
        "Net Interest Income": -8900000.0,
        "Interest Expense": 8900000.0,
        "Normalized Income": 44700000.0,
        "Net Income From Continuing And Discontinued Operation": 44700000.0,
        "Total Expenses": 329200000.0,
        "Total Operating Income As Reported": 63800000.0,
        "Diluted Average Shares": 85000000.0,
        "Basic Average Shares": 84400000.0,
        "Diluted EPS": 0.53,
        "Basic EPS": 0.53,
        "Diluted NI Availto Com Stockholders": 44700000.0,
        "Net Income Common Stockholders": 44700000.0,
        "Net Income": 44700000.0,
        "Net Income Including Noncontrolling Interests": 44700000.0,
        "Net Income Continuous Operations": 44700000.0,
        "Earnings From Equity Interest Net Of Tax": 2200000.0,
        "Tax Provision": 12700000.0,
        "Pretax Income": 55200000.0,
        "Other Income Expense": 300000.0,
        "Other Non Operating Income Expenses": 300000.0,
        "Net Non Operating Interest Income Expense": -8900000.0,
        "Interest Expense Non Operating": 8900000.0,
        "Operating Income": 63800000.0,
        "Operating Expense": 25700000.0,
        "Other Operating Expenses": -19100000.0,
        "Research And Development": 11300000.0,
        "Selling General And Administration": 33500000.0,
        "Gross Profit": 89500000.0,
        "Cost Of Revenue": 303500000.0,
        "Total Revenue": 393000000.0,
        "Operating Revenue": 393000000.0
    },
    "2022-03-31": {
        "Diluted EPS": 0.21,
        "Total Revenue": 391,
        "Gross Profit": 87,
        "Operating Income": 30,
        "EBIT": 63,
        "Net Income": 18
    },
    "2021-12-31": {
        "Diluted EPS": 0.22,
        "Total Revenue": 360,
        "Gross Profit": 69,
        "Operating Income": 23,
        "EBIT": 59,
        "Net Income": 19
    },
    "2021-09-30": {
        "Diluted EPS": 0.11,
        "Total Revenue": 334,
        "Gross Profit": 66,
        "Operating Income": 23,
        "EBIT": 57,
        "Net Income": 9
    },
    "2021-06-30": {
        "Diluted EPS": 0.03,
        "Total Revenue": 320,
        "Gross Profit": 62,
        "Operating Income": 16,
        "EBIT": 51,
        "Net Income": 2
    },
    "2021-03-31": {
        "Diluted EPS": -0.17,
        "Total Revenue": 310,
        "Gross Profit": 53,
        "Operating Income": -10,
        "EBIT": 26,
        "Net Income": -14
    },
    "2020-12-31": {
        "Diluted EPS": -0.23,
        "Total Revenue": 296,
        "Gross Profit": 30,
        "Operating Income": -20,
        "EBIT": 15,
        "Net Income": -19
    },
    "2020-09-30": {
        "Diluted EPS": 0.12,
        "Total Revenue": 287,
        "Gross Profit": 14,
        "Operating Income": -38,
        "EBIT": -2,
        "Net Income": 10
    },
    "2020-06-30": {
        "Diluted EPS": -0.01,
        "Total Revenue": 379,
        "Gross Profit": 55,
        "Operating Income": 6,
        "EBIT": 42,
        "Net Income": -1
    },
    "2020-03-31": {
        "Diluted EPS": 0.5,
        "Total Revenue": 541,
        "Gross Profit": 141,
        "Operating Income": 66,
        "EBIT": 102,
        "Net Income": 42
    },
    "2019-12-31": {
        "Diluted EPS": 0.86,
        "Total Revenue": 564,
        "Gross Profit": 147,
        "Operating Income": 97,
        "EBIT": 132,
        "Net Income": 73
    },
    "2019-09-30": {
        "Diluted EPS": 0.93,
        "Total Revenue": 573,
        "Gross Profit": 158,
        "Operating Income": 110,
        "EBIT": 145,
        "Net Income": 80
    },
    "2019-06-30": {
        "Diluted EPS": 0.94,
        "Total Revenue": 609,
        "Gross Profit": 169,
        "Operating Income": 115,
        "EBIT": 150,
        "Net Income": 81
    },
    "2019-03-31": {
        "Diluted EPS": 0.84,
        "Total Revenue": 610,
        "Gross Profit": 167,
        "Operating Income": 103,
        "EBIT": 142,
        "Net Income": 72
    },
    "2018-12-31": {
        "Diluted EPS": 0.76,
        "Total Revenue": 561,
        "Gross Profit": 150,
        "Operating Income": 96,
        "EBIT": 129,
        "Net Income": 66
    },
    "2018-09-30": {
        "Diluted EPS": 0.91,
        "Total Revenue": 541,
        "Gross Profit": 143,
        "Operating Income": 97,
        "EBIT": 128,
        "Net Income": 80
    },
    "2018-06-30": {
        "Diluted EPS": 0.76,
        "Total Revenue": 548,
        "Gross Profit": 145,
        "Operating Income": 97,
        "EBIT": 127,
        "Net Income": 69
    },
    "2018-03-31": {
        "Diluted EPS": 0.68,
        "Total Revenue": 540,
        "Gross Profit": 143,
        "Operating Income": 82,
        "EBIT": 113,
        "Net Income": 62
    },
    "2017-12-31": {
        "Diluted EPS": 0.96,
        "Total Revenue": 512,
        "Gross Profit": 142,
        "Operating Income": 93,
        "EBIT": 122,
        "Net Income": 88
    },
    "2017-09-30": {
        "Diluted EPS": 0.76,
        "Total Revenue": 492,
        "Gross Profit": 136,
        "Operating Income": 89,
        "EBIT": 116,
        "Net Income": 70
    },
    "2017-06-30": {
        "Diluted EPS": 0.67,
        "Total Revenue": 491,
        "Gross Profit": 140,
        "Operating Income": 90,
        "EBIT": 115,
        "Net Income": 62
    },
    "2017-03-31": {
        "Diluted EPS": 0.7,
        "Total Revenue": 479,
        "Gross Profit": 134,
        "Operating Income": 79,
        "EBIT": 103,
        "Net Income": 65
    },
    "2016-12-31": {
        "Diluted EPS": 0.64,
        "Total Revenue": 484,
        "Gross Profit": 136,
        "Operating Income": 87,
        "EBIT": 112,
        "Net Income": 60
    },
    "2016-09-30": {
        "Diluted EPS": 0.72,
        "Total Revenue": 501,
        "Gross Profit": 136,
        "Operating Income": 89,
        "EBIT": 113,
        "Net Income": 68
    },
    "2016-06-30": {
        "Diluted EPS": 0.7,
        "Total Revenue": 523,
        "Gross Profit": 150,
        "Operating Income": 100,
        "EBIT": 124,
        "Net Income": 66
    },
    "2016-03-31": {
        "Diluted EPS": 0.59,
        "Total Revenue": 498,
        "Gross Profit": 143,
        "Operating Income": 84,
        "EBIT": 106,
        "Net Income": 56
    },
    "2015-12-31": {
        "Diluted EPS": 0.56,
        "Total Revenue": 465,
        "Gross Profit": 128,
        "Operating Income": 81,
        "EBIT": 101,
        "Net Income": 54
    },
    "2015-09-30": {
        "Diluted EPS": 0.55,
        "Total Revenue": 449,
        "Gross Profit": 124,
        "Operating Income": 78,
        "EBIT": 98,
        "Net Income": 54
    },
    "2015-06-30": {
        "Diluted EPS": 0.63,
        "Total Revenue": 476,
        "Gross Profit": 139,
        "Operating Income": 91,
        "EBIT": 110,
        "Net Income": 62
    },
    "2015-03-31": {
        "Diluted EPS": 0.7,
        "Total Revenue": 472,
        "Gross Profit": 142,
        "Operating Income": 83,
        "EBIT": 101,
        "Net Income": 68
    },
    "2014-12-31": {
        "Diluted EPS": 0.54,
        "Total Revenue": 472,
        "Gross Profit": 129,
        "Operating Income": 77,
        "EBIT": 96,
        "Net Income": 53
    },
    "2014-09-30": {
        "Diluted EPS": 0.57,
        "Total Revenue": 452,
        "Gross Profit": 122,
        "Operating Income": 79,
        "EBIT": 98,
        "Net Income": 56
    },
    "2014-06-30": {
        "Diluted EPS": 0.51,
        "Total Revenue": 470,
        "Gross Profit": 129,
        "Operating Income": 75,
        "EBIT": 93,
        "Net Income": 51
    },
    "2014-03-31": {
        "Diluted EPS": 0.5,
        "Total Revenue": 462,
        "Gross Profit": 129,
        "Operating Income": 75,
        "EBIT": 92,
        "Net Income": 50
    },
    "2013-12-31": {
        "Diluted EPS": 0.45,
        "Total Revenue": 427,
        "Gross Profit": 113,
        "Operating Income": 67,
        "EBIT": 84,
        "Net Income": 47
    },
    "2013-09-30": {
        "Diluted EPS": 0.48,
        "Total Revenue": 412,
        "Gross Profit": 112,
        "Operating Income": 69,
        "EBIT": 84,
        "Net Income": 49
    },
    "2013-06-30": {
        "Diluted EPS": 0.48,
        "Total Revenue": 423,
        "Gross Profit": 117,
        "Operating Income": 72,
        "EBIT": 87,
        "Net Income": 49
    },
    "2013-03-31": {
        "Diluted EPS": 0.43,
        "Total Revenue": 417,
        "Gross Profit": 112,
        "Operating Income": 63,
        "EBIT": 78,
        "Net Income": 44
    },
    "2012-12-31": {
        "Diluted EPS": 0.36,
        "Total Revenue": 387,
        "Gross Profit": 96,
        "Operating Income": 54,
        "EBIT": 69,
        "Net Income": 37
    },
    "2012-09-30": {
        "Diluted EPS": 0.39,
        "Total Revenue": 392,
        "Gross Profit": 99,
        "Operating Income": 60,
        "EBIT": 75,
        "Net Income": 40
    },
    "2012-06-30": {
        "Diluted EPS": 0.47,
        "Total Revenue": 399,
        "Gross Profit": 106,
        "Operating Income": 74,
        "EBIT": 90,
        "Net Income": 48
    },
    "2012-03-31": {
        "Diluted EPS": 0.39,
        "Total Revenue": 400,
        "Gross Profit": 106,
        "Operating Income": 61,
        "EBIT": 75,
        "Net Income": 40
    },
    "2011-12-31": {
        "Diluted EPS": 0.4,
        "Total Revenue": 355,
        "Gross Profit": 86,
        "Operating Income": 49,
        "EBIT": 64,
        "Net Income": 40
    },
    "2011-09-30": {
        "Diluted EPS": 0.32,
        "Total Revenue": 352,
        "Gross Profit": 87,
        "Operating Income": 46,
        "EBIT": 60,
        "Net Income": 32
    },
    "2011-06-30": {
        "Diluted EPS": 0.37,
        "Total Revenue": 354,
        "Gross Profit": 87,
        "Operating Income": 49,
        "EBIT": 64,
        "Net Income": 37
    },
    "2011-03-31": {
        "Diluted EPS": 0.26,
        "Total Revenue": 332,
        "Gross Profit": 83,
        "Operating Income": 47,
        "EBIT": 67,
        "Net Income": 26
    },
    "2010-12-31": {
        "Diluted EPS": 0.22,
        "Total Revenue": 311,
        "Gross Profit": 68,
        "Operating Income": 31,
        "EBIT": 45,
        "Net Income": 23
    },
    "2010-09-30": {
        "Diluted EPS": 0.16,
        "Total Revenue": 295,
        "Gross Profit": 71,
        "Operating Income": 35,
        "EBIT": 56,
        "Net Income": 16
    },
    "2010-06-30": {
        "Diluted EPS": 0.23,
        "Total Revenue": 305,
        "Gross Profit": 78,
        "Operating Income": 41,
        "EBIT": 55,
        "Net Income": 23
    },
    "2010-03-31": {
        "Diluted EPS": 0.16,
        "Total Revenue": 263,
        "Gross Profit": 66,
        "Operating Income": 24,
        "EBIT": 37,
        "Net Income": 16
    },
    "2009-12-31": {
        "Diluted EPS": 0.05,
        "Total Revenue": 267,
        "Gross Profit": 56,
        "Operating Income": 15,
        "EBIT": 28,
        "Net Income": 6
    },
    "2009-09-30": {
        "Diluted EPS": 0.11,
        "Total Revenue": 257,
        "Gross Profit": 52,
        "Operating Income": 20,
        "EBIT": 33,
        "Net Income": 10
    },
    "2009-06-30": {
        "Diluted EPS": 0.17,
        "Total Revenue": 277,
        "Gross Profit": 63,
        "Operating Income": 30,
        "EBIT": 44,
        "Net Income": 17
    },
    "2009-03-31": {
        "Diluted EPS": 0.24,
        "Total Revenue": 307,
        "Gross Profit": 77,
        "Operating Income": 40,
        "EBIT": 51,
        "Net Income": 23
    },
    "2023-09-30": {
        "Tax Effect Of Unusual Items": NaN,
        "Tax Rate For Calcs": NaN,
        "Normalized EBITDA": NaN,
        "Net Income From Continuing Operation Net Minority Interest": NaN,
        "Reconciled Depreciation": NaN,
        "Reconciled Cost Of Revenue": NaN,
        "EBITDA": NaN,
        "EBIT": NaN,
        "Net Interest Income": NaN,
        "Interest Expense": NaN,
        "Normalized Income": NaN,
        "Net Income From Continuing And Discontinued Operation": NaN,
        "Total Expenses": NaN,
        "Total Operating Income As Reported": NaN,
        "Diluted Average Shares": 85600000.0,
        "Basic Average Shares": 84600000.0,
        "Diluted EPS": 0.45,
        "Basic EPS": 0.46,
        "Diluted NI Availto Com Stockholders": NaN,
        "Net Income Common Stockholders": NaN,
        "Net Income": NaN,
        "Net Income Including Noncontrolling Interests": NaN,
        "Net Income Continuous Operations": NaN,
        "Earnings From Equity Interest Net Of Tax": NaN,
        "Tax Provision": NaN,
        "Pretax Income": NaN,
        "Net Non Operating Interest Income Expense": NaN,
        "Interest Expense Non Operating": NaN,
        "Operating Income": NaN,
        "Operating Expense": NaN,
        "Other Operating Expenses": NaN,
        "Research And Development": NaN,
        "Selling General And Administration": NaN,
        "Gross Profit": NaN,
        "Cost Of Revenue": NaN,
        "Total Revenue": NaN,
        "Operating Revenue": NaN
    },
    "2023-12-31": {
        "Tax Effect Of Unusual Items": NaN,
        "Tax Rate For Calcs": NaN,
        "Normalized EBITDA": NaN,
        "Net Income From Continuing Operation Net Minority Interest": NaN,
        "Reconciled Depreciation": NaN,
        "Reconciled Cost Of Revenue": NaN,
        "EBITDA": NaN,
        "EBIT": NaN,
        "Net Interest Income": NaN,
        "Interest Expense": NaN,
        "Normalized Income": NaN,
        "Net Income From Continuing And Discontinued Operation": NaN,
        "Total Expenses": NaN,
        "Total Operating Income As Reported": NaN,
        "Diluted Average Shares": NaN,
        "Basic Average Shares": NaN,
        "Diluted EPS": NaN,
        "Basic EPS": NaN,
        "Diluted NI Availto Com Stockholders": NaN,
        "Net Income Common Stockholders": NaN,
        "Net Income": NaN,
        "Net Income Including Noncontrolling Interests": NaN,
        "Net Income Continuous Operations": NaN,
        "Earnings From Equity Interest Net Of Tax": 3000000.0,
        "Tax Provision": NaN,
        "Pretax Income": NaN,
        "Other Income Expense": NaN,
        "Other Non Operating Income Expenses": NaN,
        "Net Non Operating Interest Income Expense": NaN,
        "Interest Expense Non Operating": NaN,
        "Operating Income": NaN,
        "Operating Expense": NaN,
        "Other Operating Expenses": NaN,
        "Research And Development": NaN,
        "Selling General And Administration": NaN,
        "Gross Profit": NaN,
        "Cost Of Revenue": NaN,
        "Total Revenue": NaN,
        "Operating Revenue": NaN
    },
    "2024-03-31": {
        "Tax Effect Of Unusual Items": NaN,
        "Tax Rate For Calcs": NaN,
        "Normalized EBITDA": NaN,
        "Net Income From Continuing Operation Net Minority Interest": NaN,
        "Reconciled Depreciation": NaN,
        "Reconciled Cost Of Revenue": NaN,
        "EBITDA": NaN,
        "EBIT": NaN,
        "Net Interest Income": NaN,
        "Interest Expense": NaN,
        "Normalized Income": NaN,
        "Net Income From Continuing And Discontinued Operation": NaN,
        "Total Expenses": NaN,
        "Total Operating Income As Reported": NaN,
        "Diluted Average Shares": NaN,
        "Basic Average Shares": NaN,
        "Diluted EPS": NaN,
        "Basic EPS": NaN,
        "Diluted NI Availto Com Stockholders": NaN,
        "Net Income Common Stockholders": NaN,
        "Net Income": NaN,
        "Net Income Including Noncontrolling Interests": NaN,
        "Net Income Continuous Operations": NaN,
        "Earnings From Equity Interest Net Of Tax": 0.0,
        "Tax Provision": NaN,
        "Pretax Income": NaN,
        "Other Income Expense": NaN,
        "Other Non Operating Income Expenses": NaN,
        "Net Non Operating Interest Income Expense": NaN,
        "Interest Expense Non Operating": NaN,
        "Operating Income": NaN,
        "Operating Expense": NaN,
        "Other Operating Expenses": NaN,
        "Research And Development": NaN,
        "Selling General And Administration": NaN,
        "Gross Profit": NaN,
        "Cost Of Revenue": NaN,
        "Total Revenue": NaN,
        "Operating Revenue": NaN
    },
    "2024-06-30": {
        "Tax Effect Of Unusual Items": NaN,
        "Tax Rate For Calcs": NaN,
        "Normalized EBITDA": NaN,
        "Net Income From Continuing Operation Net Minority Interest": NaN,
        "Reconciled Depreciation": NaN,
        "Reconciled Cost Of Revenue": NaN,
        "EBITDA": NaN,
        "EBIT": NaN,
        "Net Interest Income": NaN,
        "Interest Expense": NaN,
        "Normalized Income": NaN,
        "Net Income From Continuing And Discontinued Operation": NaN,
        "Total Expenses": NaN,
        "Total Operating Income As Reported": NaN,
        "Diluted Average Shares": NaN,
        "Basic Average Shares": NaN,
        "Diluted EPS": NaN,
        "Basic EPS": NaN,
        "Diluted NI Availto Com Stockholders": NaN,
        "Net Income Common Stockholders": NaN,
        "Net Income": NaN,
        "Net Income Including Noncontrolling Interests": NaN,
        "Net Income Continuous Operations": NaN,
        "Earnings From Equity Interest Net Of Tax": 0.0,
        "Tax Provision": NaN,
        "Pretax Income": NaN,
        "Other Income Expense": NaN,
        "Other Non Operating Income Expenses": NaN,
        "Net Non Operating Interest Income Expense": NaN,
        "Interest Expense Non Operating": NaN,
        "Operating Income": NaN,
        "Operating Expense": NaN,
        "Other Operating Expenses": NaN,
        "Research And Development": NaN,
        "Selling General And Administration": NaN,
        "Gross Profit": NaN,
        "Cost Of Revenue": NaN,
        "Total Revenue": NaN,
        "Operating Revenue": NaN
    },
    "2024-09-30": {
        "Tax Effect Of Unusual Items": 0.0,
        "Tax Rate For Calcs": 0.096,
        "Normalized EBITDA": 83500000.0,
        "Net Income From Continuing Operation Net Minority Interest": 39800000.0,
        "Reconciled Depreciation": 31000000.0,
        "Reconciled Cost Of Revenue": 350000000.0,
        "EBITDA": 83500000.0,
        "EBIT": 52500000.0,
        "Net Interest Income": -8500000.0,
        "Interest Expense": 8500000.0,
        "Normalized Income": 39800000.0,
        "Net Income From Continuing And Discontinued Operation": 39800000.0,
        "Total Expenses": 404000000.0,
        "Total Operating Income As Reported": 52500000.0,
        "Diluted Average Shares": NaN,
        "Basic Average Shares": NaN,
        "Diluted EPS": NaN,
        "Basic EPS": NaN,
        "Diluted NI Availto Com Stockholders": 39800000.0,
        "Net Income Common Stockholders": 39800000.0,
        "Net Income": 39800000.0,
        "Net Income Including Noncontrolling Interests": 39800000.0,
        "Net Income Continuous Operations": 39800000.0,
        "Earnings From Equity Interest Net Of Tax": 0.0,
        "Tax Provision": 4200000.0,
        "Pretax Income": 44000000.0,
        "Other Income Expense": NaN,
        "Other Non Operating Income Expenses": NaN,
        "Net Non Operating Interest Income Expense": -8500000.0,
        "Interest Expense Non Operating": 8500000.0,
        "Operating Income": 52500000.0,
        "Operating Expense": 54000000.0,
        "Other Operating Expenses": 400000.0,
        "Research And Development": 13800000.0,
        "Selling General And Administration": 39800000.0,
        "Gross Profit": 106500000.0,
        "Cost Of Revenue": 350000000.0,
        "Total Revenue": 456500000.0,
        "Operating Revenue": 456500000.0
    },
    "2024-12-31": {
        "Tax Effect Of Unusual Items": 0.0,
        "Tax Rate For Calcs": 0.21,
        "Normalized EBITDA": 39900000.0,
        "Net Income From Continuing Operation Net Minority Interest": 5800000.0,
        "Reconciled Depreciation": 31000000.0,
        "Reconciled Cost Of Revenue": 355300000.0,
        "EBITDA": 39900000.0,
        "EBIT": 8900000.0,
        "Net Interest Income": -8100000.0,
        "Interest Expense": 8100000.0,
        "Normalized Income": 5800000.0,
        "Net Income From Continuing And Discontinued Operation": 5800000.0,
        "Total Expenses": 464900000.0,
        "Total Operating Income As Reported": 8900000.0,
        "Diluted Average Shares": 81900000.0,
        "Basic Average Shares": 81200000.0,
        "Diluted EPS": 0.07,
        "Basic EPS": 0.07,
        "Diluted NI Availto Com Stockholders": 5800000.0,
        "Net Income Common Stockholders": 5800000.0,
        "Net Income": 5800000.0,
        "Net Income Including Noncontrolling Interests": 5800000.0,
        "Net Income Continuous Operations": 5800000.0,
        "Earnings From Equity Interest Net Of Tax": 0.0,
        "Tax Provision": -5000000.0,
        "Pretax Income": 800000.0,
        "Other Income Expense": NaN,
        "Other Non Operating Income Expenses": NaN,
        "Net Non Operating Interest Income Expense": -8100000.0,
        "Interest Expense Non Operating": 8100000.0,
        "Operating Income": 8900000.0,
        "Operating Expense": 109600000.0,
        "Other Operating Expenses": 48200000.0,
        "Research And Development": 13500000.0,
        "Selling General And Administration": 47900000.0,
        "Gross Profit": 118500000.0,
        "Cost Of Revenue": 355300000.0,
        "Total Revenue": 473800000.0,
        "Operating Revenue": 473800000.0
    },
    "2025-03-31": {
        "Tax Effect Of Unusual Items": 0.0,
        "Tax Rate For Calcs": 0.196,
        "Normalized EBITDA": 73600000.0,
        "Net Income From Continuing Operation Net Minority Interest": 28900000.0,
        "Reconciled Depreciation": 29800000.0,
        "Reconciled Cost Of Revenue": 354100000.0,
        "EBITDA": 73600000.0,
        "EBIT": 43800000.0,
        "Net Interest Income": -7800000.0,
        "Interest Expense": 7800000.0,
        "Normalized Income": 28900000.0,
        "Net Income From Continuing And Discontinued Operation": 28900000.0,
        "Total Expenses": 412300000.0,
        "Total Operating Income As Reported": 44200000.0,
        "Diluted Average Shares": 81700000.0,
        "Basic Average Shares": 81100000.0,
        "Diluted EPS": 0.35,
        "Basic EPS": 0.36,
        "Diluted NI Availto Com Stockholders": 28900000.0,
        "Net Income Common Stockholders": 28900000.0,
        "Net Income": 28900000.0,
        "Net Income Including Noncontrolling Interests": 28900000.0,
        "Net Income Continuous Operations": 28900000.0,
        "Earnings From Equity Interest Net Of Tax": NaN,
        "Tax Provision": 7100000.0,
        "Pretax Income": 36000000.0,
        "Other Income Expense": -400000.0,
        "Other Non Operating Income Expenses": -400000.0,
        "Net Non Operating Interest Income Expense": -7800000.0,
        "Interest Expense Non Operating": 7800000.0,
        "Operating Income": 44200000.0,
        "Operating Expense": 58200000.0,
        "Other Operating Expenses": 1100000.0,
        "Research And Development": 13800000.0,
        "Selling General And Administration": 43300000.0,
        "Gross Profit": 102400000.0,
        "Cost Of Revenue": 354100000.0,
        "Total Revenue": 456500000.0,
        "Operating Revenue": 456500000.0
    },
    "2025-06-30": {
        "Tax Effect Of Unusual Items": 0.0,
        "Tax Rate For Calcs": 0.383,
        "Normalized EBITDA": 61700000.0,
        "Net Income From Continuing Operation Net Minority Interest": 13500000.0,
        "Reconciled Depreciation": 30800000.0,
        "Reconciled Cost Of Revenue": 378400000.0,
        "EBITDA": 61700000.0,
        "EBIT": 30900000.0,
        "Net Interest Income": -9100000.0,
        "Interest Expense": 9100000.0,
        "Normalized Income": 13500000.0,
        "Net Income From Continuing And Discontinued Operation": 13500000.0,
        "Total Expenses": 459900000.0,
        "Total Operating Income As Reported": 30000000.0,
        "Diluted Average Shares": 80600000.0,
        "Basic Average Shares": 80200000.0,
        "Diluted EPS": 0.17,
        "Basic EPS": 0.17,
        "Diluted NI Availto Com Stockholders": 13500000.0,
        "Net Income Common Stockholders": 13500000.0,
        "Net Income": 13500000.0,
        "Net Income Including Noncontrolling Interests": 13500000.0,
        "Net Income Continuous Operations": 13500000.0,
        "Earnings From Equity Interest Net Of Tax": NaN,
        "Tax Provision": 8300000.0,
        "Pretax Income": 21800000.0,
        "Other Income Expense": 900000.0,
        "Other Non Operating Income Expenses": 900000.0,
        "Net Non Operating Interest Income Expense": -9100000.0,
        "Interest Expense Non Operating": 9100000.0,
        "Operating Income": 30000000.0,
        "Operating Expense": 81500000.0,
        "Other Operating Expenses": 24200000.0,
        "Research And Development": 14300000.0,
        "Selling General And Administration": 43000000.0,
        "Gross Profit": 111500000.0,
        "Cost Of Revenue": 378400000.0,
        "Total Revenue": 489900000.0,
        "Operating Revenue": 489900000.0
    },
    "2025-09-30": {
        "Tax Effect Of Unusual Items": 0.0,
        "Tax Rate For Calcs": 0.232,
        "Normalized EBITDA": 66900000.0,
        "Net Income From Continuing Operation Net Minority Interest": 20600000.0,
        "Reconciled Depreciation": 30900000.0,
        "Reconciled Cost Of Revenue": 356300000.0,
        "EBITDA": 66900000.0,
        "EBIT": 36000000.0,
        "Net Interest Income": -9200000.0,
        "Interest Expense": 9200000.0,
        "Normalized Income": 20600000.0,
        "Net Income From Continuing And Discontinued Operation": 20600000.0,
        "Total Expenses": 420200000.0,
        "Total Operating Income As Reported": 36000000.0,
        "Diluted Average Shares": 80300000.0,
        "Basic Average Shares": 79800000.0,
        "Diluted EPS": 0.26,
        "Basic EPS": 0.26,
        "Diluted NI Availto Com Stockholders": 20600000.0,
        "Net Income Common Stockholders": 20600000.0,
        "Net Income": 20600000.0,
        "Net Income Including Noncontrolling Interests": 20600000.0,
        "Net Income Continuous Operations": 20600000.0,
        "Earnings From Equity Interest Net Of Tax": NaN,
        "Tax Provision": 6200000.0,
        "Pretax Income": 26800000.0,
        "Other Income Expense": NaN,
        "Other Non Operating Income Expenses": NaN,
        "Net Non Operating Interest Income Expense": -9200000.0,
        "Interest Expense Non Operating": 9200000.0,
        "Operating Income": 36000000.0,
        "Operating Expense": 63900000.0,
        "Other Operating Expenses": 8800000.0,
        "Research And Development": 14000000.0,
        "Selling General And Administration": 41100000.0,
        "Gross Profit": 99900000.0,
        "Cost Of Revenue": 356300000.0,
        "Total Revenue": 456200000.0,
        "Operating Revenue": 456200000.0
    },
    "2025-12-31": {
        "Tax Effect Of Unusual Items": NaN,
        "Tax Rate For Calcs": NaN,
        "Normalized EBITDA": NaN,
        "Net Income From Continuing Operation Net Minority Interest": NaN,
        "Reconciled Depreciation": NaN,
        "Reconciled Cost Of Revenue": NaN,
        "EBITDA": NaN,
        "EBIT": NaN,
        "Net Interest Income": NaN,
        "Interest Expense": NaN,
        "Normalized Income": NaN,
        "Net Income From Continuing And Discontinued Operation": NaN,
        "Total Expenses": NaN,
        "Total Operating Income As Reported": NaN,
        "Diluted Average Shares": 77600000.0,
        "Basic Average Shares": 76900000.0,
        "Diluted EPS": 0.6,
        "Basic EPS": 0.6,
        "Diluted NI Availto Com Stockholders": NaN,
        "Net Income Common Stockholders": NaN,
        "Net Income": NaN,
        "Net Income Including Noncontrolling Interests": NaN,
        "Net Income Continuous Operations": NaN,
        "Earnings From Equity Interest Net Of Tax": NaN,
        "Tax Provision": NaN,
        "Pretax Income": NaN,
        "Other Income Expense": NaN,
        "Other Non Operating Income Expenses": NaN,
        "Net Non Operating Interest Income Expense": NaN,
        "Interest Expense Non Operating": NaN,
        "Operating Income": NaN,
        "Operating Expense": NaN,
        "Other Operating Expenses": NaN,
        "Research And Development": NaN,
        "Selling General And Administration": NaN,
        "Gross Profit": NaN,
        "Cost Of Revenue": NaN,
        "Total Revenue": NaN,
        "Operating Revenue": NaN
    }
}