{
    "2023-03-31": {
        "Tax Effect Of Unusual Items": NaN,
        "Tax Rate For Calcs": NaN,
        "Normalized EBITDA": NaN,
        "Total Unusual Items": NaN,
        "Total Unusual Items Excluding Goodwill": NaN,
        "Net Income From Continuing Operation Net Minority Interest": NaN,
        "Reconciled Depreciation": NaN,
        "Reconciled Cost Of Revenue": NaN,
        "EBITDA": NaN,
        "EBIT": NaN,
        "Net Interest Income": NaN,
        "Interest Expense": NaN,
        "Normalized Income": NaN,
        "Net Income From Continuing And Discontinued Operation": NaN,
        "Total Expenses": NaN,
        "Total Operating Income As Reported": NaN,
        "Diluted Average Shares": NaN,
        "Basic Average Shares": NaN,
        "Diluted EPS": NaN,
        "Basic EPS": NaN,
        "Diluted NI Availto Com Stockholders": NaN,
        "Net Income Common Stockholders": NaN,
        "Net Income": NaN,
        "Net Income Including Noncontrolling Interests": NaN,
        "Net Income Continuous Operations": NaN,
        "Tax Provision": NaN,
        "Pretax Income": NaN,
        "Other Income Expense": NaN,
        "Other Non Operating Income Expenses": NaN,
        "Special Income Charges": NaN,
        "Gain On Sale Of Ppe": NaN,
        "Write Off": 0.0,
        "Net Non Operating Interest Income Expense": NaN,
        "Interest Expense Non Operating": NaN,
        "Operating Income": NaN,
        "Operating Expense": NaN,
        "Selling General And Administration": NaN,
        "Gross Profit": NaN,
        "Cost Of Revenue": NaN,
        "Total Revenue": NaN,
        "Operating Revenue": NaN
    },
    "2022-12-31": {
        "Tax Effect Of Unusual Items": NaN,
        "Tax Rate For Calcs": NaN,
        "Normalized EBITDA": NaN,
        "Total Unusual Items": NaN,
        "Total Unusual Items Excluding Goodwill": NaN,
        "Net Income From Continuing Operation Net Minority Interest": NaN,
        "Reconciled Depreciation": NaN,
        "Reconciled Cost Of Revenue": NaN,
        "EBITDA": NaN,
        "EBIT": NaN,
        "Net Interest Income": NaN,
        "Interest Expense": NaN,
        "Normalized Income": NaN,
        "Net Income From Continuing And Discontinued Operation": NaN,
        "Total Expenses": NaN,
        "Total Operating Income As Reported": NaN,
        "Diluted Average Shares": NaN,
        "Basic Average Shares": NaN,
        "Diluted EPS": NaN,
        "Basic EPS": NaN,
        "Diluted NI Availto Com Stockholders": NaN,
        "Net Income Common Stockholders": NaN,
        "Net Income": NaN,
        "Net Income Including Noncontrolling Interests": NaN,
        "Net Income Continuous Operations": NaN,
        "Tax Provision": NaN,
        "Pretax Income": NaN,
        "Other Income Expense": NaN,
        "Other Non Operating Income Expenses": NaN,
        "Special Income Charges": NaN,
        "Gain On Sale Of Ppe": NaN,
        "Write Off": 189728000.0,
        "Net Non Operating Interest Income Expense": NaN,
        "Interest Expense Non Operating": NaN,
        "Operating Income": NaN,
        "Operating Expense": NaN,
        "Selling General And Administration": NaN,
        "Gross Profit": NaN,
        "Cost Of Revenue": NaN,
        "Total Revenue": NaN,
        "Operating Revenue": NaN
    },
    "2022-09-30": {
        "Tax Effect Of Unusual Items": 0.0,
        "Tax Rate For Calcs": 0.033,
        "Normalized EBITDA": -11268000.0,
        "Total Unusual Items": 0.0,
        "Total Unusual Items Excluding Goodwill": 0.0,
        "Net Income From Continuing Operation Net Minority Interest": -23539000.0,
        "Reconciled Depreciation": 8439000.0,
        "Reconciled Cost Of Revenue": 68291000.0,
        "EBITDA": -11268000.0,
        "EBIT": -19707000.0,
        "Net Interest Income": -3073000.0,
        "Interest Expense": 3073000.0,
        "Normalized Income": -23539000.0,
        "Net Income From Continuing And Discontinued Operation": -23539000.0,
        "Total Expenses": 94477000.0,
        "Total Operating Income As Reported": -20322000.0,
        "Diluted Average Shares": 45089286.0,
        "Basic Average Shares": 45089286.0,
        "Diluted EPS": -0.52,
        "Basic EPS": -0.52,
        "Diluted NI Availto Com Stockholders": -23539000.0,
        "Net Income Common Stockholders": -23539000.0,
        "Net Income": -23539000.0,
        "Net Income Including Noncontrolling Interests": -23539000.0,
        "Net Income Continuous Operations": -23539000.0,
        "Tax Provision": 759000.0,
        "Pretax Income": -22780000.0,
        "Other Income Expense": 615000.0,
        "Other Non Operating Income Expenses": 615000.0,
        "Special Income Charges": 0.0,
        "Other Special Charges": NaN,
        "Write Off": 0.0,
        "Net Non Operating Interest Income Expense": -3073000.0,
        "Interest Expense Non Operating": 3073000.0,
        "Operating Income": -20322000.0,
        "Operating Expense": 26186000.0,
        "Selling General And Administration": 26186000.0,
        "Gross Profit": 5864000.0,
        "Cost Of Revenue": 68291000.0,
        "Total Revenue": 74155000.0,
        "Operating Revenue": 74155000.0
    },
    "2022-06-30": {
        "Tax Effect Of Unusual Items": -6189403.967208,
        "Tax Rate For Calcs": 0.032645,
        "Normalized EBITDA": -10314000.0,
        "Total Unusual Items": -189600000.0,
        "Total Unusual Items Excluding Goodwill": -189600000.0,
        "Net Income From Continuing Operation Net Minority Interest": -203312000.0,
        "Reconciled Depreciation": 7835000.0,
        "Reconciled Cost Of Revenue": 90169000.0,
        "EBITDA": -199914000.0,
        "EBIT": -207749000.0,
        "Net Interest Income": -2424000.0,
        "Interest Expense": 2424000.0,
        "Normalized Income": -19901403.967208,
        "Net Income From Continuing And Discontinued Operation": -203312000.0,
        "Total Expenses": 116143000.0,
        "Total Operating Income As Reported": -208207000.0,
        "Diluted Average Shares": 44910193.0,
        "Basic Average Shares": 44910193.0,
        "Diluted EPS": -4.53,
        "Basic EPS": -4.53,
        "Diluted NI Availto Com Stockholders": -203312000.0,
        "Net Income Common Stockholders": -203312000.0,
        "Net Income": -203312000.0,
        "Net Income Including Noncontrolling Interests": -203312000.0,
        "Net Income Continuous Operations": -203312000.0,
        "Tax Provision": -6861000.0,
        "Pretax Income": -210173000.0,
        "Other Income Expense": -189142000.0,
        "Other Non Operating Income Expenses": 458000.0,
        "Special Income Charges": -189600000.0,
        "Other Special Charges": NaN,
        "Write Off": NaN,
        "Impairment Of Capital Assets": 189600000.0,
        "Net Non Operating Interest Income Expense": -2424000.0,
        "Interest Expense Non Operating": 2424000.0,
        "Operating Income": -18635000.0,
        "Operating Expense": 25974000.0,
        "Selling General And Administration": 25974000.0,
        "Gross Profit": 7339000.0,
        "Cost Of Revenue": 90169000.0,
        "Total Revenue": 97508000.0,
        "Operating Revenue": 97508000.0
    },
    "2022-03-31": {
        "Diluted EPS": -0.52,
        "Total Revenue": 111,
        "Gross Profit": 17,
        "Operating Income": -26,
        "EBIT": -9,
        "Net Income": -23
    },
    "2021-12-31": {
        "Diluted EPS": -0.24,
        "Total Revenue": 110,
        "Gross Profit": 19,
        "Operating Income": -9,
        "EBIT": -3,
        "Net Income": -11
    },
    "2021-09-30": {
        "Diluted EPS": 0.37,
        "Total Revenue": 124,
        "Gross Profit": 30,
        "Operating Income": -2,
        "EBIT": 2,
        "Net Income": 17
    },
    "2021-06-30": {
        "Diluted EPS": 0.05,
        "Total Revenue": 134,
        "Gross Profit": 30,
        "Operating Income": 2,
        "EBIT": 5,
        "Net Income": 2
    },
    "2021-03-31": {
        "Diluted EPS": 0.13,
        "Total Revenue": 111,
        "Gross Profit": 23,
        "Operating Income": 6,
        "EBIT": 8,
        "Net Income": 5
    },
    "2020-12-31": {
        "Diluted EPS": -0.43,
        "Total Revenue": 87,
        "Gross Profit": 16,
        "Operating Income": -6,
        "EBIT": -3,
        "Net Income": -9
    },
    "2020-09-30": {
        "Diluted EPS": 0.08,
        "Total Revenue": 97,
        "Gross Profit": 18,
        "Operating Income": 5,
        "EBIT": 7,
        "Net Income": 2
    },
    "2020-06-30": {
        "Diluted EPS": 0.08,
        "Total Revenue": 91,
        "Gross Profit": 18,
        "Operating Income": 5,
        "EBIT": 7,
        "Net Income": 2
    },
    "2020-03-31": {
        "Diluted EPS": -0.18,
        "Total Revenue": 67,
        "Gross Profit": 12,
        "Operating Income": 0,
        "EBIT": 2,
        "Net Income": -4
    },
    "2019-12-31": {
        "Diluted EPS": 0.0,
        "Total Revenue": NaN,
        "Gross Profit": NaN,
        "Operating Income": NaN,
        "EBIT": NaN,
        "Net Income": NaN
    },
    "2018-12-31": {
        "Diluted EPS": 0.0,
        "Total Revenue": NaN,
        "Gross Profit": NaN,
        "Operating Income": NaN,
        "EBIT": NaN,
        "Net Income": NaN
    },
    "2023-06-30": {
        "Tax Effect Of Unusual Items": NaN,
        "Tax Rate For Calcs": NaN,
        "Normalized EBITDA": NaN,
        "Total Unusual Items": NaN,
        "Total Unusual Items Excluding Goodwill": NaN,
        "Net Income From Continuing Operation Net Minority Interest": NaN,
        "Reconciled Depreciation": NaN,
        "Reconciled Cost Of Revenue": NaN,
        "EBITDA": NaN,
        "EBIT": NaN,
        "Net Interest Income": NaN,
        "Interest Expense": NaN,
        "Normalized Income": NaN,
        "Net Income From Continuing And Discontinued Operation": NaN,
        "Total Expenses": NaN,
        "Total Operating Income As Reported": NaN,
        "Diluted Average Shares": 4541262.0,
        "Basic Average Shares": 4541262.0,
        "Diluted EPS": -2.8,
        "Basic EPS": -2.8,
        "Diluted NI Availto Com Stockholders": NaN,
        "Net Income Common Stockholders": NaN,
        "Net Income": NaN,
        "Net Income Including Noncontrolling Interests": NaN,
        "Net Income Continuous Operations": NaN,
        "Tax Provision": NaN,
        "Pretax Income": NaN,
        "Other Income Expense": NaN,
        "Other Non Operating Income Expenses": NaN,
        "Special Income Charges": NaN,
        "Gain On Sale Of Ppe": 0.0,
        "Write Off": 0.0,
        "Net Non Operating Interest Income Expense": NaN,
        "Interest Expense Non Operating": NaN,
        "Operating Income": NaN,
        "Operating Expense": NaN,
        "Selling General And Administration": NaN,
        "Gross Profit": NaN,
        "Cost Of Revenue": NaN,
        "Total Revenue": NaN,
        "Operating Revenue": NaN
    },
    "2023-09-30": {
        "Tax Effect Of Unusual Items": NaN,
        "Tax Rate For Calcs": NaN,
        "Normalized EBITDA": NaN,
        "Total Unusual Items": 0.0,
        "Total Unusual Items Excluding Goodwill": 0.0,
        "Net Income From Continuing Operation Net Minority Interest": NaN,
        "Reconciled Depreciation": NaN,
        "Reconciled Cost Of Revenue": NaN,
        "EBITDA": NaN,
        "EBIT": NaN,
        "Net Interest Income": NaN,
        "Interest Expense": NaN,
        "Normalized Income": NaN,
        "Net Income From Continuing And Discontinued Operation": NaN,
        "Total Expenses": NaN,
        "Total Operating Income As Reported": NaN,
        "Diluted Average Shares": NaN,
        "Basic Average Shares": NaN,
        "Diluted EPS": NaN,
        "Basic EPS": NaN,
        "Diluted NI Availto Com Stockholders": NaN,
        "Net Income Common Stockholders": NaN,
        "Net Income": NaN,
        "Net Income Including Noncontrolling Interests": NaN,
        "Net Income Continuous Operations": NaN,
        "Tax Provision": NaN,
        "Pretax Income": NaN,
        "Other Income Expense": NaN,
        "Other Non Operating Income Expenses": NaN,
        "Special Income Charges": 0.0,
        "Gain On Sale Of Ppe": 0.0,
        "Write Off": 0.0,
        "Net Non Operating Interest Income Expense": NaN,
        "Interest Expense Non Operating": NaN,
        "Operating Income": NaN,
        "Operating Expense": NaN,
        "Selling General And Administration": NaN,
        "Gross Profit": NaN,
        "Cost Of Revenue": NaN,
        "Total Revenue": NaN,
        "Operating Revenue": NaN
    },
    "2023-12-31": {
        "Tax Effect Of Unusual Items": NaN,
        "Tax Rate For Calcs": NaN,
        "Normalized EBITDA": NaN,
        "Total Unusual Items": 0.0,
        "Total Unusual Items Excluding Goodwill": 0.0,
        "Net Income From Continuing Operation Net Minority Interest": NaN,
        "Reconciled Depreciation": NaN,
        "Reconciled Cost Of Revenue": NaN,
        "EBITDA": NaN,
        "EBIT": NaN,
        "Net Interest Income": NaN,
        "Interest Expense": NaN,
        "Normalized Income": NaN,
        "Net Income From Continuing And Discontinued Operation": NaN,
        "Total Expenses": NaN,
        "Total Operating Income As Reported": NaN,
        "Diluted Average Shares": NaN,
        "Basic Average Shares": NaN,
        "Diluted EPS": NaN,
        "Basic EPS": NaN,
        "Diluted NI Availto Com Stockholders": NaN,
        "Net Income Common Stockholders": NaN,
        "Net Income": NaN,
        "Net Income Including Noncontrolling Interests": NaN,
        "Net Income Continuous Operations": NaN,
        "Tax Provision": NaN,
        "Pretax Income": NaN,
        "Other Income Expense": NaN,
        "Other Non Operating Income Expenses": NaN,
        "Special Income Charges": 0.0,
        "Gain On Sale Of Ppe": NaN,
        "Write Off": 0.0,
        "Net Non Operating Interest Income Expense": NaN,
        "Interest Expense Non Operating": NaN,
        "Operating Income": NaN,
        "Operating Expense": NaN,
        "Selling General And Administration": NaN,
        "Gross Profit": NaN,
        "Cost Of Revenue": NaN,
        "Total Revenue": NaN,
        "Operating Revenue": NaN
    },
    "2024-03-31": {
        "Tax Effect Of Unusual Items": 0.0,
        "Tax Rate For Calcs": 0.21,
        "Normalized EBITDA": -596000.0,
        "Total Unusual Items": NaN,
        "Total Unusual Items Excluding Goodwill": NaN,
        "Net Income From Continuing Operation Net Minority Interest": -12608000.0,
        "Reconciled Depreciation": 7885000.0,
        "Reconciled Cost Of Revenue": 43247000.0,
        "EBITDA": -596000.0,
        "EBIT": -8481000.0,
        "Net Interest Income": -3931000.0,
        "Interest Expense": 3931000.0,
        "Normalized Income": -12608000.0,
        "Net Income From Continuing And Discontinued Operation": -12608000.0,
        "Total Expenses": 62868000.0,
        "Total Operating Income As Reported": -8696000.0,
        "Diluted Average Shares": 4581221.0,
        "Basic Average Shares": 4581221.0,
        "Diluted EPS": -2.75,
        "Basic EPS": -2.75,
        "Diluted NI Availto Com Stockholders": -12608000.0,
        "Net Income Common Stockholders": -12608000.0,
        "Net Income": -12608000.0,
        "Net Income Including Noncontrolling Interests": -12608000.0,
        "Net Income Continuous Operations": -12608000.0,
        "Tax Provision": 196000.0,
        "Pretax Income": -12412000.0,
        "Other Income Expense": 215000.0,
        "Other Non Operating Income Expenses": 215000.0,
        "Special Income Charges": NaN,
        "Gain On Sale Of Ppe": NaN,
        "Write Off": NaN,
        "Net Non Operating Interest Income Expense": -3931000.0,
        "Interest Expense Non Operating": 3931000.0,
        "Operating Income": -8696000.0,
        "Operating Expense": 19621000.0,
        "Selling General And Administration": 19621000.0,
        "Gross Profit": 10925000.0,
        "Cost Of Revenue": 43247000.0,
        "Total Revenue": 54172000.0,
        "Operating Revenue": 54172000.0
    },
    "2024-06-30": {
        "Tax Effect Of Unusual Items": NaN,
        "Tax Rate For Calcs": NaN,
        "Normalized EBITDA": NaN,
        "Total Unusual Items": -11520000.0,
        "Total Unusual Items Excluding Goodwill": -11520000.0,
        "Net Income From Continuing Operation Net Minority Interest": NaN,
        "Reconciled Depreciation": NaN,
        "Reconciled Cost Of Revenue": NaN,
        "EBITDA": NaN,
        "EBIT": NaN,
        "Net Interest Income": NaN,
        "Interest Expense": NaN,
        "Normalized Income": NaN,
        "Net Income From Continuing And Discontinued Operation": NaN,
        "Total Expenses": NaN,
        "Total Operating Income As Reported": NaN,
        "Diluted Average Shares": NaN,
        "Basic Average Shares": NaN,
        "Diluted EPS": NaN,
        "Basic EPS": NaN,
        "Diluted NI Availto Com Stockholders": NaN,
        "Net Income Common Stockholders": NaN,
        "Net Income": NaN,
        "Net Income Including Noncontrolling Interests": NaN,
        "Net Income Continuous Operations": NaN,
        "Tax Provision": NaN,
        "Pretax Income": NaN,
        "Other Income Expense": NaN,
        "Other Non Operating Income Expenses": NaN,
        "Special Income Charges": -11520000.0,
        "Gain On Sale Of Ppe": -11520000.0,
        "Net Non Operating Interest Income Expense": NaN,
        "Interest Expense Non Operating": NaN,
        "Operating Income": NaN,
        "Operating Expense": NaN,
        "Selling General And Administration": NaN,
        "Gross Profit": NaN,
        "Cost Of Revenue": NaN,
        "Total Revenue": NaN,
        "Operating Revenue": NaN
    },
    "2024-09-30": {
        "Tax Effect Of Unusual Items": 0.0,
        "Tax Rate For Calcs": 0.21,
        "Normalized EBITDA": -1293000.0,
        "Total Unusual Items": 0.0,
        "Total Unusual Items Excluding Goodwill": 0.0,
        "Net Income From Continuing Operation Net Minority Interest": -13146000.0,
        "Reconciled Depreciation": 7664000.0,
        "Reconciled Cost Of Revenue": 35490000.0,
        "EBITDA": -1293000.0,
        "EBIT": -8957000.0,
        "Net Interest Income": -3910000.0,
        "Interest Expense": 3910000.0,
        "Normalized Income": -13146000.0,
        "Net Income From Continuing And Discontinued Operation": -13146000.0,
        "Total Expenses": 53046000.0,
        "Total Operating Income As Reported": -9037000.0,
        "Diluted Average Shares": 4603306.0,
        "Basic Average Shares": 4603306.0,
        "Diluted EPS": -2.86,
        "Basic EPS": -2.86,
        "Diluted NI Availto Com Stockholders": -13146000.0,
        "Net Income Common Stockholders": -13146000.0,
        "Net Income": -13146000.0,
        "Net Income Including Noncontrolling Interests": -13146000.0,
        "Net Income Continuous Operations": -13146000.0,
        "Tax Provision": 279000.0,
        "Pretax Income": -12867000.0,
        "Other Income Expense": 80000.0,
        "Other Non Operating Income Expenses": 80000.0,
        "Special Income Charges": 0.0,
        "Gain On Sale Of Ppe": 0.0,
        "Net Non Operating Interest Income Expense": -3910000.0,
        "Interest Expense Non Operating": 3910000.0,
        "Operating Income": -9037000.0,
        "Operating Expense": 17556000.0,
        "Selling General And Administration": 17556000.0,
        "Gross Profit": 8519000.0,
        "Cost Of Revenue": 35490000.0,
        "Total Revenue": 44009000.0,
        "Operating Revenue": 44009000.0
    },
    "2024-12-31": {
        "Tax Effect Of Unusual Items": 0.0,
        "Tax Rate For Calcs": 0.21,
        "Normalized EBITDA": -6558000.0,
        "Total Unusual Items": 0.0,
        "Total Unusual Items Excluding Goodwill": 0.0,
        "Net Income From Continuing Operation Net Minority Interest": -17513000.0,
        "Reconciled Depreciation": 7366000.0,
        "Reconciled Cost Of Revenue": 35476000.0,
        "EBITDA": -6558000.0,
        "EBIT": -13924000.0,
        "Net Interest Income": -3585000.0,
        "Interest Expense": 3585000.0,
        "Normalized Income": -17513000.0,
        "Net Income From Continuing And Discontinued Operation": -17513000.0,
        "Total Expenses": 52434000.0,
        "Total Operating Income As Reported": -15120000.0,
        "Diluted Average Shares": 4607762.0,
        "Basic Average Shares": 4607762.0,
        "Diluted EPS": -3.8,
        "Basic EPS": -3.8,
        "Diluted NI Availto Com Stockholders": -17513000.0,
        "Net Income Common Stockholders": -17513000.0,
        "Net Income": -17513000.0,
        "Net Income Including Noncontrolling Interests": -17513000.0,
        "Net Income Continuous Operations": -17513000.0,
        "Tax Provision": 4000.0,
        "Pretax Income": -17509000.0,
        "Other Income Expense": 1196000.0,
        "Other Non Operating Income Expenses": 1196000.0,
        "Special Income Charges": 0.0,
        "Gain On Sale Of Ppe": 0.0,
        "Net Non Operating Interest Income Expense": -3585000.0,
        "Interest Expense Non Operating": 3585000.0,
        "Operating Income": -15120000.0,
        "Operating Expense": 16958000.0,
        "Selling General And Administration": 16958000.0,
        "Gross Profit": 1838000.0,
        "Cost Of Revenue": 35476000.0,
        "Total Revenue": 37314000.0,
        "Operating Revenue": 37314000.0
    },
    "2025-03-31": {
        "Tax Effect Of Unusual Items": 0.0,
        "Tax Rate For Calcs": 0.21,
        "Normalized EBITDA": -3617000.0,
        "Total Unusual Items": NaN,
        "Total Unusual Items Excluding Goodwill": NaN,
        "Net Income From Continuing Operation Net Minority Interest": -14385000.0,
        "Reconciled Depreciation": 7309000.0,
        "Reconciled Cost Of Revenue": 33657000.0,
        "EBITDA": -3617000.0,
        "EBIT": -10926000.0,
        "Net Interest Income": -3377000.0,
        "Interest Expense": 3377000.0,
        "Normalized Income": -14385000.0,
        "Net Income From Continuing And Discontinued Operation": -14385000.0,
        "Total Expenses": 51520000.0,
        "Total Operating Income As Reported": -10986000.0,
        "Diluted Average Shares": 4614510.0,
        "Basic Average Shares": 4614510.0,
        "Diluted EPS": -3.12,
        "Basic EPS": -3.12,
        "Diluted NI Availto Com Stockholders": -14385000.0,
        "Net Income Common Stockholders": -14385000.0,
        "Net Income": -14385000.0,
        "Net Income Including Noncontrolling Interests": -14385000.0,
        "Net Income Continuous Operations": -14385000.0,
        "Tax Provision": 82000.0,
        "Pretax Income": -14303000.0,
        "Other Income Expense": 60000.0,
        "Other Non Operating Income Expenses": 60000.0,
        "Special Income Charges": NaN,
        "Gain On Sale Of Ppe": NaN,
        "Net Non Operating Interest Income Expense": -3377000.0,
        "Interest Expense Non Operating": 3377000.0,
        "Operating Income": -10986000.0,
        "Operating Expense": 17863000.0,
        "Selling General And Administration": 17863000.0,
        "Gross Profit": 6877000.0,
        "Cost Of Revenue": 33657000.0,
        "Total Revenue": 40534000.0,
        "Operating Revenue": 40534000.0
    },
    "2025-06-30": {
        "Tax Effect Of Unusual Items": 0.0,
        "Tax Rate For Calcs": 0.005779,
        "Normalized EBITDA": -6156000.0,
        "Total Unusual Items": 0.0,
        "Total Unusual Items Excluding Goodwill": 0.0,
        "Net Income From Continuing Operation Net Minority Interest": -16861000.0,
        "Reconciled Depreciation": 7412000.0,
        "Reconciled Cost Of Revenue": 36451000.0,
        "EBITDA": -6156000.0,
        "EBIT": -13568000.0,
        "Net Interest Income": -3391000.0,
        "Interest Expense": 3391000.0,
        "Normalized Income": -16861000.0,
        "Net Income From Continuing And Discontinued Operation": -16861000.0,
        "Total Expenses": 52591000.0,
        "Total Operating Income As Reported": -13346000.0,
        "Diluted Average Shares": 4646096.0,
        "Basic Average Shares": 4646096.0,
        "Diluted EPS": -3.63,
        "Basic EPS": -3.63,
        "Diluted NI Availto Com Stockholders": -16861000.0,
        "Net Income Common Stockholders": -16861000.0,
        "Net Income": -16861000.0,
        "Net Income Including Noncontrolling Interests": -16861000.0,
        "Net Income Continuous Operations": -16861000.0,
        "Tax Provision": -98000.0,
        "Pretax Income": -16959000.0,
        "Other Income Expense": -222000.0,
        "Other Non Operating Income Expenses": -222000.0,
        "Special Income Charges": 0.0,
        "Gain On Sale Of Ppe": 0.0,
        "Net Non Operating Interest Income Expense": -3391000.0,
        "Interest Expense Non Operating": 3391000.0,
        "Operating Income": -13346000.0,
        "Operating Expense": 16140000.0,
        "Selling General And Administration": 16140000.0,
        "Gross Profit": 2794000.0,
        "Cost Of Revenue": 36451000.0,
        "Total Revenue": 39245000.0,
        "Operating Revenue": 39245000.0
    },
    "2025-09-30": {
        "Tax Effect Of Unusual Items": 0.0,
        "Tax Rate For Calcs": 0.21,
        "Normalized EBITDA": -5598000.0,
        "Total Unusual Items": 0.0,
        "Total Unusual Items Excluding Goodwill": 0.0,
        "Net Income From Continuing Operation Net Minority Interest": -16390000.0,
        "Reconciled Depreciation": 7336000.0,
        "Reconciled Cost Of Revenue": 25941000.0,
        "EBITDA": -5598000.0,
        "EBIT": -12934000.0,
        "Net Interest Income": -3331000.0,
        "Interest Expense": 3331000.0,
        "Normalized Income": -16390000.0,
        "Net Income From Continuing And Discontinued Operation": -16390000.0,
        "Total Expenses": 42306000.0,
        "Total Operating Income As Reported": -12956000.0,
        "Diluted Average Shares": 4663422.0,
        "Basic Average Shares": 4663422.0,
        "Diluted EPS": -3.51,
        "Basic EPS": -3.51,
        "Diluted NI Availto Com Stockholders": -16390000.0,
        "Net Income Common Stockholders": -16390000.0,
        "Net Income": -16390000.0,
        "Net Income Including Noncontrolling Interests": -16390000.0,
        "Net Income Continuous Operations": -16390000.0,
        "Tax Provision": 125000.0,
        "Pretax Income": -16265000.0,
        "Other Income Expense": 22000.0,
        "Other Non Operating Income Expenses": 22000.0,
        "Special Income Charges": 0.0,
        "Gain On Sale Of Ppe": 0.0,
        "Net Non Operating Interest Income Expense": -3331000.0,
        "Interest Expense Non Operating": 3331000.0,
        "Operating Income": -12956000.0,
        "Operating Expense": 16365000.0,
        "Selling General And Administration": 16365000.0,
        "Gross Profit": 3409000.0,
        "Cost Of Revenue": 25941000.0,
        "Total Revenue": 29350000.0,
        "Operating Revenue": 29350000.0
    }
}