{
    "2023-06-30": {
        "Tax Effect Of Unusual Items": NaN,
        "Tax Rate For Calcs": NaN,
        "Normalized EBITDA": NaN,
        "Total Unusual Items": NaN,
        "Total Unusual Items Excluding Goodwill": NaN,
        "Net Income From Continuing Operation Net Minority Interest": NaN,
        "Reconciled Depreciation": NaN,
        "Reconciled Cost Of Revenue": NaN,
        "EBITDA": NaN,
        "EBIT": NaN,
        "Net Interest Income": NaN,
        "Interest Expense": NaN,
        "Interest Income": NaN,
        "Normalized Income": NaN,
        "Net Income From Continuing And Discontinued Operation": NaN,
        "Total Expenses": NaN,
        "Total Operating Income As Reported": NaN,
        "Diluted Average Shares": 20082098.0,
        "Basic Average Shares": 20082098.0,
        "Diluted EPS": -0.69,
        "Basic EPS": -0.69,
        "Diluted NI Availto Com Stockholders": NaN,
        "Net Income Common Stockholders": NaN,
        "Net Income": NaN,
        "Net Income Including Noncontrolling Interests": NaN,
        "Net Income Continuous Operations": NaN,
        "Pretax Income": NaN,
        "Other Income Expense": NaN,
        "Other Non Operating Income Expenses": 1151000.0,
        "Special Income Charges": NaN,
        "Gain On Sale Of Ppe": NaN,
        "Write Off": 0.0,
        "Gain On Sale Of Security": NaN,
        "Net Non Operating Interest Income Expense": NaN,
        "Total Other Finance Cost": NaN,
        "Interest Expense Non Operating": NaN,
        "Interest Income Non Operating": NaN,
        "Operating Income": NaN,
        "Operating Expense": NaN,
        "Other Operating Expenses": NaN,
        "Depreciation Amortization Depletion Income Statement": 711000.0,
        "Depreciation And Amortization In Income Statement": 711000.0,
        "Selling General And Administration": NaN,
        "General And Administrative Expense": NaN,
        "Other Gand A": NaN,
        "Gross Profit": NaN,
        "Cost Of Revenue": NaN,
        "Total Revenue": NaN,
        "Operating Revenue": NaN
    },
    "2023-03-31": {
        "Tax Effect Of Unusual Items": NaN,
        "Tax Rate For Calcs": NaN,
        "Normalized EBITDA": NaN,
        "Total Unusual Items": NaN,
        "Total Unusual Items Excluding Goodwill": NaN,
        "Net Income From Continuing Operation Net Minority Interest": NaN,
        "Reconciled Depreciation": NaN,
        "Reconciled Cost Of Revenue": NaN,
        "EBITDA": NaN,
        "EBIT": NaN,
        "Net Interest Income": NaN,
        "Interest Expense": NaN,
        "Interest Income": NaN,
        "Normalized Income": NaN,
        "Net Income From Continuing And Discontinued Operation": NaN,
        "Total Expenses": NaN,
        "Total Operating Income As Reported": NaN,
        "Diluted Average Shares": NaN,
        "Basic Average Shares": NaN,
        "Diluted EPS": NaN,
        "Basic EPS": NaN,
        "Diluted NI Availto Com Stockholders": NaN,
        "Net Income Common Stockholders": NaN,
        "Net Income": NaN,
        "Net Income Including Noncontrolling Interests": NaN,
        "Net Income Continuous Operations": NaN,
        "Pretax Income": NaN,
        "Other Income Expense": NaN,
        "Other Non Operating Income Expenses": NaN,
        "Special Income Charges": NaN,
        "Gain On Sale Of Ppe": NaN,
        "Write Off": NaN,
        "Gain On Sale Of Security": NaN,
        "Net Non Operating Interest Income Expense": NaN,
        "Total Other Finance Cost": NaN,
        "Interest Expense Non Operating": NaN,
        "Interest Income Non Operating": NaN,
        "Operating Income": NaN,
        "Operating Expense": NaN,
        "Other Operating Expenses": NaN,
        "Depreciation Amortization Depletion Income Statement": 718000.0,
        "Depreciation And Amortization In Income Statement": 718000.0,
        "Selling General And Administration": NaN,
        "General And Administrative Expense": NaN,
        "Other Gand A": NaN,
        "Gross Profit": NaN,
        "Cost Of Revenue": NaN,
        "Total Revenue": NaN,
        "Operating Revenue": NaN
    },
    "2022-12-31": {
        "Tax Effect Of Unusual Items": NaN,
        "Tax Rate For Calcs": NaN,
        "Normalized EBITDA": NaN,
        "Total Unusual Items": NaN,
        "Total Unusual Items Excluding Goodwill": NaN,
        "Net Income From Continuing Operation Net Minority Interest": NaN,
        "Reconciled Depreciation": NaN,
        "Reconciled Cost Of Revenue": NaN,
        "EBITDA": NaN,
        "EBIT": NaN,
        "Net Interest Income": NaN,
        "Interest Expense": NaN,
        "Interest Income": NaN,
        "Normalized Income": NaN,
        "Net Income From Continuing And Discontinued Operation": NaN,
        "Total Expenses": NaN,
        "Total Operating Income As Reported": NaN,
        "Diluted Average Shares": NaN,
        "Basic Average Shares": NaN,
        "Diluted EPS": NaN,
        "Basic EPS": NaN,
        "Diluted NI Availto Com Stockholders": NaN,
        "Net Income Common Stockholders": NaN,
        "Net Income": NaN,
        "Net Income Including Noncontrolling Interests": NaN,
        "Net Income Continuous Operations": NaN,
        "Tax Provision": 0.0,
        "Pretax Income": NaN,
        "Other Income Expense": NaN,
        "Other Non Operating Income Expenses": NaN,
        "Special Income Charges": NaN,
        "Gain On Sale Of Ppe": NaN,
        "Write Off": 0.0,
        "Gain On Sale Of Security": NaN,
        "Net Non Operating Interest Income Expense": NaN,
        "Total Other Finance Cost": NaN,
        "Interest Expense Non Operating": NaN,
        "Interest Income Non Operating": NaN,
        "Operating Income": NaN,
        "Operating Expense": NaN,
        "Other Operating Expenses": NaN,
        "Depreciation Amortization Depletion Income Statement": NaN,
        "Depreciation And Amortization In Income Statement": NaN,
        "Selling General And Administration": NaN,
        "General And Administrative Expense": NaN,
        "Other Gand A": NaN,
        "Gross Profit": NaN,
        "Cost Of Revenue": NaN,
        "Total Revenue": NaN,
        "Operating Revenue": NaN
    },
    "2022-09-30": {
        "Tax Effect Of Unusual Items": NaN,
        "Tax Rate For Calcs": NaN,
        "Normalized EBITDA": NaN,
        "Total Unusual Items": NaN,
        "Total Unusual Items Excluding Goodwill": NaN,
        "Net Income From Continuing Operation Net Minority Interest": NaN,
        "Reconciled Depreciation": NaN,
        "Reconciled Cost Of Revenue": NaN,
        "EBITDA": NaN,
        "EBIT": NaN,
        "Net Interest Income": NaN,
        "Interest Expense": NaN,
        "Interest Income": NaN,
        "Normalized Income": NaN,
        "Net Income From Continuing And Discontinued Operation": NaN,
        "Total Expenses": NaN,
        "Total Operating Income As Reported": NaN,
        "Diluted Average Shares": 19920709.0,
        "Basic Average Shares": 19920709.0,
        "Diluted EPS": -0.8,
        "Basic EPS": -0.8,
        "Diluted NI Availto Com Stockholders": NaN,
        "Net Income Common Stockholders": NaN,
        "Net Income": NaN,
        "Net Income Including Noncontrolling Interests": NaN,
        "Net Income Continuous Operations": NaN,
        "Tax Provision": 0.0,
        "Pretax Income": NaN,
        "Other Income Expense": NaN,
        "Other Non Operating Income Expenses": -936000.0,
        "Special Income Charges": NaN,
        "Gain On Sale Of Ppe": NaN,
        "Write Off": 0.0,
        "Gain On Sale Of Security": NaN,
        "Net Non Operating Interest Income Expense": NaN,
        "Total Other Finance Cost": NaN,
        "Interest Expense Non Operating": NaN,
        "Interest Income Non Operating": NaN,
        "Operating Income": NaN,
        "Operating Expense": NaN,
        "Other Operating Expenses": NaN,
        "Depreciation Amortization Depletion Income Statement": 0.0,
        "Depreciation And Amortization In Income Statement": 0.0,
        "Selling General And Administration": NaN,
        "General And Administrative Expense": NaN,
        "Other Gand A": NaN,
        "Gross Profit": NaN,
        "Cost Of Revenue": NaN,
        "Total Revenue": NaN,
        "Operating Revenue": NaN
    },
    "2022-06-30": {
        "Tax Effect Of Unusual Items": 0.0,
        "Tax Rate For Calcs": 0.0,
        "Normalized EBITDA": -7958000.0,
        "Total Unusual Items": 3683000.0,
        "Total Unusual Items Excluding Goodwill": 3683000.0,
        "Net Income From Continuing Operation Net Minority Interest": -8982000.0,
        "Reconciled Depreciation": 632000.0,
        "Reconciled Cost Of Revenue": 6817000.0,
        "EBITDA": -4275000.0,
        "EBIT": -4907000.0,
        "Net Interest Income": -4178000.0,
        "Interest Expense": 4075000.0,
        "Interest Income": 20000.0,
        "Normalized Income": -12665000.0,
        "Net Income From Continuing And Discontinued Operation": -8982000.0,
        "Total Expenses": 12318000.0,
        "Total Operating Income As Reported": -8487000.0,
        "Diluted Average Shares": 197116341.0,
        "Basic Average Shares": 197116341.0,
        "Diluted EPS": -0.05,
        "Basic EPS": -0.05,
        "Diluted NI Availto Com Stockholders": -8982000.0,
        "Net Income Common Stockholders": -8982000.0,
        "Net Income": -8982000.0,
        "Net Income Including Noncontrolling Interests": -8982000.0,
        "Net Income Continuous Operations": -8982000.0,
        "Tax Provision": NaN,
        "Pretax Income": -8982000.0,
        "Other Income Expense": 3683000.0,
        "Other Non Operating Income Expenses": NaN,
        "Special Income Charges": -23000.0,
        "Gain On Sale Of Ppe": -23000.0,
        "Write Off": NaN,
        "Gain On Sale Of Security": 3706000.0,
        "Net Non Operating Interest Income Expense": -4178000.0,
        "Total Other Finance Cost": 123000.0,
        "Interest Expense Non Operating": 4075000.0,
        "Interest Income Non Operating": 20000.0,
        "Operating Income": -8487000.0,
        "Operating Expense": 5501000.0,
        "Other Operating Expenses": 253000.0,
        "Depreciation Amortization Depletion Income Statement": NaN,
        "Depreciation And Amortization In Income Statement": NaN,
        "Selling General And Administration": 5248000.0,
        "General And Administrative Expense": 5248000.0,
        "Other Gand A": 5248000.0,
        "Gross Profit": -2986000.0,
        "Cost Of Revenue": 6817000.0,
        "Total Revenue": 3831000.0,
        "Operating Revenue": 3831000.0
    },
    "2022-03-31": {
        "Diluted EPS": -0.27,
        "Total Revenue": 9,
        "Gross Profit": -8,
        "Operating Income": -12,
        "EBIT": -11,
        "Net Income": -22
    },
    "2021-12-31": {
        "Diluted EPS": -0.78,
        "Total Revenue": 24,
        "Gross Profit": -33,
        "Operating Income": -47,
        "EBIT": -43,
        "Net Income": -47
    },
    "2021-09-30": {
        "Diluted EPS": -0.39,
        "Total Revenue": 32,
        "Gross Profit": -12,
        "Operating Income": -19,
        "EBIT": -17,
        "Net Income": -23
    },
    "2021-06-30": {
        "Diluted EPS": -0.14,
        "Total Revenue": 36,
        "Gross Profit": 3,
        "Operating Income": -4,
        "EBIT": -2,
        "Net Income": -8
    },
    "2021-03-31": {
        "Diluted EPS": -0.16,
        "Total Revenue": 19,
        "Gross Profit": -10,
        "Operating Income": -15,
        "EBIT": -13,
        "Net Income": -10
    },
    "2020-12-31": {
        "Diluted EPS": 106.55,
        "Total Revenue": 16,
        "Gross Profit": -12,
        "Operating Income": -15,
        "EBIT": -14,
        "Net Income": -19
    },
    "2020-09-30": {
        "Diluted EPS": -0.64,
        "Total Revenue": 12,
        "Gross Profit": -13,
        "Operating Income": -25,
        "EBIT": -23,
        "Net Income": -32
    },
    "2020-06-30": {
        "Diluted EPS": -2.76,
        "Total Revenue": 8,
        "Gross Profit": -24,
        "Operating Income": -35,
        "EBIT": -34,
        "Net Income": -51
    },
    "2020-03-31": {
        "Diluted EPS": -107.07,
        "Total Revenue": 11,
        "Gross Profit": -13,
        "Operating Income": -15,
        "EBIT": -13,
        "Net Income": -35
    },
    "2019-12-31": {
        "Diluted EPS": -148.23,
        "Total Revenue": 11,
        "Gross Profit": -4,
        "Operating Income": -12,
        "EBIT": -12,
        "Net Income": -46
    },
    "2019-09-30": {
        "Diluted EPS": -106.54,
        "Total Revenue": 3,
        "Gross Profit": -13,
        "Operating Income": -15,
        "EBIT": -15,
        "Net Income": -32
    },
    "2019-06-30": {
        "Diluted EPS": -73.21,
        "Total Revenue": NaN,
        "Gross Profit": NaN,
        "Operating Income": -6,
        "EBIT": -6,
        "Net Income": -22
    },
    "2019-03-31": {
        "Diluted EPS": 0.03,
        "Total Revenue": NaN,
        "Gross Profit": NaN,
        "Operating Income": 0,
        "EBIT": 0,
        "Net Income": 1
    },
    "2018-12-31": {
        "Diluted EPS": 2.61,
        "Total Revenue": NaN,
        "Gross Profit": NaN,
        "Operating Income": 0,
        "EBIT": 0,
        "Net Income": 1
    },
    "2018-09-30": {
        "Diluted EPS": 0.03,
        "Total Revenue": NaN,
        "Gross Profit": NaN,
        "Operating Income": 0,
        "EBIT": 0,
        "Net Income": 1
    },
    "2018-06-30": {
        "Diluted EPS": 0.02,
        "Total Revenue": NaN,
        "Gross Profit": NaN,
        "Operating Income": 0,
        "EBIT": 0,
        "Net Income": 0
    },
    "2018-03-31": {
        "Diluted EPS": -2.59,
        "Total Revenue": NaN,
        "Gross Profit": NaN,
        "Operating Income": 0,
        "EBIT": 0,
        "Net Income": 0
    },
    "2017-12-31": {
        "Diluted EPS": 0.0,
        "Total Revenue": NaN,
        "Gross Profit": NaN,
        "Operating Income": NaN,
        "EBIT": NaN,
        "Net Income": NaN
    },
    "2023-09-30": {
        "Tax Effect Of Unusual Items": NaN,
        "Tax Rate For Calcs": NaN,
        "Normalized EBITDA": NaN,
        "Total Unusual Items": NaN,
        "Total Unusual Items Excluding Goodwill": NaN,
        "Net Income From Continuing Operation Net Minority Interest": NaN,
        "Reconciled Depreciation": NaN,
        "Reconciled Cost Of Revenue": NaN,
        "EBITDA": NaN,
        "EBIT": NaN,
        "Net Interest Income": NaN,
        "Interest Expense": NaN,
        "Interest Income": NaN,
        "Normalized Income": NaN,
        "Net Income From Continuing And Discontinued Operation": NaN,
        "Total Expenses": NaN,
        "Total Operating Income As Reported": NaN,
        "Diluted Average Shares": 20195402.0,
        "Basic Average Shares": 20195402.0,
        "Diluted EPS": -0.78,
        "Basic EPS": -0.78,
        "Diluted NI Availto Com Stockholders": NaN,
        "Net Income Common Stockholders": NaN,
        "Net Income": NaN,
        "Net Income Including Noncontrolling Interests": NaN,
        "Net Income Continuous Operations": NaN,
        "Pretax Income": NaN,
        "Other Income Expense": NaN,
        "Other Non Operating Income Expenses": NaN,
        "Special Income Charges": NaN,
        "Gain On Sale Of Ppe": NaN,
        "Write Off": 0.0,
        "Gain On Sale Of Security": 1000.0,
        "Net Non Operating Interest Income Expense": NaN,
        "Total Other Finance Cost": NaN,
        "Interest Expense Non Operating": NaN,
        "Interest Income Non Operating": NaN,
        "Operating Income": NaN,
        "Operating Expense": NaN,
        "Other Operating Expenses": NaN,
        "Depreciation Amortization Depletion Income Statement": 726000.0,
        "Depreciation And Amortization In Income Statement": 726000.0,
        "Selling General And Administration": NaN,
        "General And Administrative Expense": NaN,
        "Other Gand A": NaN,
        "Gross Profit": NaN,
        "Cost Of Revenue": NaN,
        "Total Revenue": NaN,
        "Operating Revenue": NaN
    },
    "2023-12-31": {
        "Tax Effect Of Unusual Items": NaN,
        "Tax Rate For Calcs": NaN,
        "Normalized EBITDA": NaN,
        "Total Unusual Items": NaN,
        "Total Unusual Items Excluding Goodwill": NaN,
        "Net Income From Continuing Operation Net Minority Interest": NaN,
        "Reconciled Depreciation": NaN,
        "Reconciled Cost Of Revenue": NaN,
        "EBITDA": NaN,
        "EBIT": NaN,
        "Net Interest Income": NaN,
        "Interest Expense": NaN,
        "Interest Income": NaN,
        "Normalized Income": NaN,
        "Net Income From Continuing And Discontinued Operation": NaN,
        "Total Expenses": NaN,
        "Total Operating Income As Reported": NaN,
        "Diluted Average Shares": NaN,
        "Basic Average Shares": NaN,
        "Diluted EPS": NaN,
        "Basic EPS": NaN,
        "Diluted NI Availto Com Stockholders": NaN,
        "Net Income Common Stockholders": NaN,
        "Net Income": NaN,
        "Net Income Including Noncontrolling Interests": NaN,
        "Net Income Continuous Operations": NaN,
        "Pretax Income": NaN,
        "Other Income Expense": NaN,
        "Other Non Operating Income Expenses": 0.0,
        "Special Income Charges": NaN,
        "Gain On Sale Of Ppe": NaN,
        "Write Off": NaN,
        "Gain On Sale Of Security": -7000.0,
        "Net Non Operating Interest Income Expense": NaN,
        "Total Other Finance Cost": NaN,
        "Interest Expense Non Operating": NaN,
        "Interest Income Non Operating": NaN,
        "Operating Income": NaN,
        "Operating Expense": NaN,
        "Other Operating Expenses": NaN,
        "Depreciation Amortization Depletion Income Statement": NaN,
        "Depreciation And Amortization In Income Statement": NaN,
        "Selling General And Administration": NaN,
        "General And Administrative Expense": NaN,
        "Other Gand A": NaN,
        "Gross Profit": NaN,
        "Cost Of Revenue": NaN,
        "Total Revenue": NaN,
        "Operating Revenue": NaN
    },
    "2024-03-31": {
        "Tax Effect Of Unusual Items": 0.0,
        "Tax Rate For Calcs": 0.0,
        "Normalized EBITDA": -18242000.0,
        "Total Unusual Items": 1311000.0,
        "Total Unusual Items Excluding Goodwill": 1311000.0,
        "Net Income From Continuing Operation Net Minority Interest": -20749000.0,
        "Reconciled Depreciation": 616000.0,
        "Reconciled Cost Of Revenue": 3200000.0,
        "EBITDA": -16931000.0,
        "EBIT": -17547000.0,
        "Net Interest Income": -8821000.0,
        "Interest Expense": 3202000.0,
        "Interest Income": 1298000.0,
        "Normalized Income": -22060000.0,
        "Net Income From Continuing And Discontinued Operation": -20749000.0,
        "Total Expenses": 13239000.0,
        "Total Operating Income As Reported": -11928000.0,
        "Diluted Average Shares": 20811602.0,
        "Basic Average Shares": 20811602.0,
        "Diluted EPS": -1.0,
        "Basic EPS": -1.0,
        "Diluted NI Availto Com Stockholders": -20749000.0,
        "Net Income Common Stockholders": -20749000.0,
        "Net Income": -20749000.0,
        "Net Income Including Noncontrolling Interests": -20749000.0,
        "Net Income Continuous Operations": -20749000.0,
        "Pretax Income": -20749000.0,
        "Other Income Expense": 1311000.0,
        "Other Non Operating Income Expenses": NaN,
        "Special Income Charges": 1311000.0,
        "Gain On Sale Of Ppe": 1311000.0,
        "Write Off": NaN,
        "Gain On Sale Of Security": 5000.0,
        "Net Non Operating Interest Income Expense": -8821000.0,
        "Total Other Finance Cost": 6917000.0,
        "Interest Expense Non Operating": 3202000.0,
        "Interest Income Non Operating": 1298000.0,
        "Operating Income": -13239000.0,
        "Operating Expense": 10039000.0,
        "Other Operating Expenses": 7126000.0,
        "Depreciation Amortization Depletion Income Statement": NaN,
        "Depreciation And Amortization In Income Statement": NaN,
        "Selling General And Administration": 2913000.0,
        "General And Administrative Expense": 2913000.0,
        "Other Gand A": 2913000.0,
        "Gross Profit": -3200000.0,
        "Cost Of Revenue": 3200000.0,
        "Total Revenue": 0.0,
        "Operating Revenue": 0.0
    },
    "2024-06-30": {
        "Tax Effect Of Unusual Items": 0.0,
        "Tax Rate For Calcs": 0.0,
        "Normalized EBITDA": -12580000.0,
        "Total Unusual Items": 3152000.0,
        "Total Unusual Items Excluding Goodwill": 3152000.0,
        "Net Income From Continuing Operation Net Minority Interest": -13180000.0,
        "Reconciled Depreciation": 567000.0,
        "Reconciled Cost Of Revenue": 3055000.0,
        "EBITDA": -9428000.0,
        "EBIT": -9995000.0,
        "Net Interest Income": -2051000.0,
        "Interest Expense": 3185000.0,
        "Interest Income": 1167000.0,
        "Normalized Income": -16332000.0,
        "Net Income From Continuing And Discontinued Operation": -13180000.0,
        "Total Expenses": 14281000.0,
        "Total Operating Income As Reported": -14281000.0,
        "Diluted Average Shares": 22983276.0,
        "Basic Average Shares": 22983276.0,
        "Diluted EPS": -0.57,
        "Basic EPS": -0.57,
        "Diluted NI Availto Com Stockholders": -13180000.0,
        "Net Income Common Stockholders": -13180000.0,
        "Net Income": -13180000.0,
        "Net Income Including Noncontrolling Interests": -13180000.0,
        "Net Income Continuous Operations": -13180000.0,
        "Pretax Income": -13180000.0,
        "Other Income Expense": 3152000.0,
        "Other Non Operating Income Expenses": NaN,
        "Special Income Charges": 3641000.0,
        "Gain On Sale Of Ppe": 3641000.0,
        "Write Off": 0.0,
        "Gain On Sale Of Security": -489000.0,
        "Net Non Operating Interest Income Expense": -2051000.0,
        "Total Other Finance Cost": 33000.0,
        "Interest Expense Non Operating": 3185000.0,
        "Interest Income Non Operating": 1167000.0,
        "Operating Income": -14281000.0,
        "Operating Expense": 11226000.0,
        "Other Operating Expenses": 7320000.0,
        "Depreciation Amortization Depletion Income Statement": NaN,
        "Depreciation And Amortization In Income Statement": NaN,
        "Selling General And Administration": 3906000.0,
        "General And Administrative Expense": 3906000.0,
        "Other Gand A": 3906000.0,
        "Gross Profit": -3055000.0,
        "Cost Of Revenue": 3055000.0,
        "Total Revenue": 0.0,
        "Operating Revenue": 0.0
    },
    "2024-09-30": {
        "Tax Effect Of Unusual Items": 0.0,
        "Tax Rate For Calcs": 0.0,
        "Normalized EBITDA": -12434000.0,
        "Total Unusual Items": 1987000.0,
        "Total Unusual Items Excluding Goodwill": 1987000.0,
        "Net Income From Continuing Operation Net Minority Interest": -14228000.0,
        "Reconciled Depreciation": 523000.0,
        "Reconciled Cost Of Revenue": 2263000.0,
        "EBITDA": -10447000.0,
        "EBIT": -10970000.0,
        "Net Interest Income": -2263000.0,
        "Interest Expense": 3258000.0,
        "Interest Income": 1029000.0,
        "Normalized Income": -16215000.0,
        "Net Income From Continuing And Discontinued Operation": -14228000.0,
        "Total Expenses": 14002000.0,
        "Total Operating Income As Reported": -14002000.0,
        "Diluted Average Shares": 24058560.0,
        "Basic Average Shares": 24058560.0,
        "Diluted EPS": -0.59,
        "Basic EPS": -0.59,
        "Diluted NI Availto Com Stockholders": -14228000.0,
        "Net Income Common Stockholders": -14228000.0,
        "Net Income": -14228000.0,
        "Net Income Including Noncontrolling Interests": -14228000.0,
        "Net Income Continuous Operations": -14228000.0,
        "Pretax Income": -14228000.0,
        "Other Income Expense": 2037000.0,
        "Other Non Operating Income Expenses": 50000.0,
        "Special Income Charges": 2270000.0,
        "Gain On Sale Of Ppe": 2636000.0,
        "Write Off": 366000.0,
        "Gain On Sale Of Security": -283000.0,
        "Net Non Operating Interest Income Expense": -2263000.0,
        "Total Other Finance Cost": 34000.0,
        "Interest Expense Non Operating": 3258000.0,
        "Interest Income Non Operating": 1029000.0,
        "Operating Income": -14002000.0,
        "Operating Expense": 11739000.0,
        "Other Operating Expenses": 7334000.0,
        "Depreciation Amortization Depletion Income Statement": NaN,
        "Depreciation And Amortization In Income Statement": NaN,
        "Selling General And Administration": 4405000.0,
        "General And Administrative Expense": 4405000.0,
        "Other Gand A": 4405000.0,
        "Gross Profit": -2263000.0,
        "Cost Of Revenue": 2263000.0,
        "Total Revenue": 0.0,
        "Operating Revenue": 0.0
    },
    "2024-12-31": {
        "Tax Effect Of Unusual Items": 0.0,
        "Tax Rate For Calcs": 0.0,
        "Normalized EBITDA": -6443000.0,
        "Total Unusual Items": 4408000.0,
        "Total Unusual Items Excluding Goodwill": 4408000.0,
        "Net Income From Continuing Operation Net Minority Interest": -12738000.0,
        "Reconciled Depreciation": 527000.0,
        "Reconciled Cost Of Revenue": 3613000.0,
        "EBITDA": -2035000.0,
        "EBIT": -2562000.0,
        "Net Interest Income": -2302000.0,
        "Interest Expense": 10176000.0,
        "Interest Income": 1037000.0,
        "Normalized Income": -17146000.0,
        "Net Income From Continuing And Discontinued Operation": -12738000.0,
        "Total Expenses": 11721000.0,
        "Total Operating Income As Reported": -2311000.0,
        "Diluted Average Shares": NaN,
        "Basic Average Shares": NaN,
        "Diluted EPS": NaN,
        "Basic EPS": NaN,
        "Diluted NI Availto Com Stockholders": -12738000.0,
        "Net Income Common Stockholders": -12738000.0,
        "Net Income": -12738000.0,
        "Net Income Including Noncontrolling Interests": -12738000.0,
        "Net Income Continuous Operations": -12738000.0,
        "Pretax Income": -12738000.0,
        "Other Income Expense": 1285000.0,
        "Other Non Operating Income Expenses": -3123000.0,
        "Special Income Charges": 3642000.0,
        "Gain On Sale Of Ppe": 3264000.0,
        "Write Off": NaN,
        "Gain On Sale Of Security": NaN,
        "Net Non Operating Interest Income Expense": -2302000.0,
        "Total Other Finance Cost": -6837000.0,
        "Interest Expense Non Operating": 10176000.0,
        "Interest Income Non Operating": 1037000.0,
        "Operating Income": -11721000.0,
        "Operating Expense": 8108000.0,
        "Other Operating Expenses": 4861000.0,
        "Depreciation Amortization Depletion Income Statement": NaN,
        "Depreciation And Amortization In Income Statement": NaN,
        "Selling General And Administration": 3247000.0,
        "General And Administrative Expense": 3247000.0,
        "Other Gand A": 3247000.0,
        "Gross Profit": -3613000.0,
        "Cost Of Revenue": 3613000.0,
        "Total Revenue": 0.0,
        "Operating Revenue": 0.0
    },
    "2025-03-31": {
        "Tax Effect Of Unusual Items": 0.0,
        "Tax Rate For Calcs": 0.0,
        "Normalized EBITDA": -7923000.0,
        "Total Unusual Items": 57000.0,
        "Total Unusual Items Excluding Goodwill": 57000.0,
        "Net Income From Continuing Operation Net Minority Interest": -11759000.0,
        "Reconciled Depreciation": 534000.0,
        "Reconciled Cost Of Revenue": 3014000.0,
        "EBITDA": -7866000.0,
        "EBIT": -8400000.0,
        "Net Interest Income": -2674000.0,
        "Interest Expense": 3359000.0,
        "Interest Income": 719000.0,
        "Normalized Income": -11816000.0,
        "Net Income From Continuing And Discontinued Operation": -11759000.0,
        "Total Expenses": 9279000.0,
        "Total Operating Income As Reported": -9222000.0,
        "Diluted Average Shares": 24948434.0,
        "Basic Average Shares": 24948434.0,
        "Diluted EPS": -0.47,
        "Basic EPS": -0.47,
        "Diluted NI Availto Com Stockholders": -11759000.0,
        "Net Income Common Stockholders": -11759000.0,
        "Net Income": -11759000.0,
        "Net Income Including Noncontrolling Interests": -11759000.0,
        "Net Income Continuous Operations": -11759000.0,
        "Pretax Income": -11759000.0,
        "Other Income Expense": 194000.0,
        "Other Non Operating Income Expenses": 137000.0,
        "Special Income Charges": 57000.0,
        "Gain On Sale Of Ppe": 57000.0,
        "Write Off": NaN,
        "Gain On Sale Of Security": NaN,
        "Net Non Operating Interest Income Expense": -2674000.0,
        "Total Other Finance Cost": 34000.0,
        "Interest Expense Non Operating": 3359000.0,
        "Interest Income Non Operating": 719000.0,
        "Operating Income": -9279000.0,
        "Operating Expense": 6265000.0,
        "Other Operating Expenses": 3332000.0,
        "Depreciation Amortization Depletion Income Statement": NaN,
        "Depreciation And Amortization In Income Statement": NaN,
        "Selling General And Administration": 2933000.0,
        "General And Administrative Expense": 2933000.0,
        "Other Gand A": 2933000.0,
        "Gross Profit": -3014000.0,
        "Cost Of Revenue": 3014000.0,
        "Total Revenue": 0.0,
        "Operating Revenue": 0.0
    }
}