{
    "2023-03-31": {
        "Tax Effect Of Unusual Items": 36400.0,
        "Tax Rate For Calcs": 0.4,
        "Normalized EBITDA": 129511000.0,
        "Total Unusual Items": 91000.0,
        "Total Unusual Items Excluding Goodwill": 91000.0,
        "Net Income From Continuing Operation Net Minority Interest": 54684000.0,
        "Reconciled Depreciation": 94860000.0,
        "Reconciled Cost Of Revenue": 208563000.0,
        "EBITDA": 129602000.0,
        "EBIT": 34742000.0,
        "Net Interest Income": -15540000.0,
        "Interest Expense": 15540000.0,
        "Normalized Income": 54629400.0,
        "Net Income From Continuing And Discontinued Operation": 54684000.0,
        "Total Expenses": 796065000.0,
        "Total Operating Income As Reported": 35994000.0,
        "Diluted Average Shares": 233788366.0,
        "Basic Average Shares": 228397661.0,
        "Diluted EPS": 0.23,
        "Basic EPS": 0.24,
        "Diluted NI Availto Com Stockholders": 54684000.0,
        "Net Income Common Stockholders": 54684000.0,
        "Net Income": 54684000.0,
        "Net Income Including Noncontrolling Interests": 54684000.0,
        "Net Income Continuous Operations": 54684000.0,
        "Tax Provision": -35482000.0,
        "Pretax Income": 19202000.0,
        "Other Income Expense": -1252000.0,
        "Other Non Operating Income Expenses": -1343000.0,
        "Special Income Charges": NaN,
        "Gain On Sale Of Ppe": NaN,
        "Other Special Charges": NaN,
        "Impairment Of Capital Assets": NaN,
        "Gain On Sale Of Security": 91000.0,
        "Net Non Operating Interest Income Expense": -15540000.0,
        "Interest Expense Non Operating": 15540000.0,
        "Operating Income": 35994000.0,
        "Operating Expense": 587502000.0,
        "Research And Development": 134148000.0,
        "Selling General And Administration": 453354000.0,
        "General And Administrative Expense": NaN,
        "Other Gand A": NaN,
        "Gross Profit": 623496000.0,
        "Cost Of Revenue": 208563000.0,
        "Total Revenue": 832059000.0,
        "Operating Revenue": 832059000.0
    },
    "2022-12-31": {
        "Tax Effect Of Unusual Items": -8389040.0,
        "Tax Rate For Calcs": 0.22,
        "Normalized EBITDA": 309797000.0,
        "Total Unusual Items": -38132000.0,
        "Total Unusual Items Excluding Goodwill": -38132000.0,
        "Net Income From Continuing Operation Net Minority Interest": 120408000.0,
        "Reconciled Depreciation": 98774000.0,
        "Reconciled Cost Of Revenue": 240787000.0,
        "EBITDA": 271665000.0,
        "EBIT": 172891000.0,
        "Net Interest Income": -18562000.0,
        "Interest Expense": 18562000.0,
        "Normalized Income": 150150960.0,
        "Net Income From Continuing And Discontinued Operation": 120408000.0,
        "Total Expenses": 730847000.0,
        "Total Operating Income As Reported": 173932000.0,
        "Diluted Average Shares": 233189514.0,
        "Basic Average Shares": 226974306.0,
        "Diluted EPS": 0.52,
        "Basic EPS": 0.53,
        "Diluted NI Availto Com Stockholders": 120408000.0,
        "Net Income Common Stockholders": 120408000.0,
        "Net Income": 120408000.0,
        "Net Income Including Noncontrolling Interests": 120408000.0,
        "Net Income Continuous Operations": 120408000.0,
        "Tax Provision": 33921000.0,
        "Pretax Income": 154329000.0,
        "Other Income Expense": -38291000.0,
        "Other Non Operating Income Expenses": -159000.0,
        "Special Income Charges": -37250000.0,
        "Gain On Sale Of Ppe": 0.0,
        "Other Special Charges": 37250000.0,
        "Impairment Of Capital Assets": 0.0,
        "Gain On Sale Of Security": -882000.0,
        "Net Non Operating Interest Income Expense": -18562000.0,
        "Interest Expense Non Operating": 18562000.0,
        "Operating Income": 211182000.0,
        "Operating Expense": 490060000.0,
        "Research And Development": 117526000.0,
        "Selling General And Administration": 372534000.0,
        "General And Administrative Expense": 372534000.0,
        "Other Gand A": 372534000.0,
        "Gross Profit": 701242000.0,
        "Cost Of Revenue": 240787000.0,
        "Total Revenue": 942029000.0,
        "Operating Revenue": 942029000.0
    },
    "2022-09-30": {
        "Tax Effect Of Unusual Items": -7907200.0,
        "Tax Rate For Calcs": 0.4,
        "Normalized EBITDA": 276410000.0,
        "Total Unusual Items": -19768000.0,
        "Total Unusual Items Excluding Goodwill": -19768000.0,
        "Net Income From Continuing Operation Net Minority Interest": 135839000.0,
        "Reconciled Depreciation": 99081000.0,
        "Reconciled Cost Of Revenue": 234132000.0,
        "EBITDA": 256642000.0,
        "EBIT": 157561000.0,
        "Net Interest Income": -22480000.0,
        "Interest Expense": 22480000.0,
        "Normalized Income": 147699800.0,
        "Net Income From Continuing And Discontinued Operation": 135839000.0,
        "Total Expenses": 745753000.0,
        "Total Operating Income As Reported": 160606000.0,
        "Diluted Average Shares": 235385570.0,
        "Basic Average Shares": 230333287.0,
        "Diluted EPS": 0.58,
        "Basic EPS": 0.59,
        "Diluted NI Availto Com Stockholders": 135839000.0,
        "Net Income Common Stockholders": 135839000.0,
        "Net Income": 135839000.0,
        "Net Income Including Noncontrolling Interests": 135839000.0,
        "Net Income Continuous Operations": 135839000.0,
        "Tax Provision": -758000.0,
        "Pretax Income": 135081000.0,
        "Other Income Expense": -22045000.0,
        "Other Non Operating Income Expenses": -2277000.0,
        "Special Income Charges": -19000000.0,
        "Gain On Sale Of Ppe": 0.0,
        "Other Special Charges": 19000000.0,
        "Impairment Of Capital Assets": 0.0,
        "Gain On Sale Of Security": -768000.0,
        "Net Non Operating Interest Income Expense": -22480000.0,
        "Interest Expense Non Operating": 22480000.0,
        "Operating Income": 179606000.0,
        "Operating Expense": 511621000.0,
        "Research And Development": 114058000.0,
        "Selling General And Administration": 397563000.0,
        "General And Administrative Expense": 397563000.0,
        "Other Gand A": 397563000.0,
        "Gross Profit": 691227000.0,
        "Cost Of Revenue": 234132000.0,
        "Total Revenue": 925359000.0,
        "Operating Revenue": 925359000.0
    },
    "2022-06-30": {
        "Tax Effect Of Unusual Items": -3312437.0,
        "Tax Rate For Calcs": 0.059,
        "Normalized EBITDA": 239765000.0,
        "Total Unusual Items": -56143000.0,
        "Total Unusual Items Excluding Goodwill": -56143000.0,
        "Net Income From Continuing Operation Net Minority Interest": 60974000.0,
        "Reconciled Depreciation": 97426000.0,
        "Reconciled Cost Of Revenue": 230216000.0,
        "EBITDA": 183622000.0,
        "EBIT": 86196000.0,
        "Net Interest Income": -21409000.0,
        "Interest Expense": 21409000.0,
        "Normalized Income": 113804563.0,
        "Net Income From Continuing And Discontinued Operation": 60974000.0,
        "Total Expenses": 731683000.0,
        "Total Operating Income As Reported": 88557000.0,
        "Diluted Average Shares": 236166384.0,
        "Basic Average Shares": 230020004.0,
        "Diluted EPS": 0.26,
        "Basic EPS": 0.27,
        "Diluted NI Availto Com Stockholders": 60974000.0,
        "Net Income Common Stockholders": 60974000.0,
        "Net Income": 60974000.0,
        "Net Income Including Noncontrolling Interests": 60974000.0,
        "Net Income Continuous Operations": 60974000.0,
        "Tax Provision": 3813000.0,
        "Pretax Income": 64787000.0,
        "Other Income Expense": -58532000.0,
        "Other Non Operating Income Expenses": -2389000.0,
        "Special Income Charges": -56171000.0,
        "Gain On Sale Of Ppe": 0.0,
        "Other Special Charges": NaN,
        "Impairment Of Capital Assets": 56171000.0,
        "Gain On Sale Of Security": 28000.0,
        "Net Non Operating Interest Income Expense": -21409000.0,
        "Interest Expense Non Operating": 21409000.0,
        "Operating Income": 144728000.0,
        "Operating Expense": 501467000.0,
        "Research And Development": 103246000.0,
        "Selling General And Administration": 398221000.0,
        "General And Administrative Expense": NaN,
        "Other Gand A": NaN,
        "Gross Profit": 646195000.0,
        "Cost Of Revenue": 230216000.0,
        "Total Revenue": 876411000.0,
        "Operating Revenue": 876411000.0
    },
    "2022-03-31": {
        "Diluted EPS": 0.87,
        "Total Revenue": 885,
        "Gross Profit": 670,
        "Operating Income": 194,
        "EBIT": 291,
        "Net Income": 204
    },
    "2021-12-31": {
        "Diluted EPS": 0.77,
        "Total Revenue": NaN,
        "Gross Profit": 773,
        "Operating Income": 233,
        "EBIT": 331,
        "Net Income": 173
    },
    "2021-09-30": {
        "Diluted EPS": 1.38,
        "Total Revenue": NaN,
        "Gross Profit": 785,
        "Operating Income": 332,
        "EBIT": 428,
        "Net Income": 327
    },
    "2021-06-30": {
        "Diluted EPS": 0.67,
        "Total Revenue": 833,
        "Gross Profit": 632,
        "Operating Income": 139,
        "EBIT": 232,
        "Net Income": 158
    },
    "2021-03-31": {
        "Diluted EPS": -0.55,
        "Total Revenue": 342,
        "Gross Profit": 242,
        "Operating Income": -160,
        "EBIT": -88,
        "Net Income": -123
    },
    "2020-12-31": {
        "Diluted EPS": 0.99,
        "Total Revenue": 745,
        "Gross Profit": 583,
        "Operating Income": 240,
        "EBIT": 310,
        "Net Income": 191
    },
    "2020-09-30": {
        "Diluted EPS": 1.31,
        "Total Revenue": 636,
        "Gross Profit": 485,
        "Operating Income": 229,
        "EBIT": 300,
        "Net Income": 293
    },
    "2020-06-30": {
        "Diluted EPS": -0.42,
        "Total Revenue": 463,
        "Gross Profit": 341,
        "Operating Income": 38,
        "EBIT": 117,
        "Net Income": -80
    },
    "2020-03-31": {
        "Diluted EPS": -0.07,
        "Total Revenue": 356,
        "Gross Profit": 258,
        "Operating Income": -16,
        "EBIT": 55,
        "Net Income": -14
    },
    "2019-12-31": {
        "Diluted EPS": 3.03,
        "Total Revenue": 364,
        "Gross Profit": 269,
        "Operating Income": 55,
        "EBIT": 120,
        "Net Income": 593
    },
    "2019-09-30": {
        "Diluted EPS": 0.09,
        "Total Revenue": 335,
        "Gross Profit": 246,
        "Operating Income": 49,
        "EBIT": 113,
        "Net Income": 18
    },
    "2019-06-30": {
        "Diluted EPS": -0.03,
        "Total Revenue": 321,
        "Gross Profit": 231,
        "Operating Income": 25,
        "EBIT": 90,
        "Net Income": -5
    },
    "2019-03-31": {
        "Diluted EPS": -0.19,
        "Total Revenue": 280,
        "Gross Profit": 192,
        "Operating Income": -2,
        "EBIT": 63,
        "Net Income": -33
    },
    "2018-12-31": {
        "Diluted EPS": 0.63,
        "Total Revenue": 356,
        "Gross Profit": 257,
        "Operating Income": 82,
        "EBIT": 151,
        "Net Income": 102
    },
    "2018-09-30": {
        "Diluted EPS": 0.19,
        "Total Revenue": 325,
        "Gross Profit": 234,
        "Operating Income": 62,
        "EBIT": 131,
        "Net Income": 33
    },
    "2018-06-30": {
        "Diluted EPS": -0.15,
        "Total Revenue": 303,
        "Gross Profit": 211,
        "Operating Income": 11,
        "EBIT": 78,
        "Net Income": -25
    },
    "2018-03-31": {
        "Diluted EPS": -0.9,
        "Total Revenue": 224,
        "Gross Profit": 114,
        "Operating Income": -117,
        "EBIT": -49,
        "Net Income": -149
    },
    "2017-12-31": {
        "Diluted EPS": 0.09,
        "Total Revenue": 274,
        "Gross Profit": 176,
        "Operating Income": -23,
        "EBIT": 26,
        "Net Income": 14
    },
    "2017-09-30": {
        "Diluted EPS": -0.39,
        "Total Revenue": 272,
        "Gross Profit": 146,
        "Operating Income": -26,
        "EBIT": 50,
        "Net Income": -64
    },
    "2017-06-30": {
        "Diluted EPS": -1.29,
        "Total Revenue": 290,
        "Gross Profit": 159,
        "Operating Income": -186,
        "EBIT": -109,
        "Net Income": -210
    },
    "2017-03-31": {
        "Diluted EPS": -0.56,
        "Total Revenue": 221,
        "Gross Profit": 82,
        "Operating Income": -105,
        "EBIT": -28,
        "Net Income": -91
    },
    "2016-12-31": {
        "Diluted EPS": -0.8,
        "Total Revenue": 310,
        "Gross Profit": 162,
        "Operating Income": -129,
        "EBIT": 15,
        "Net Income": -129
    },
    "2016-09-30": {
        "Diluted EPS": -0.04,
        "Total Revenue": 209,
        "Gross Profit": 124,
        "Operating Income": -21,
        "EBIT": 35,
        "Net Income": -6
    },
    "2016-06-30": {
        "Diluted EPS": 0.09,
        "Total Revenue": 257,
        "Gross Profit": 176,
        "Operating Income": 31,
        "EBIT": 88,
        "Net Income": 15
    },
    "2016-03-31": {
        "Diluted EPS": -0.28,
        "Total Revenue": 205,
        "Gross Profit": 127,
        "Operating Income": -27,
        "EBIT": 28,
        "Net Income": -45
    },
    "2015-12-31": {
        "Diluted EPS": 0.19,
        "Total Revenue": 245,
        "Gross Profit": 177,
        "Operating Income": 38,
        "EBIT": 88,
        "Net Income": 24
    },
    "2015-09-30": {
        "Diluted EPS": 0.02,
        "Total Revenue": 227,
        "Gross Profit": 165,
        "Operating Income": 46,
        "EBIT": 95,
        "Net Income": 3
    },
    "2015-06-30": {
        "Diluted EPS": 0.2,
        "Total Revenue": 173,
        "Gross Profit": 111,
        "Operating Income": -33,
        "EBIT": 5,
        "Net Income": 32
    },
    "2015-03-31": {
        "Diluted EPS": -0.16,
        "Total Revenue": 113,
        "Gross Profit": 84,
        "Operating Income": 5,
        "EBIT": 25,
        "Net Income": -20
    },
    "2014-12-31": {
        "Diluted EPS": 0.28,
        "Total Revenue": 104,
        "Gross Profit": 71,
        "Operating Income": 9,
        "EBIT": 28,
        "Net Income": -32
    },
    "2014-09-30": {
        "Diluted EPS": 0.02,
        "Total Revenue": 75,
        "Gross Profit": 61,
        "Operating Income": -12,
        "EBIT": -3,
        "Net Income": 2
    },
    "2014-06-30": {
        "Diluted EPS": -0.38,
        "Total Revenue": 66,
        "Gross Profit": 41,
        "Operating Income": -7,
        "EBIT": 1,
        "Net Income": -28
    },
    "2014-03-31": {
        "Diluted EPS": -3.07,
        "Total Revenue": 52,
        "Gross Profit": 44,
        "Operating Income": 2,
        "EBIT": 9,
        "Net Income": -206
    },
    "2013-12-31": {
        "Diluted EPS": -1.61,
        "Total Revenue": 30,
        "Gross Profit": 25,
        "Operating Income": -6,
        "EBIT": -1,
        "Net Income": -103
    },
    "2013-09-30": {
        "Diluted EPS": -0.08,
        "Total Revenue": 24,
        "Gross Profit": 21,
        "Operating Income": -3,
        "EBIT": 0,
        "Net Income": -5
    },
    "2013-06-30": {
        "Diluted EPS": -0.29,
        "Total Revenue": 11,
        "Gross Profit": 9,
        "Operating Income": -16,
        "EBIT": -13,
        "Net Income": -18
    },
    "2013-03-31": {
        "Diluted EPS": -0.36,
        "Total Revenue": 9,
        "Gross Profit": 5,
        "Operating Income": -19,
        "EBIT": -16,
        "Net Income": -22
    },
    "2012-12-31": {
        "Diluted EPS": -0.13,
        "Total Revenue": 6,
        "Gross Profit": 3,
        "Operating Income": -22,
        "EBIT": -17,
        "Net Income": -24
    },
    "2012-09-30": {
        "Diluted EPS": -0.47,
        "Total Revenue": 7,
        "Gross Profit": 3,
        "Operating Income": -19,
        "EBIT": -17,
        "Net Income": -17
    },
    "2012-06-30": {
        "Diluted EPS": -0.68,
        "Total Revenue": 4,
        "Gross Profit": 1,
        "Operating Income": -18,
        "EBIT": -17,
        "Net Income": -23
    },
    "2012-03-31": {
        "Diluted EPS": -0.98,
        "Total Revenue": 3,
        "Gross Profit": 0,
        "Operating Income": -20,
        "EBIT": -19,
        "Net Income": -24
    },
    "2011-12-31": {
        "Diluted EPS": 1.65,
        "Total Revenue": 4,
        "Gross Profit": 1,
        "Operating Income": -89,
        "EBIT": -16,
        "Net Income": -77
    },
    "2011-09-30": {
        "Diluted EPS": -1.3,
        "Total Revenue": 0,
        "Gross Profit": -1,
        "Operating Income": -16,
        "EBIT": -15,
        "Net Income": -17
    },
    "2011-06-30": {
        "Diluted EPS": -7.78,
        "Total Revenue": 1,
        "Gross Profit": -1,
        "Operating Income": -9,
        "EBIT": -8,
        "Net Income": -12
    },
    "2011-03-31": {
        "Diluted EPS": -5.13,
        "Total Revenue": 2,
        "Gross Profit": 0,
        "Operating Income": -7,
        "EBIT": -6,
        "Net Income": -8
    },
    "2010-12-31": {
        "Diluted EPS": 0.0,
        "Total Revenue": NaN,
        "Gross Profit": NaN,
        "Operating Income": NaN,
        "EBIT": NaN,
        "Net Income": NaN
    },
    "2010-09-30": {
        "Diluted EPS": -8.38,
        "Total Revenue": 1,
        "Gross Profit": 0,
        "Operating Income": -12,
        "EBIT": -10,
        "Net Income": -12
    },
    "2010-06-30": {
        "Diluted EPS": 0.56,
        "Total Revenue": 2,
        "Gross Profit": 0,
        "Operating Income": -12,
        "EBIT": -12,
        "Net Income": 7
    },
    "2009-12-31": {
        "Diluted EPS": 0.0,
        "Total Revenue": NaN,
        "Gross Profit": NaN,
        "Operating Income": NaN,
        "EBIT": NaN,
        "Net Income": NaN
    },
    "2023-06-30": {
        "Tax Effect Of Unusual Items": 139560.0,
        "Tax Rate For Calcs": 0.06,
        "Normalized EBITDA": 241309000.0,
        "Total Unusual Items": 2326000.0,
        "Total Unusual Items Excluding Goodwill": 2326000.0,
        "Net Income From Continuing Operation Net Minority Interest": 127071000.0,
        "Reconciled Depreciation": 96285000.0,
        "Reconciled Cost Of Revenue": 219958000.0,
        "EBITDA": 243635000.0,
        "EBIT": 147350000.0,
        "Net Interest Income": -12098000.0,
        "Interest Expense": 12098000.0,
        "Normalized Income": 124884560.0,
        "Net Income From Continuing And Discontinued Operation": 127071000.0,
        "Total Expenses": 804118000.0,
        "Total Operating Income As Reported": 142841000.0,
        "Diluted Average Shares": 233935591.0,
        "Basic Average Shares": 228743143.0,
        "Diluted EPS": 0.54,
        "Basic EPS": 0.56,
        "Diluted NI Availto Com Stockholders": 127071000.0,
        "Net Income Common Stockholders": 127071000.0,
        "Net Income": 127071000.0,
        "Net Income Including Noncontrolling Interests": 127071000.0,
        "Net Income Continuous Operations": 127071000.0,
        "Tax Provision": 8181000.0,
        "Pretax Income": 135252000.0,
        "Other Income Expense": 6509000.0,
        "Other Non Operating Income Expenses": 4183000.0,
        "Special Income Charges": 2000000.0,
        "Gain On Sale Of Ppe": 2000000.0,
        "Other Special Charges": NaN,
        "Impairment Of Capital Assets": 0.0,
        "Gain On Sale Of Security": 326000.0,
        "Net Non Operating Interest Income Expense": -12098000.0,
        "Interest Expense Non Operating": 12098000.0,
        "Operating Income": 140841000.0,
        "Operating Expense": 584160000.0,
        "Research And Development": 150035000.0,
        "Selling General And Administration": 434125000.0,
        "General And Administrative Expense": NaN,
        "Other Gand A": NaN,
        "Gross Profit": 725001000.0,
        "Cost Of Revenue": 219958000.0,
        "Total Revenue": 944959000.0,
        "Operating Revenue": 944959000.0
    }
}