{
    "2023-06-30": {
        "Tax Effect Of Unusual Items": 0.0,
        "Tax Rate For Calcs": 0.258518,
        "Normalized EBITDA": 84000000.0,
        "Net Income From Continuing Operation Net Minority Interest": 44416000.0,
        "Reconciled Depreciation": 9419000.0,
        "Reconciled Cost Of Revenue": 478036000.0,
        "EBITDA": 84000000.0,
        "EBIT": 74581000.0,
        "Net Interest Income": -14798000.0,
        "Interest Expense": 14798000.0,
        "Normalized Income": 44416000.0,
        "Net Income From Continuing And Discontinued Operation": 44416000.0,
        "Total Expenses": 647263000.0,
        "Total Operating Income As Reported": 74581000.0,
        "Diluted Average Shares": 22427443.0,
        "Basic Average Shares": 21885400.0,
        "Diluted EPS": 1.98,
        "Basic EPS": 2.03,
        "Diluted NI Availto Com Stockholders": 44416000.0,
        "Net Income Common Stockholders": 44416000.0,
        "Net Income": 44416000.0,
        "Minority Interests": 88000.0,
        "Net Income Including Noncontrolling Interests": 44328000.0,
        "Net Income Continuous Operations": 44328000.0,
        "Tax Provision": 15455000.0,
        "Pretax Income": 59783000.0,
        "Net Non Operating Interest Income Expense": -14798000.0,
        "Interest Expense Non Operating": 14798000.0,
        "Operating Income": 74581000.0,
        "Operating Expense": 169227000.0,
        "Selling General And Administration": 169227000.0,
        "Gross Profit": 243808000.0,
        "Cost Of Revenue": 478036000.0,
        "Total Revenue": 721844000.0,
        "Operating Revenue": 721844000.0
    },
    "2023-03-31": {
        "Tax Effect Of Unusual Items": 0.0,
        "Tax Rate For Calcs": 0.29,
        "Normalized EBITDA": 64259000.0,
        "Net Income From Continuing Operation Net Minority Interest": 30035000.0,
        "Reconciled Depreciation": 8854000.0,
        "Reconciled Cost Of Revenue": 369431000.0,
        "EBITDA": 64259000.0,
        "EBIT": 55405000.0,
        "Net Interest Income": -13280000.0,
        "Interest Expense": 13280000.0,
        "Normalized Income": 30035000.0,
        "Net Income From Continuing And Discontinued Operation": 30035000.0,
        "Total Expenses": 514935000.0,
        "Total Operating Income As Reported": 55405000.0,
        "Diluted Average Shares": 22314262.0,
        "Basic Average Shares": 21853557.0,
        "Diluted EPS": 1.35,
        "Basic EPS": 1.37,
        "Diluted NI Availto Com Stockholders": 30035000.0,
        "Net Income Common Stockholders": 30035000.0,
        "Net Income": 30035000.0,
        "Minority Interests": 111000.0,
        "Net Income Including Noncontrolling Interests": 29924000.0,
        "Net Income Continuous Operations": 29924000.0,
        "Tax Provision": 12201000.0,
        "Pretax Income": 42125000.0,
        "Net Non Operating Interest Income Expense": -13280000.0,
        "Interest Expense Non Operating": 13280000.0,
        "Operating Income": 55405000.0,
        "Operating Expense": 145504000.0,
        "Selling General And Administration": 145504000.0,
        "Gross Profit": 200909000.0,
        "Cost Of Revenue": 369431000.0,
        "Total Revenue": 570340000.0,
        "Operating Revenue": 570340000.0
    },
    "2022-12-31": {
        "Tax Effect Of Unusual Items": 0.0,
        "Tax Rate For Calcs": 0.263,
        "Normalized EBITDA": 45618000.0,
        "Net Income From Continuing Operation Net Minority Interest": 19690000.0,
        "Reconciled Depreciation": 9118000.0,
        "Reconciled Cost Of Revenue": 321030000.0,
        "EBITDA": 45618000.0,
        "EBIT": 36500000.0,
        "Net Interest Income": -9484000.0,
        "Interest Expense": 9484000.0,
        "Normalized Income": 19690000.0,
        "Net Income From Continuing And Discontinued Operation": 19690000.0,
        "Total Expenses": 471427000.0,
        "Total Operating Income As Reported": 36500000.0,
        "Diluted Average Shares": 22223173.0,
        "Basic Average Shares": 21756165.0,
        "Diluted EPS": 0.89,
        "Basic EPS": 0.91,
        "Diluted NI Availto Com Stockholders": 19690000.0,
        "Net Income Common Stockholders": 19690000.0,
        "Net Income": 19690000.0,
        "Minority Interests": -297000.0,
        "Net Income Including Noncontrolling Interests": 19987000.0,
        "Net Income Continuous Operations": 19987000.0,
        "Tax Provision": 7029000.0,
        "Pretax Income": 27016000.0,
        "Net Non Operating Interest Income Expense": -9484000.0,
        "Interest Expense Non Operating": 9484000.0,
        "Operating Income": 36500000.0,
        "Operating Expense": 150397000.0,
        "Selling General And Administration": 150397000.0,
        "Gross Profit": 186897000.0,
        "Cost Of Revenue": 321030000.0,
        "Total Revenue": 507927000.0,
        "Operating Revenue": 507927000.0
    },
    "2022-09-30": {
        "Tax Effect Of Unusual Items": 0.0,
        "Tax Rate For Calcs": 0.231801,
        "Normalized EBITDA": 50919000.0,
        "Net Income From Continuing Operation Net Minority Interest": 38360000.0,
        "Reconciled Depreciation": 5166000.0,
        "Reconciled Cost Of Revenue": 339997000.0,
        "EBITDA": 50919000.0,
        "EBIT": 50919000.0,
        "Net Interest Income": -984000.0,
        "Interest Expense": 984000.0,
        "Normalized Income": 38360000.0,
        "Net Income From Continuing And Discontinued Operation": 38360000.0,
        "Total Expenses": 485845000.0,
        "Total Operating Income As Reported": 50919000.0,
        "Diluted Average Shares": 22231163.0,
        "Basic Average Shares": 21541279.0,
        "Diluted EPS": 1.73,
        "Basic EPS": 1.78,
        "Diluted NI Availto Com Stockholders": 38360000.0,
        "Net Income Common Stockholders": 38360000.0,
        "Net Income": 38360000.0,
        "Minority Interests": NaN,
        "Net Income Including Noncontrolling Interests": 38360000.0,
        "Net Income Continuous Operations": 38360000.0,
        "Tax Provision": 11575000.0,
        "Pretax Income": 49935000.0,
        "Net Non Operating Interest Income Expense": -984000.0,
        "Interest Expense Non Operating": 984000.0,
        "Operating Income": 50919000.0,
        "Operating Expense": 145848000.0,
        "Selling General And Administration": 145848000.0,
        "Gross Profit": 196767000.0,
        "Cost Of Revenue": 339997000.0,
        "Total Revenue": 536764000.0,
        "Operating Revenue": 536764000.0
    },
    "2022-06-30": {
        "Tax Effect Of Unusual Items": 0.0,
        "Tax Rate For Calcs": 0.256,
        "Normalized EBITDA": 100248000.0,
        "Net Income From Continuing Operation Net Minority Interest": 70179000.0,
        "Reconciled Depreciation": 4948000.0,
        "Reconciled Cost Of Revenue": 452064000.0,
        "EBITDA": 100248000.0,
        "EBIT": 95300000.0,
        "Net Interest Income": -1008000.0,
        "Interest Expense": 1008000.0,
        "Normalized Income": 70179000.0,
        "Net Income From Continuing And Discontinued Operation": 70179000.0,
        "Total Expenses": 593237000.0,
        "Total Operating Income As Reported": 95300000.0,
        "Diluted Average Shares": 22173273.0,
        "Basic Average Shares": 21524315.0,
        "Diluted EPS": 3.17,
        "Basic EPS": 3.26,
        "Diluted NI Availto Com Stockholders": 70179000.0,
        "Net Income Common Stockholders": 70179000.0,
        "Net Income": 70179000.0,
        "Minority Interests": NaN,
        "Net Income Including Noncontrolling Interests": 70179000.0,
        "Net Income Continuous Operations": 70179000.0,
        "Tax Provision": 24113000.0,
        "Pretax Income": 94292000.0,
        "Net Non Operating Interest Income Expense": -1008000.0,
        "Interest Expense Non Operating": 1008000.0,
        "Operating Income": 95300000.0,
        "Operating Expense": 141173000.0,
        "Selling General And Administration": 141173000.0,
        "Gross Profit": 236473000.0,
        "Cost Of Revenue": 452064000.0,
        "Total Revenue": 688537000.0,
        "Operating Revenue": 688537000.0
    },
    "2022-03-31": {
        "Diluted EPS": 2.37,
        "Total Revenue": 610,
        "Gross Profit": 205,
        "Operating Income": 72,
        "EBIT": 77,
        "Net Income": 54
    },
    "2021-12-31": {
        "Diluted EPS": 1.59,
        "Total Revenue": 473,
        "Gross Profit": 167,
        "Operating Income": 47,
        "EBIT": 52,
        "Net Income": 36
    },
    "2021-09-30": {
        "Diluted EPS": 1.46,
        "Total Revenue": 462,
        "Gross Profit": 175,
        "Operating Income": 44,
        "EBIT": 48,
        "Net Income": 33
    },
    "2021-06-30": {
        "Diluted EPS": 2.59,
        "Total Revenue": 666,
        "Gross Profit": 205,
        "Operating Income": 81,
        "EBIT": 85,
        "Net Income": 60
    },
    "2021-03-31": {
        "Diluted EPS": 1.69,
        "Total Revenue": 523,
        "Gross Profit": 157,
        "Operating Income": 53,
        "EBIT": 57,
        "Net Income": 39
    },
    "2020-12-31": {
        "Diluted EPS": 1.04,
        "Total Revenue": 412,
        "Gross Profit": 123,
        "Operating Income": 32,
        "EBIT": 36,
        "Net Income": 24
    },
    "2020-09-30": {
        "Diluted EPS": 1.15,
        "Total Revenue": 399,
        "Gross Profit": 116,
        "Operating Income": 33,
        "EBIT": 36,
        "Net Income": 26
    },
    "2020-06-30": {
        "Diluted EPS": 1.58,
        "Total Revenue": 498,
        "Gross Profit": 123,
        "Operating Income": 49,
        "EBIT": 52,
        "Net Income": 35
    },
    "2020-03-31": {
        "Diluted EPS": 0.23,
        "Total Revenue": 308,
        "Gross Profit": 79,
        "Operating Income": 10,
        "EBIT": 13,
        "Net Income": 5
    },
    "2019-12-31": {
        "Diluted EPS": 0.41,
        "Total Revenue": 304,
        "Gross Profit": 80,
        "Operating Income": 16,
        "EBIT": 19,
        "Net Income": 9
    },
    "2019-09-30": {
        "Diluted EPS": 0.29,
        "Total Revenue": 308,
        "Gross Profit": 87,
        "Operating Income": 13,
        "EBIT": 16,
        "Net Income": 7
    },
    "2019-06-30": {
        "Diluted EPS": 0.84,
        "Total Revenue": 383,
        "Gross Profit": 98,
        "Operating Income": 29,
        "EBIT": 32,
        "Net Income": 19
    },
    "2019-03-31": {
        "Diluted EPS": 0.23,
        "Total Revenue": 304,
        "Gross Profit": 74,
        "Operating Income": 10,
        "EBIT": 13,
        "Net Income": 5
    },
    "2018-12-31": {
        "Diluted EPS": 0.21,
        "Total Revenue": 242,
        "Gross Profit": 63,
        "Operating Income": 9,
        "EBIT": 12,
        "Net Income": 5
    },
    "2018-09-30": {
        "Diluted EPS": 0.5,
        "Total Revenue": 309,
        "Gross Profit": 79,
        "Operating Income": 17,
        "EBIT": 20,
        "Net Income": 12
    },
    "2018-06-30": {
        "Diluted EPS": 0.75,
        "Total Revenue": 361,
        "Gross Profit": 91,
        "Operating Income": 27,
        "EBIT": 29,
        "Net Income": 17
    },
    "2018-03-31": {
        "Diluted EPS": 0.27,
        "Total Revenue": 271,
        "Gross Profit": 69,
        "Operating Income": 11,
        "EBIT": 13,
        "Net Income": 6
    },
    "2017-12-31": {
        "Diluted EPS": 0.19,
        "Total Revenue": 237,
        "Gross Profit": 59,
        "Operating Income": 9,
        "EBIT": 11,
        "Net Income": 4
    },
    "2017-09-30": {
        "Diluted EPS": 0.16,
        "Total Revenue": 251,
        "Gross Profit": 66,
        "Operating Income": 8,
        "EBIT": 10,
        "Net Income": 4
    },
    "2017-06-30": {
        "Diluted EPS": 0.57,
        "Total Revenue": 330,
        "Gross Profit": 85,
        "Operating Income": 25,
        "EBIT": 28,
        "Net Income": 14
    },
    "2017-03-31": {
        "Diluted EPS": 0.11,
        "Total Revenue": 245,
        "Gross Profit": 61,
        "Operating Income": 6,
        "EBIT": 9,
        "Net Income": 3
    },
    "2016-12-31": {
        "Diluted EPS": 0.11,
        "Total Revenue": 227,
        "Gross Profit": 53,
        "Operating Income": 6,
        "EBIT": 8,
        "Net Income": 3
    },
    "2016-09-30": {
        "Diluted EPS": 0.22,
        "Total Revenue": 227,
        "Gross Profit": 56,
        "Operating Income": 7,
        "EBIT": 10,
        "Net Income": 6
    },
    "2016-06-30": {
        "Diluted EPS": 0.56,
        "Total Revenue": 346,
        "Gross Profit": 79,
        "Operating Income": 25,
        "EBIT": 27,
        "Net Income": 14
    },
    "2016-03-31": {
        "Diluted EPS": 0.1,
        "Total Revenue": 200,
        "Gross Profit": 49,
        "Operating Income": 6,
        "EBIT": 8,
        "Net Income": 2
    },
    "2015-12-31": {
        "Diluted EPS": 0.03,
        "Total Revenue": 170,
        "Gross Profit": 42,
        "Operating Income": 3,
        "EBIT": 5,
        "Net Income": 1
    },
    "2015-09-30": {
        "Diluted EPS": 1.3,
        "Total Revenue": 189,
        "Gross Profit": 48,
        "Operating Income": 6,
        "EBIT": 8,
        "Net Income": 33
    },
    "2015-06-30": {
        "Diluted EPS": 0.59,
        "Total Revenue": 232,
        "Gross Profit": 57,
        "Operating Income": 16,
        "EBIT": 18,
        "Net Income": 15
    },
    "2015-03-31": {
        "Diluted EPS": 0.02,
        "Total Revenue": 172,
        "Gross Profit": 42,
        "Operating Income": 2,
        "EBIT": 4,
        "Net Income": 0
    },
    "2014-12-31": {
        "Diluted EPS": 0.01,
        "Total Revenue": 158,
        "Gross Profit": 37,
        "Operating Income": 1,
        "EBIT": 3,
        "Net Income": 0
    },
    "2014-09-30": {
        "Diluted EPS": 0.21,
        "Total Revenue": 164,
        "Gross Profit": 43,
        "Operating Income": 6,
        "EBIT": 8,
        "Net Income": 5
    },
    "2014-06-30": {
        "Diluted EPS": 0.47,
        "Total Revenue": 214,
        "Gross Profit": 54,
        "Operating Income": 13,
        "EBIT": 14,
        "Net Income": 12
    },
    "2014-03-31": {
        "Diluted EPS": -0.08,
        "Total Revenue": 137,
        "Gross Profit": 35,
        "Operating Income": -1,
        "EBIT": 1,
        "Net Income": -2
    },
    "2013-12-31": {
        "Diluted EPS": -0.14,
        "Total Revenue": 110,
        "Gross Profit": 30,
        "Operating Income": -2,
        "EBIT": -1,
        "Net Income": -3
    },
    "2013-09-30": {
        "Diluted EPS": 0.24,
        "Total Revenue": 150,
        "Gross Profit": 40,
        "Operating Income": 6,
        "EBIT": 8,
        "Net Income": 5
    },
    "2013-06-30": {
        "Diluted EPS": 0.56,
        "Total Revenue": 176,
        "Gross Profit": 47,
        "Operating Income": 14,
        "EBIT": 15,
        "Net Income": 14
    },
    "2013-03-31": {
        "Diluted EPS": 0.01,
        "Total Revenue": 160,
        "Gross Profit": 38,
        "Operating Income": 2,
        "EBIT": 3,
        "Net Income": 0
    },
    "2012-12-31": {
        "Diluted EPS": -0.18,
        "Total Revenue": 99,
        "Gross Profit": 26,
        "Operating Income": -3,
        "EBIT": -1,
        "Net Income": -4
    },
    "2012-09-30": {
        "Diluted EPS": -0.06,
        "Total Revenue": 137,
        "Gross Profit": 33,
        "Operating Income": -1,
        "EBIT": 1,
        "Net Income": -2
    },
    "2012-06-30": {
        "Diluted EPS": 0.2,
        "Total Revenue": 151,
        "Gross Profit": 40,
        "Operating Income": 6,
        "EBIT": 7,
        "Net Income": 5
    },
    "2012-03-31": {
        "Diluted EPS": 0.1,
        "Total Revenue": 144,
        "Gross Profit": 34,
        "Operating Income": 3,
        "EBIT": 5,
        "Net Income": 2
    },
    "2011-12-31": {
        "Diluted EPS": -0.19,
        "Total Revenue": 92,
        "Gross Profit": 26,
        "Operating Income": -3,
        "EBIT": -1,
        "Net Income": -4
    },
    "2011-09-30": {
        "Diluted EPS": -0.28,
        "Total Revenue": 120,
        "Gross Profit": 30,
        "Operating Income": -5,
        "EBIT": -3,
        "Net Income": -6
    },
    "2011-06-30": {
        "Diluted EPS": 0.15,
        "Total Revenue": 153,
        "Gross Profit": 39,
        "Operating Income": 4,
        "EBIT": 6,
        "Net Income": 3
    },
    "2011-03-31": {
        "Diluted EPS": -0.2,
        "Total Revenue": 116,
        "Gross Profit": 27,
        "Operating Income": -4,
        "EBIT": -2,
        "Net Income": -4
    },
    "2010-12-31": {
        "Diluted EPS": -0.19,
        "Total Revenue": 92,
        "Gross Profit": 24,
        "Operating Income": -4,
        "EBIT": -2,
        "Net Income": -5
    },
    "2010-09-30": {
        "Diluted EPS": -0.07,
        "Total Revenue": 124,
        "Gross Profit": 30,
        "Operating Income": -1,
        "EBIT": 0,
        "Net Income": -2
    },
    "2010-06-30": {
        "Diluted EPS": 0.02,
        "Total Revenue": 115,
        "Gross Profit": 35,
        "Operating Income": 1,
        "EBIT": 3,
        "Net Income": 1
    },
    "2010-03-31": {
        "Diluted EPS": -0.29,
        "Total Revenue": 110,
        "Gross Profit": 24,
        "Operating Income": -5,
        "EBIT": -3,
        "Net Income": -6
    },
    "2009-12-31": {
        "Diluted EPS": 0.45,
        "Total Revenue": 100,
        "Gross Profit": 22,
        "Operating Income": -8,
        "EBIT": -6,
        "Net Income": 10
    },
    "2009-09-30": {
        "Diluted EPS": -1.75,
        "Total Revenue": 207,
        "Gross Profit": 13,
        "Operating Income": -33,
        "EBIT": -29,
        "Net Income": -33
    },
    "2009-06-30": {
        "Diluted EPS": -0.49,
        "Total Revenue": 152,
        "Gross Profit": 33,
        "Operating Income": -6,
        "EBIT": -4,
        "Net Income": -9
    },
    "2009-03-31": {
        "Diluted EPS": -1.09,
        "Total Revenue": 130,
        "Gross Profit": 20,
        "Operating Income": -17,
        "EBIT": -15,
        "Net Income": -20
    },
    "2023-09-30": {
        "Tax Effect Of Unusual Items": 0.0,
        "Tax Rate For Calcs": 0.17676,
        "Normalized EBITDA": 47957000.0,
        "Net Income From Continuing Operation Net Minority Interest": 15141000.0,
        "Reconciled Depreciation": 13641000.0,
        "Reconciled Cost Of Revenue": 390880000.0,
        "EBITDA": 47957000.0,
        "EBIT": 34316000.0,
        "Net Interest Income": -15805000.0,
        "Interest Expense": 15805000.0,
        "Normalized Income": 15141000.0,
        "Net Income From Continuing And Discontinued Operation": 15141000.0,
        "Total Expenses": 560279000.0,
        "Total Operating Income As Reported": 34316000.0,
        "Diluted Average Shares": 22753029.0,
        "Basic Average Shares": 21914961.0,
        "Diluted EPS": 0.67,
        "Basic EPS": 0.69,
        "Diluted NI Availto Com Stockholders": 15141000.0,
        "Net Income Common Stockholders": 15141000.0,
        "Net Income": 15141000.0,
        "Minority Interests": -98000.0,
        "Net Income Including Noncontrolling Interests": 15239000.0,
        "Net Income Continuous Operations": 15239000.0,
        "Tax Provision": 3272000.0,
        "Pretax Income": 18511000.0,
        "Net Non Operating Interest Income Expense": -15805000.0,
        "Interest Expense Non Operating": 15805000.0,
        "Operating Income": 34316000.0,
        "Operating Expense": 169399000.0,
        "Selling General And Administration": 169399000.0,
        "Gross Profit": 203715000.0,
        "Cost Of Revenue": 390880000.0,
        "Total Revenue": 594595000.0,
        "Operating Revenue": 594595000.0
    },
    "2023-12-31": {
        "Tax Effect Of Unusual Items": 0.0,
        "Tax Rate For Calcs": 0.21,
        "Normalized EBITDA": 29931000.0,
        "Net Income From Continuing Operation Net Minority Interest": 930000.0,
        "Reconciled Depreciation": 10932000.0,
        "Reconciled Cost Of Revenue": 351793000.0,
        "EBITDA": 29931000.0,
        "EBIT": 18999000.0,
        "Net Interest Income": -18365000.0,
        "Interest Expense": 18365000.0,
        "Normalized Income": 930000.0,
        "Net Income From Continuing And Discontinued Operation": 930000.0,
        "Total Expenses": 508275000.0,
        "Total Operating Income As Reported": 18999000.0,
        "Diluted Average Shares": 22809017.0,
        "Basic Average Shares": 22196141.0,
        "Diluted EPS": 0.04,
        "Basic EPS": 0.04,
        "Diluted NI Availto Com Stockholders": 930000.0,
        "Net Income Common Stockholders": 930000.0,
        "Net Income": 930000.0,
        "Minority Interests": 85000.0,
        "Net Income Including Noncontrolling Interests": 845000.0,
        "Net Income Continuous Operations": 845000.0,
        "Tax Provision": -211000.0,
        "Pretax Income": 634000.0,
        "Net Non Operating Interest Income Expense": -18365000.0,
        "Interest Expense Non Operating": 18365000.0,
        "Operating Income": 18999000.0,
        "Operating Expense": 156482000.0,
        "Selling General And Administration": 156482000.0,
        "Gross Profit": 175481000.0,
        "Cost Of Revenue": 351793000.0,
        "Total Revenue": 527274000.0,
        "Operating Revenue": 527274000.0
    },
    "2024-03-31": {
        "Tax Effect Of Unusual Items": 0.0,
        "Tax Rate For Calcs": 0.28515,
        "Normalized EBITDA": 32366000.0,
        "Net Income From Continuing Operation Net Minority Interest": 1587000.0,
        "Reconciled Depreciation": 10965000.0,
        "Reconciled Cost Of Revenue": 392471000.0,
        "EBITDA": 32366000.0,
        "EBIT": 21401000.0,
        "Net Interest Income": -19374000.0,
        "Interest Expense": 19374000.0,
        "Normalized Income": 1587000.0,
        "Net Income From Continuing And Discontinued Operation": 1587000.0,
        "Total Expenses": 561491000.0,
        "Total Operating Income As Reported": 21401000.0,
        "Diluted Average Shares": 22999229.0,
        "Basic Average Shares": 22299599.0,
        "Diluted EPS": 0.07,
        "Basic EPS": 0.07,
        "Diluted NI Availto Com Stockholders": 1587000.0,
        "Net Income Common Stockholders": 1587000.0,
        "Net Income": 1587000.0,
        "Minority Interests": 138000.0,
        "Net Income Including Noncontrolling Interests": 1449000.0,
        "Net Income Continuous Operations": 1449000.0,
        "Tax Provision": 578000.0,
        "Pretax Income": 2027000.0,
        "Net Non Operating Interest Income Expense": -19374000.0,
        "Interest Expense Non Operating": 19374000.0,
        "Operating Income": 21401000.0,
        "Operating Expense": 169020000.0,
        "Selling General And Administration": 169020000.0,
        "Gross Profit": 190421000.0,
        "Cost Of Revenue": 392471000.0,
        "Total Revenue": 582892000.0,
        "Operating Revenue": 582892000.0
    },
    "2024-06-30": {
        "Tax Effect Of Unusual Items": NaN,
        "Tax Rate For Calcs": NaN,
        "Normalized EBITDA": NaN,
        "Total Unusual Items": 0.0,
        "Total Unusual Items Excluding Goodwill": 0.0,
        "Net Income From Continuing Operation Net Minority Interest": NaN,
        "Reconciled Depreciation": NaN,
        "Reconciled Cost Of Revenue": NaN,
        "EBITDA": NaN,
        "EBIT": NaN,
        "Net Interest Income": NaN,
        "Interest Expense": NaN,
        "Normalized Income": NaN,
        "Net Income From Continuing And Discontinued Operation": NaN,
        "Total Expenses": NaN,
        "Total Operating Income As Reported": NaN,
        "Diluted Average Shares": NaN,
        "Basic Average Shares": NaN,
        "Diluted EPS": NaN,
        "Basic EPS": NaN,
        "Diluted NI Availto Com Stockholders": NaN,
        "Net Income Common Stockholders": NaN,
        "Net Income": NaN,
        "Minority Interests": NaN,
        "Net Income Including Noncontrolling Interests": NaN,
        "Net Income Continuous Operations": NaN,
        "Tax Provision": NaN,
        "Pretax Income": NaN,
        "Other Income Expense": NaN,
        "Special Income Charges": 0.0,
        "Impairment Of Capital Assets": 0.0,
        "Net Non Operating Interest Income Expense": NaN,
        "Interest Expense Non Operating": NaN,
        "Operating Income": NaN,
        "Operating Expense": NaN,
        "Selling General And Administration": NaN,
        "Gross Profit": NaN,
        "Cost Of Revenue": NaN,
        "Total Revenue": NaN,
        "Operating Revenue": NaN
    },
    "2024-09-30": {
        "Tax Effect Of Unusual Items": 0.0,
        "Tax Rate For Calcs": 0.21,
        "Normalized EBITDA": 38199000.0,
        "Total Unusual Items": NaN,
        "Total Unusual Items Excluding Goodwill": NaN,
        "Net Income From Continuing Operation Net Minority Interest": 3999000.0,
        "Reconciled Depreciation": 11400000.0,
        "Reconciled Cost Of Revenue": 369927000.0,
        "EBITDA": 38199000.0,
        "EBIT": 26799000.0,
        "Net Interest Income": -17927000.0,
        "Interest Expense": 17927000.0,
        "Normalized Income": 3999000.0,
        "Net Income From Continuing And Discontinued Operation": 3999000.0,
        "Total Expenses": 536323000.0,
        "Total Operating Income As Reported": 26799000.0,
        "Diluted Average Shares": 23199765.0,
        "Basic Average Shares": 22322097.0,
        "Diluted EPS": 0.17,
        "Basic EPS": 0.18,
        "Diluted NI Availto Com Stockholders": 3999000.0,
        "Net Income Common Stockholders": 3999000.0,
        "Net Income": 3999000.0,
        "Minority Interests": -732000.0,
        "Net Income Including Noncontrolling Interests": 4731000.0,
        "Net Income Continuous Operations": 4731000.0,
        "Tax Provision": 4141000.0,
        "Pretax Income": 8872000.0,
        "Other Income Expense": NaN,
        "Special Income Charges": NaN,
        "Impairment Of Capital Assets": NaN,
        "Net Non Operating Interest Income Expense": -17927000.0,
        "Interest Expense Non Operating": 17927000.0,
        "Operating Income": 26799000.0,
        "Operating Expense": 166396000.0,
        "Selling General And Administration": 166396000.0,
        "Gross Profit": 193195000.0,
        "Cost Of Revenue": 369927000.0,
        "Total Revenue": 563122000.0,
        "Operating Revenue": 563122000.0
    },
    "2024-12-31": {
        "Tax Effect Of Unusual Items": 0.0,
        "Tax Rate For Calcs": 0.251,
        "Normalized EBITDA": 50569000.0,
        "Total Unusual Items": NaN,
        "Total Unusual Items Excluding Goodwill": NaN,
        "Net Income From Continuing Operation Net Minority Interest": 18066000.0,
        "Reconciled Depreciation": 11597000.0,
        "Reconciled Cost Of Revenue": 298807000.0,
        "EBITDA": 50569000.0,
        "EBIT": 38972000.0,
        "Net Interest Income": -18745000.0,
        "Interest Expense": 18745000.0,
        "Normalized Income": 18066000.0,
        "Net Income From Continuing And Discontinued Operation": 18066000.0,
        "Total Expenses": 429489000.0,
        "Total Operating Income As Reported": 38972000.0,
        "Diluted Average Shares": 23385374.0,
        "Basic Average Shares": 22615629.0,
        "Diluted EPS": 0.77,
        "Basic EPS": 0.8,
        "Diluted NI Availto Com Stockholders": 18066000.0,
        "Net Income Common Stockholders": 18066000.0,
        "Net Income": 18066000.0,
        "Minority Interests": -58000.0,
        "Net Income Including Noncontrolling Interests": 18124000.0,
        "Net Income Continuous Operations": 18124000.0,
        "Tax Provision": 2103000.0,
        "Pretax Income": 20227000.0,
        "Other Income Expense": NaN,
        "Special Income Charges": NaN,
        "Impairment Of Capital Assets": NaN,
        "Net Non Operating Interest Income Expense": -18745000.0,
        "Interest Expense Non Operating": 18745000.0,
        "Operating Income": 38972000.0,
        "Operating Expense": 130682000.0,
        "Selling General And Administration": 130682000.0,
        "Gross Profit": 169654000.0,
        "Cost Of Revenue": 298807000.0,
        "Total Revenue": 468461000.0,
        "Operating Revenue": 468461000.0
    },
    "2025-03-31": {
        "Tax Effect Of Unusual Items": 0.0,
        "Tax Rate For Calcs": 0.307,
        "Normalized EBITDA": 34993000.0,
        "Total Unusual Items": NaN,
        "Total Unusual Items Excluding Goodwill": NaN,
        "Net Income From Continuing Operation Net Minority Interest": 3300000.0,
        "Reconciled Depreciation": 12252000.0,
        "Reconciled Cost Of Revenue": 442004000.0,
        "EBITDA": 34993000.0,
        "EBIT": 22741000.0,
        "Net Interest Income": -18179000.0,
        "Interest Expense": 18179000.0,
        "Normalized Income": 3300000.0,
        "Net Income From Continuing And Discontinued Operation": 3300000.0,
        "Total Expenses": 608774000.0,
        "Total Operating Income As Reported": 22741000.0,
        "Diluted Average Shares": 23324347.0,
        "Basic Average Shares": 22616518.0,
        "Diluted EPS": 0.14,
        "Basic EPS": 0.15,
        "Diluted NI Availto Com Stockholders": 3300000.0,
        "Net Income Common Stockholders": 3300000.0,
        "Net Income": 3300000.0,
        "Minority Interests": 138000.0,
        "Net Income Including Noncontrolling Interests": 3162000.0,
        "Net Income Continuous Operations": 3162000.0,
        "Tax Provision": 1400000.0,
        "Pretax Income": 4562000.0,
        "Other Income Expense": NaN,
        "Special Income Charges": NaN,
        "Impairment Of Capital Assets": NaN,
        "Net Non Operating Interest Income Expense": -18179000.0,
        "Interest Expense Non Operating": 18179000.0,
        "Operating Income": 22741000.0,
        "Operating Expense": 166770000.0,
        "Selling General And Administration": 166770000.0,
        "Gross Profit": 189511000.0,
        "Cost Of Revenue": 442004000.0,
        "Total Revenue": 631515000.0,
        "Operating Revenue": 631515000.0
    },
    "2025-06-30": {
        "Tax Effect Of Unusual Items": -7665105.0,
        "Tax Rate For Calcs": 0.111,
        "Normalized EBITDA": 40051000.0,
        "Total Unusual Items": -69055000.0,
        "Total Unusual Items Excluding Goodwill": -69055000.0,
        "Net Income From Continuing Operation Net Minority Interest": -52146000.0,
        "Reconciled Depreciation": 12536000.0,
        "Reconciled Cost Of Revenue": 457538000.0,
        "EBITDA": -29004000.0,
        "EBIT": -41540000.0,
        "Net Interest Income": -16936000.0,
        "Interest Expense": 16936000.0,
        "Normalized Income": 9243895.0,
        "Net Income From Continuing And Discontinued Operation": -52146000.0,
        "Total Expenses": 629644000.0,
        "Total Operating Income As Reported": -41540000.0,
        "Diluted Average Shares": 21515092.0,
        "Basic Average Shares": 21515092.0,
        "Diluted EPS": -2.42,
        "Basic EPS": -2.42,
        "Diluted NI Availto Com Stockholders": -52146000.0,
        "Net Income Common Stockholders": -52146000.0,
        "Net Income": -52146000.0,
        "Minority Interests": -176000.0,
        "Net Income Including Noncontrolling Interests": -51970000.0,
        "Net Income Continuous Operations": -51970000.0,
        "Tax Provision": -6506000.0,
        "Pretax Income": -58476000.0,
        "Other Income Expense": -69055000.0,
        "Special Income Charges": -69055000.0,
        "Impairment Of Capital Assets": 69055000.0,
        "Net Non Operating Interest Income Expense": -16936000.0,
        "Interest Expense Non Operating": 16936000.0,
        "Operating Income": 27515000.0,
        "Operating Expense": 172106000.0,
        "Selling General And Administration": 172106000.0,
        "Gross Profit": 199621000.0,
        "Cost Of Revenue": 457538000.0,
        "Total Revenue": 657159000.0,
        "Operating Revenue": 657159000.0
    },
    "2025-09-30": {
        "Tax Effect Of Unusual Items": 0.0,
        "Tax Rate For Calcs": 0.21,
        "Normalized EBITDA": 26779000.0,
        "Total Unusual Items": 0.0,
        "Total Unusual Items Excluding Goodwill": 0.0,
        "Net Income From Continuing Operation Net Minority Interest": -851000.0,
        "Reconciled Depreciation": 12935000.0,
        "Reconciled Cost Of Revenue": 360711000.0,
        "EBITDA": 26779000.0,
        "EBIT": 13844000.0,
        "Net Interest Income": -17298000.0,
        "Interest Expense": 17298000.0,
        "Normalized Income": -851000.0,
        "Net Income From Continuing And Discontinued Operation": -851000.0,
        "Total Expenses": 538309000.0,
        "Total Operating Income As Reported": 13844000.0,
        "Diluted Average Shares": 21467898.0,
        "Basic Average Shares": 21467898.0,
        "Diluted EPS": -0.04,
        "Basic EPS": -0.04,
        "Diluted NI Availto Com Stockholders": -851000.0,
        "Net Income Common Stockholders": -851000.0,
        "Net Income": -851000.0,
        "Minority Interests": -769000.0,
        "Net Income Including Noncontrolling Interests": -82000.0,
        "Net Income Continuous Operations": -82000.0,
        "Tax Provision": -3372000.0,
        "Pretax Income": -3454000.0,
        "Other Income Expense": 0.0,
        "Special Income Charges": 0.0,
        "Impairment Of Capital Assets": 0.0,
        "Net Non Operating Interest Income Expense": -17298000.0,
        "Interest Expense Non Operating": 17298000.0,
        "Operating Income": 13844000.0,
        "Operating Expense": 177598000.0,
        "Selling General And Administration": 177598000.0,
        "Gross Profit": 191442000.0,
        "Cost Of Revenue": 360711000.0,
        "Total Revenue": 552153000.0,
        "Operating Revenue": 552153000.0
    }
}