{
    "2023-03-31": {
        "Tax Effect Of Unusual Items": NaN,
        "Tax Rate For Calcs": NaN,
        "Normalized EBITDA": NaN,
        "Total Unusual Items": NaN,
        "Total Unusual Items Excluding Goodwill": NaN,
        "Net Income From Continuing Operation Net Minority Interest": NaN,
        "Reconciled Depreciation": NaN,
        "Reconciled Cost Of Revenue": NaN,
        "EBITDA": NaN,
        "EBIT": NaN,
        "Net Interest Income": NaN,
        "Interest Expense": NaN,
        "Interest Income": NaN,
        "Normalized Income": NaN,
        "Net Income From Continuing And Discontinued Operation": NaN,
        "Total Expenses": NaN,
        "Total Operating Income As Reported": NaN,
        "Diluted Average Shares": NaN,
        "Basic Average Shares": NaN,
        "Diluted EPS": NaN,
        "Basic EPS": NaN,
        "Diluted NI Availto Com Stockholders": NaN,
        "Average Dilution Earnings": 436000.0,
        "Net Income Common Stockholders": NaN,
        "Otherunder Preferred Stock Dividend": NaN,
        "Net Income": NaN,
        "Minority Interests": NaN,
        "Net Income Including Noncontrolling Interests": NaN,
        "Net Income Continuous Operations": NaN,
        "Tax Provision": NaN,
        "Pretax Income": NaN,
        "Other Income Expense": NaN,
        "Other Non Operating Income Expenses": NaN,
        "Special Income Charges": NaN,
        "Gain On Sale Of Business": -1301000.0,
        "Impairment Of Capital Assets": NaN,
        "Gain On Sale Of Security": NaN,
        "Net Non Operating Interest Income Expense": NaN,
        "Interest Expense Non Operating": NaN,
        "Interest Income Non Operating": NaN,
        "Operating Income": NaN,
        "Operating Expense": NaN,
        "Depreciation Amortization Depletion Income Statement": NaN,
        "Depreciation And Amortization In Income Statement": NaN,
        "Amortization": NaN,
        "Amortization Of Intangibles Income Statement": NaN,
        "Depreciation Income Statement": NaN,
        "Research And Development": NaN,
        "Selling General And Administration": NaN,
        "Selling And Marketing Expense": NaN,
        "General And Administrative Expense": NaN,
        "Other Gand A": NaN,
        "Salaries And Wages": NaN,
        "Gross Profit": NaN,
        "Cost Of Revenue": NaN,
        "Total Revenue": NaN,
        "Operating Revenue": NaN
    },
    "2022-12-31": {
        "Tax Effect Of Unusual Items": NaN,
        "Tax Rate For Calcs": NaN,
        "Normalized EBITDA": NaN,
        "Total Unusual Items": NaN,
        "Total Unusual Items Excluding Goodwill": NaN,
        "Net Income From Continuing Operation Net Minority Interest": NaN,
        "Reconciled Depreciation": NaN,
        "Reconciled Cost Of Revenue": NaN,
        "EBITDA": NaN,
        "EBIT": NaN,
        "Net Interest Income": NaN,
        "Interest Expense": NaN,
        "Interest Income": NaN,
        "Normalized Income": NaN,
        "Net Income From Continuing And Discontinued Operation": NaN,
        "Total Expenses": NaN,
        "Total Operating Income As Reported": NaN,
        "Diluted Average Shares": NaN,
        "Basic Average Shares": NaN,
        "Diluted EPS": NaN,
        "Basic EPS": NaN,
        "Diluted NI Availto Com Stockholders": NaN,
        "Average Dilution Earnings": NaN,
        "Net Income Common Stockholders": NaN,
        "Otherunder Preferred Stock Dividend": NaN,
        "Net Income": NaN,
        "Minority Interests": NaN,
        "Net Income Including Noncontrolling Interests": NaN,
        "Net Income Discontinuous Operations": 2694000.0,
        "Net Income Continuous Operations": NaN,
        "Tax Provision": NaN,
        "Pretax Income": NaN,
        "Other Income Expense": NaN,
        "Other Non Operating Income Expenses": NaN,
        "Special Income Charges": NaN,
        "Gain On Sale Of Business": NaN,
        "Impairment Of Capital Assets": 26005000.0,
        "Gain On Sale Of Security": NaN,
        "Net Non Operating Interest Income Expense": NaN,
        "Interest Expense Non Operating": NaN,
        "Interest Income Non Operating": NaN,
        "Operating Income": NaN,
        "Operating Expense": NaN,
        "Depreciation Amortization Depletion Income Statement": NaN,
        "Depreciation And Amortization In Income Statement": NaN,
        "Amortization": NaN,
        "Amortization Of Intangibles Income Statement": NaN,
        "Depreciation Income Statement": NaN,
        "Research And Development": NaN,
        "Selling General And Administration": NaN,
        "Selling And Marketing Expense": NaN,
        "General And Administrative Expense": NaN,
        "Other Gand A": NaN,
        "Salaries And Wages": 131105000.0,
        "Gross Profit": NaN,
        "Cost Of Revenue": NaN,
        "Total Revenue": NaN,
        "Operating Revenue": NaN
    },
    "2022-09-30": {
        "Tax Effect Of Unusual Items": NaN,
        "Tax Rate For Calcs": NaN,
        "Normalized EBITDA": NaN,
        "Total Unusual Items": NaN,
        "Total Unusual Items Excluding Goodwill": NaN,
        "Net Income From Continuing Operation Net Minority Interest": NaN,
        "Reconciled Depreciation": NaN,
        "Reconciled Cost Of Revenue": NaN,
        "EBITDA": NaN,
        "EBIT": NaN,
        "Net Interest Income": NaN,
        "Interest Expense": NaN,
        "Interest Income": NaN,
        "Normalized Income": NaN,
        "Net Income From Continuing And Discontinued Operation": NaN,
        "Total Expenses": NaN,
        "Total Operating Income As Reported": NaN,
        "Diluted Average Shares": NaN,
        "Basic Average Shares": NaN,
        "Diluted EPS": NaN,
        "Basic EPS": NaN,
        "Diluted NI Availto Com Stockholders": NaN,
        "Average Dilution Earnings": NaN,
        "Net Income Common Stockholders": NaN,
        "Otherunder Preferred Stock Dividend": NaN,
        "Net Income": NaN,
        "Minority Interests": NaN,
        "Net Income Including Noncontrolling Interests": NaN,
        "Net Income Discontinuous Operations": 0.0,
        "Net Income Continuous Operations": NaN,
        "Tax Provision": NaN,
        "Pretax Income": NaN,
        "Other Income Expense": NaN,
        "Other Non Operating Income Expenses": NaN,
        "Special Income Charges": NaN,
        "Gain On Sale Of Business": 20361000.0,
        "Impairment Of Capital Assets": 0.0,
        "Gain On Sale Of Security": NaN,
        "Net Non Operating Interest Income Expense": NaN,
        "Interest Expense Non Operating": NaN,
        "Interest Income Non Operating": NaN,
        "Operating Income": NaN,
        "Operating Expense": NaN,
        "Depreciation Amortization Depletion Income Statement": NaN,
        "Depreciation And Amortization In Income Statement": NaN,
        "Amortization": NaN,
        "Amortization Of Intangibles Income Statement": NaN,
        "Depreciation Income Statement": NaN,
        "Research And Development": NaN,
        "Selling General And Administration": NaN,
        "Selling And Marketing Expense": NaN,
        "General And Administrative Expense": NaN,
        "Other Gand A": NaN,
        "Salaries And Wages": -1871000.0,
        "Gross Profit": NaN,
        "Cost Of Revenue": NaN,
        "Total Revenue": NaN,
        "Operating Revenue": NaN
    },
    "2022-06-30": {
        "Tax Effect Of Unusual Items": -202211940.0,
        "Tax Rate For Calcs": 0.21,
        "Normalized EBITDA": -32823000.0,
        "Total Unusual Items": -962914000.0,
        "Total Unusual Items Excluding Goodwill": -962914000.0,
        "Net Income From Continuing Operation Net Minority Interest": -869130000.0,
        "Reconciled Depreciation": 85133000.0,
        "Reconciled Cost Of Revenue": 509352000.0,
        "EBITDA": -995737000.0,
        "EBIT": -1080870000.0,
        "Net Interest Income": -21075000.0,
        "Interest Expense": 23517000.0,
        "Interest Income": 2442000.0,
        "Normalized Income": -108427940.0,
        "Net Income From Continuing And Discontinued Operation": -869130000.0,
        "Total Expenses": 1441973000.0,
        "Total Operating Income As Reported": -166140000.0,
        "Diluted Average Shares": 86748000.0,
        "Basic Average Shares": 86748000.0,
        "Diluted EPS": -10.02,
        "Basic EPS": -10.02,
        "Diluted NI Availto Com Stockholders": -869130000.0,
        "Average Dilution Earnings": 0.0,
        "Net Income Common Stockholders": -869130000.0,
        "Otherunder Preferred Stock Dividend": 0.0,
        "Net Income": -869130000.0,
        "Minority Interests": 6269000.0,
        "Net Income Including Noncontrolling Interests": -875399000.0,
        "Net Income Discontinuous Operations": 0.0,
        "Net Income Continuous Operations": -875399000.0,
        "Tax Provision": -228988000.0,
        "Pretax Income": -1104387000.0,
        "Other Income Expense": -1003920000.0,
        "Other Non Operating Income Expenses": -41006000.0,
        "Special Income Charges": -86748000.0,
        "Gain On Sale Of Business": NaN,
        "Impairment Of Capital Assets": 86748000.0,
        "Gain On Sale Of Security": -876166000.0,
        "Net Non Operating Interest Income Expense": -21075000.0,
        "Interest Expense Non Operating": 23517000.0,
        "Interest Income Non Operating": 2442000.0,
        "Operating Income": -79392000.0,
        "Operating Expense": 932621000.0,
        "Depreciation Amortization Depletion Income Statement": 85133000.0,
        "Depreciation And Amortization In Income Statement": 85133000.0,
        "Amortization": 56081000.0,
        "Amortization Of Intangibles Income Statement": 56081000.0,
        "Depreciation Income Statement": 29052000.0,
        "Research And Development": 84284000.0,
        "Selling General And Administration": 763204000.0,
        "Selling And Marketing Expense": 510886000.0,
        "General And Administrative Expense": 252318000.0,
        "Other Gand A": 252318000.0,
        "Salaries And Wages": NaN,
        "Gross Profit": 853229000.0,
        "Cost Of Revenue": 509352000.0,
        "Total Revenue": 1362581000.0,
        "Operating Revenue": 1362581000.0
    },
    "2022-03-31": {
        "Diluted EPS": -2.72,
        "Total Revenue": NaN,
        "Gross Profit": 792,
        "Operating Income": -109,
        "EBIT": -21,
        "Net Income": -236
    },
    "2021-12-31": {
        "Diluted EPS": 0.18,
        "Total Revenue": NaN,
        "Gross Profit": 692,
        "Operating Income": -69,
        "EBIT": -18,
        "Net Income": -7
    },
    "2021-09-30": {
        "Diluted EPS": 0.65,
        "Total Revenue": 924,
        "Gross Profit": 584,
        "Operating Income": -32,
        "EBIT": 0,
        "Net Income": 61
    },
    "2021-06-30": {
        "Diluted EPS": 2.02,
        "Total Revenue": 830,
        "Gross Profit": 570,
        "Operating Income": -28,
        "EBIT": 2,
        "Net Income": 195
    },
    "2021-03-31": {
        "Diluted EPS": 3.46,
        "Total Revenue": 787,
        "Gross Profit": 558,
        "Operating Income": -7,
        "EBIT": 29,
        "Net Income": 329
    },
    "2020-12-31": {
        "Diluted EPS": 5.92,
        "Total Revenue": 708,
        "Gross Profit": 483,
        "Operating Income": -6,
        "EBIT": 20,
        "Net Income": 509
    },
    "2020-09-30": {
        "Diluted EPS": 2.04,
        "Total Revenue": 713,
        "Gross Profit": 528,
        "Operating Income": -122,
        "EBIT": 3,
        "Net Income": 185
    },
    "2020-06-30": {
        "Diluted EPS": -1.13,
        "Total Revenue": 659,
        "Gross Profit": 503,
        "Operating Income": -97,
        "EBIT": -61,
        "Net Income": -96
    },
    "2020-03-31": {
        "Diluted EPS": -3.86,
        "Total Revenue": 684,
        "Gross Profit": 505,
        "Operating Income": -312,
        "EBIT": -39,
        "Net Income": -328
    },
    "2019-12-31": {
        "Diluted EPS": -0.05,
        "Total Revenue": 475,
        "Gross Profit": 375,
        "Operating Income": -21,
        "EBIT": 19,
        "Net Income": 7
    },
    "2019-09-30": {
        "Diluted EPS": 0.19,
        "Total Revenue": 705,
        "Gross Profit": 547,
        "Operating Income": 14,
        "EBIT": 51,
        "Net Income": 16
    },
    "2019-06-30": {
        "Diluted EPS": 0.16,
        "Total Revenue": 689,
        "Gross Profit": 539,
        "Operating Income": -14,
        "EBIT": 18,
        "Net Income": 14
    },
    "2019-03-31": {
        "Diluted EPS": 0.0,
        "Total Revenue": 641,
        "Gross Profit": 501,
        "Operating Income": -34,
        "EBIT": -1,
        "Net Income": -14
    },
    "2018-12-31": {
        "Diluted EPS": 0.0,
        "Total Revenue": NaN,
        "Gross Profit": NaN,
        "Operating Income": NaN,
        "EBIT": NaN,
        "Net Income": NaN
    },
    "2023-06-30": {
        "Tax Effect Of Unusual Items": NaN,
        "Tax Rate For Calcs": NaN,
        "Normalized EBITDA": NaN,
        "Total Unusual Items": NaN,
        "Total Unusual Items Excluding Goodwill": NaN,
        "Net Income From Continuing Operation Net Minority Interest": NaN,
        "Reconciled Depreciation": NaN,
        "Reconciled Cost Of Revenue": NaN,
        "EBITDA": NaN,
        "EBIT": NaN,
        "Net Interest Income": NaN,
        "Interest Expense": NaN,
        "Interest Income": NaN,
        "Normalized Income": NaN,
        "Net Income From Continuing And Discontinued Operation": NaN,
        "Total Expenses": NaN,
        "Total Operating Income As Reported": NaN,
        "Diluted Average Shares": NaN,
        "Basic Average Shares": NaN,
        "Diluted EPS": NaN,
        "Basic EPS": NaN,
        "Diluted NI Availto Com Stockholders": NaN,
        "Average Dilution Earnings": NaN,
        "Net Income Common Stockholders": NaN,
        "Otherunder Preferred Stock Dividend": NaN,
        "Net Income": NaN,
        "Minority Interests": NaN,
        "Net Income Including Noncontrolling Interests": NaN,
        "Net Income Continuous Operations": NaN,
        "Tax Provision": NaN,
        "Pretax Income": NaN,
        "Other Income Expense": NaN,
        "Other Non Operating Income Expenses": NaN,
        "Special Income Charges": NaN,
        "Gain On Sale Of Business": NaN,
        "Impairment Of Capital Assets": 0.0,
        "Gain On Sale Of Security": NaN,
        "Net Non Operating Interest Income Expense": NaN,
        "Interest Expense Non Operating": NaN,
        "Interest Income Non Operating": NaN,
        "Operating Income": NaN,
        "Operating Expense": NaN,
        "Depreciation Amortization Depletion Income Statement": NaN,
        "Depreciation And Amortization In Income Statement": NaN,
        "Amortization": NaN,
        "Amortization Of Intangibles Income Statement": NaN,
        "Depreciation Income Statement": NaN,
        "Research And Development": NaN,
        "Selling General And Administration": NaN,
        "Selling And Marketing Expense": NaN,
        "General And Administrative Expense": NaN,
        "Other Gand A": NaN,
        "Salaries And Wages": 26238000.0,
        "Gross Profit": NaN,
        "Cost Of Revenue": NaN,
        "Total Revenue": NaN,
        "Operating Revenue": NaN
    },
    "2023-09-30": {
        "Tax Effect Of Unusual Items": NaN,
        "Tax Rate For Calcs": NaN,
        "Normalized EBITDA": NaN,
        "Total Unusual Items": NaN,
        "Total Unusual Items Excluding Goodwill": NaN,
        "Net Income From Continuing Operation Net Minority Interest": NaN,
        "Reconciled Depreciation": NaN,
        "Reconciled Cost Of Revenue": NaN,
        "EBITDA": NaN,
        "EBIT": NaN,
        "Net Interest Income": NaN,
        "Interest Expense": NaN,
        "Interest Income": NaN,
        "Normalized Income": NaN,
        "Net Income From Continuing And Discontinued Operation": NaN,
        "Total Expenses": NaN,
        "Total Operating Income As Reported": NaN,
        "Diluted Average Shares": NaN,
        "Basic Average Shares": NaN,
        "Diluted EPS": NaN,
        "Basic EPS": NaN,
        "Diluted NI Availto Com Stockholders": NaN,
        "Average Dilution Earnings": NaN,
        "Net Income Common Stockholders": NaN,
        "Otherunder Preferred Stock Dividend": NaN,
        "Net Income": NaN,
        "Minority Interests": NaN,
        "Net Income Including Noncontrolling Interests": NaN,
        "Net Income Discontinuous Operations": NaN,
        "Net Income Continuous Operations": NaN,
        "Tax Provision": NaN,
        "Pretax Income": NaN,
        "Other Income Expense": NaN,
        "Other Non Operating Income Expenses": NaN,
        "Special Income Charges": NaN,
        "Gain On Sale Of Business": NaN,
        "Impairment Of Capital Assets": 9000000.0,
        "Gain On Sale Of Security": NaN,
        "Net Non Operating Interest Income Expense": NaN,
        "Interest Expense Non Operating": NaN,
        "Interest Income Non Operating": NaN,
        "Operating Income": NaN,
        "Operating Expense": NaN,
        "Depreciation Amortization Depletion Income Statement": NaN,
        "Depreciation And Amortization In Income Statement": NaN,
        "Amortization": NaN,
        "Amortization Of Intangibles Income Statement": NaN,
        "Depreciation Income Statement": NaN,
        "Research And Development": NaN,
        "Selling General And Administration": NaN,
        "Selling And Marketing Expense": NaN,
        "General And Administrative Expense": NaN,
        "Other Gand A": NaN,
        "Salaries And Wages": -743000.0,
        "Gross Profit": NaN,
        "Cost Of Revenue": NaN,
        "Total Revenue": NaN,
        "Operating Revenue": NaN
    },
    "2023-12-31": {
        "Tax Effect Of Unusual Items": NaN,
        "Tax Rate For Calcs": NaN,
        "Normalized EBITDA": NaN,
        "Total Unusual Items": NaN,
        "Total Unusual Items Excluding Goodwill": NaN,
        "Net Income From Continuing Operation Net Minority Interest": NaN,
        "Reconciled Depreciation": NaN,
        "Reconciled Cost Of Revenue": NaN,
        "EBITDA": NaN,
        "EBIT": NaN,
        "Net Interest Income": NaN,
        "Interest Expense": NaN,
        "Interest Income": NaN,
        "Normalized Income": NaN,
        "Net Income From Continuing And Discontinued Operation": NaN,
        "Total Expenses": NaN,
        "Total Operating Income As Reported": NaN,
        "Diluted Average Shares": NaN,
        "Basic Average Shares": NaN,
        "Diluted EPS": NaN,
        "Basic EPS": NaN,
        "Diluted NI Availto Com Stockholders": NaN,
        "Average Dilution Earnings": 298000.0,
        "Net Income Common Stockholders": NaN,
        "Otherunder Preferred Stock Dividend": NaN,
        "Net Income": NaN,
        "Minority Interests": NaN,
        "Net Income Including Noncontrolling Interests": NaN,
        "Net Income Discontinuous Operations": NaN,
        "Net Income Continuous Operations": NaN,
        "Tax Provision": NaN,
        "Pretax Income": NaN,
        "Other Income Expense": NaN,
        "Other Non Operating Income Expenses": NaN,
        "Special Income Charges": NaN,
        "Gain On Sale Of Business": NaN,
        "Impairment Of Capital Assets": 0.0,
        "Gain On Sale Of Security": NaN,
        "Net Non Operating Interest Income Expense": NaN,
        "Interest Expense Non Operating": NaN,
        "Interest Income Non Operating": NaN,
        "Operating Income": NaN,
        "Operating Expense": NaN,
        "Depreciation Amortization Depletion Income Statement": NaN,
        "Depreciation And Amortization In Income Statement": NaN,
        "Amortization": NaN,
        "Amortization Of Intangibles Income Statement": NaN,
        "Depreciation Income Statement": NaN,
        "Research And Development": NaN,
        "Selling General And Administration": NaN,
        "Selling And Marketing Expense": NaN,
        "General And Administrative Expense": NaN,
        "Other Gand A": NaN,
        "Salaries And Wages": 78000.0,
        "Gross Profit": NaN,
        "Cost Of Revenue": NaN,
        "Total Revenue": NaN,
        "Operating Revenue": NaN
    },
    "2024-03-31": {
        "Tax Effect Of Unusual Items": NaN,
        "Tax Rate For Calcs": NaN,
        "Normalized EBITDA": NaN,
        "Total Unusual Items": NaN,
        "Total Unusual Items Excluding Goodwill": NaN,
        "Net Income From Continuing Operation Net Minority Interest": NaN,
        "Reconciled Depreciation": NaN,
        "Reconciled Cost Of Revenue": NaN,
        "EBITDA": NaN,
        "EBIT": NaN,
        "Net Interest Income": NaN,
        "Interest Expense": NaN,
        "Interest Income": NaN,
        "Normalized Income": NaN,
        "Net Income From Continuing And Discontinued Operation": NaN,
        "Total Expenses": NaN,
        "Total Operating Income As Reported": NaN,
        "Diluted Average Shares": NaN,
        "Basic Average Shares": NaN,
        "Diluted EPS": NaN,
        "Basic EPS": NaN,
        "Diluted NI Availto Com Stockholders": NaN,
        "Average Dilution Earnings": 50000.0,
        "Net Income Common Stockholders": NaN,
        "Otherunder Preferred Stock Dividend": NaN,
        "Net Income": NaN,
        "Minority Interests": NaN,
        "Net Income Including Noncontrolling Interests": NaN,
        "Net Income Discontinuous Operations": -4472000.0,
        "Net Income Continuous Operations": NaN,
        "Tax Provision": NaN,
        "Pretax Income": NaN,
        "Other Income Expense": NaN,
        "Other Non Operating Income Expenses": NaN,
        "Special Income Charges": 25941000.0,
        "Gain On Sale Of Business": 25941000.0,
        "Impairment Of Capital Assets": NaN,
        "Gain On Sale Of Security": NaN,
        "Net Non Operating Interest Income Expense": NaN,
        "Interest Expense Non Operating": NaN,
        "Interest Income Non Operating": NaN,
        "Operating Income": NaN,
        "Operating Expense": NaN,
        "Depreciation Amortization Depletion Income Statement": NaN,
        "Depreciation And Amortization In Income Statement": NaN,
        "Amortization": NaN,
        "Amortization Of Intangibles Income Statement": NaN,
        "Depreciation Income Statement": NaN,
        "Research And Development": NaN,
        "Selling General And Administration": NaN,
        "Selling And Marketing Expense": NaN,
        "General And Administrative Expense": NaN,
        "Other Gand A": NaN,
        "Gross Profit": NaN,
        "Cost Of Revenue": NaN,
        "Total Revenue": NaN,
        "Operating Revenue": NaN
    },
    "2024-06-30": {
        "Tax Effect Of Unusual Items": -32207560.0,
        "Tax Rate For Calcs": 0.22,
        "Normalized EBITDA": 41582000.0,
        "Total Unusual Items": -146398000.0,
        "Total Unusual Items Excluding Goodwill": -146398000.0,
        "Net Income From Continuing Operation Net Minority Interest": -145457000.0,
        "Reconciled Depreciation": 45834000.0,
        "Reconciled Cost Of Revenue": 253351000.0,
        "EBITDA": -104816000.0,
        "EBIT": -150650000.0,
        "Net Interest Income": -17512000.0,
        "Interest Expense": 34474000.0,
        "Interest Income": 16962000.0,
        "Normalized Income": -31266560.0,
        "Net Income From Continuing And Discontinued Operation": -142232000.0,
        "Total Expenses": 655882000.0,
        "Total Operating Income As Reported": -21489000.0,
        "Diluted Average Shares": 83176608.0,
        "Basic Average Shares": 83176608.0,
        "Diluted EPS": -1.71,
        "Basic EPS": -1.71,
        "Diluted NI Availto Com Stockholders": -142232000.0,
        "Average Dilution Earnings": NaN,
        "Net Income Common Stockholders": -142232000.0,
        "Otherunder Preferred Stock Dividend": 0.0,
        "Net Income": -142232000.0,
        "Minority Interests": -765000.0,
        "Net Income Including Noncontrolling Interests": -141467000.0,
        "Net Income Discontinuous Operations": 3225000.0,
        "Net Income Continuous Operations": -144692000.0,
        "Tax Provision": -40432000.0,
        "Pretax Income": -185124000.0,
        "Other Income Expense": -146123000.0,
        "Other Non Operating Income Expenses": 275000.0,
        "Special Income Charges": 2262000.0,
        "Gain On Sale Of Business": 2262000.0,
        "Impairment Of Capital Assets": NaN,
        "Gain On Sale Of Security": -148660000.0,
        "Net Non Operating Interest Income Expense": -17512000.0,
        "Interest Expense Non Operating": 34474000.0,
        "Interest Income Non Operating": 16962000.0,
        "Operating Income": -21489000.0,
        "Operating Expense": 402531000.0,
        "Depreciation Amortization Depletion Income Statement": 45834000.0,
        "Depreciation And Amortization In Income Statement": 45834000.0,
        "Amortization": 36710000.0,
        "Amortization Of Intangibles Income Statement": 36710000.0,
        "Depreciation Income Statement": 9124000.0,
        "Research And Development": 53380000.0,
        "Selling General And Administration": 303317000.0,
        "Selling And Marketing Expense": 177311000.0,
        "General And Administrative Expense": 126006000.0,
        "Other Gand A": 126006000.0,
        "Gross Profit": 381042000.0,
        "Cost Of Revenue": 253351000.0,
        "Total Revenue": 634393000.0,
        "Operating Revenue": 634393000.0
    },
    "2024-09-30": {
        "Tax Effect Of Unusual Items": -117668430.0,
        "Tax Rate For Calcs": 0.33,
        "Normalized EBITDA": 153961000.0,
        "Total Unusual Items": -356571000.0,
        "Total Unusual Items Excluding Goodwill": -356571000.0,
        "Net Income From Continuing Operation Net Minority Interest": -243719000.0,
        "Reconciled Depreciation": 110973000.0,
        "Reconciled Cost Of Revenue": 209638000.0,
        "EBITDA": -202610000.0,
        "EBIT": -313583000.0,
        "Net Interest Income": -17337000.0,
        "Interest Expense": 39701000.0,
        "Interest Income": 22364000.0,
        "Normalized Income": -4816430.0,
        "Net Income From Continuing And Discontinued Operation": -243719000.0,
        "Total Expenses": 922393000.0,
        "Total Operating Income As Reported": 16326000.0,
        "Diluted Average Shares": 83178000.0,
        "Basic Average Shares": 83178000.0,
        "Diluted EPS": -2.93,
        "Basic EPS": -2.93,
        "Diluted NI Availto Com Stockholders": -243719000.0,
        "Average Dilution Earnings": 0.0,
        "Net Income Common Stockholders": -243719000.0,
        "Otherunder Preferred Stock Dividend": 0.0,
        "Net Income": -243719000.0,
        "Minority Interests": -6274000.0,
        "Net Income Including Noncontrolling Interests": -237445000.0,
        "Net Income Discontinuous Operations": NaN,
        "Net Income Continuous Operations": -237445000.0,
        "Tax Provision": -115839000.0,
        "Pretax Income": -353284000.0,
        "Other Income Expense": -352273000.0,
        "Other Non Operating Income Expenses": 4298000.0,
        "Special Income Charges": -11673000.0,
        "Gain On Sale Of Business": -11673000.0,
        "Impairment Of Capital Assets": 0.0,
        "Gain On Sale Of Security": -344898000.0,
        "Net Non Operating Interest Income Expense": -17337000.0,
        "Interest Expense Non Operating": 39701000.0,
        "Interest Income Non Operating": 22364000.0,
        "Operating Income": 16326000.0,
        "Operating Expense": 664582000.0,
        "Depreciation Amortization Depletion Income Statement": 62800000.0,
        "Depreciation And Amortization In Income Statement": 62800000.0,
        "Amortization": 36355000.0,
        "Amortization Of Intangibles Income Statement": 36355000.0,
        "Depreciation Income Statement": 26445000.0,
        "Research And Development": 78262000.0,
        "Selling General And Administration": 523520000.0,
        "Selling And Marketing Expense": 338262000.0,
        "General And Administrative Expense": 185258000.0,
        "Other Gand A": 185258000.0,
        "Gross Profit": 680908000.0,
        "Cost Of Revenue": 257811000.0,
        "Total Revenue": 938719000.0,
        "Operating Revenue": 938719000.0
    },
    "2024-12-31": {
        "Tax Effect Of Unusual Items": -71185964.74664,
        "Tax Rate For Calcs": 0.240911,
        "Normalized EBITDA": 134908000.0,
        "Total Unusual Items": -295487000.0,
        "Total Unusual Items Excluding Goodwill": -295487000.0,
        "Net Income From Continuing Operation Net Minority Interest": -198977000.0,
        "Reconciled Depreciation": 65137000.0,
        "Reconciled Cost Of Revenue": 262712000.0,
        "EBITDA": -160579000.0,
        "EBIT": -225716000.0,
        "Net Interest Income": -16468000.0,
        "Interest Expense": 36954000.0,
        "Interest Income": 20486000.0,
        "Normalized Income": 25324035.25336,
        "Net Income From Continuing And Discontinued Operation": -198977000.0,
        "Total Expenses": 938686000.0,
        "Total Operating Income As Reported": 50621000.0,
        "Diluted Average Shares": 83253975.0,
        "Basic Average Shares": 83253975.0,
        "Diluted EPS": -2.39,
        "Basic EPS": -2.39,
        "Diluted NI Availto Com Stockholders": -198977000.0,
        "Average Dilution Earnings": 0.0,
        "Net Income Common Stockholders": -198977000.0,
        "Otherunder Preferred Stock Dividend": 0.0,
        "Net Income": -198977000.0,
        "Minority Interests": 413000.0,
        "Net Income Including Noncontrolling Interests": -199390000.0,
        "Net Income Discontinuous Operations": NaN,
        "Net Income Continuous Operations": -199390000.0,
        "Tax Provision": -63280000.0,
        "Pretax Income": -262670000.0,
        "Other Income Expense": -296823000.0,
        "Other Non Operating Income Expenses": -1336000.0,
        "Special Income Charges": -6157000.0,
        "Gain On Sale Of Business": -6157000.0,
        "Impairment Of Capital Assets": 0.0,
        "Gain On Sale Of Security": -289330000.0,
        "Net Non Operating Interest Income Expense": -16468000.0,
        "Interest Expense Non Operating": 36954000.0,
        "Interest Income Non Operating": 20486000.0,
        "Operating Income": 50621000.0,
        "Operating Expense": 675974000.0,
        "Depreciation Amortization Depletion Income Statement": 65137000.0,
        "Depreciation And Amortization In Income Statement": 65137000.0,
        "Amortization": 34713000.0,
        "Amortization Of Intangibles Income Statement": 34713000.0,
        "Depreciation Income Statement": 30424000.0,
        "Research And Development": 80267000.0,
        "Selling General And Administration": 530570000.0,
        "Selling And Marketing Expense": 320837000.0,
        "General And Administrative Expense": 209733000.0,
        "Other Gand A": 209733000.0,
        "Gross Profit": 726595000.0,
        "Cost Of Revenue": 262712000.0,
        "Total Revenue": 989307000.0,
        "Operating Revenue": 989307000.0
    },
    "2025-03-31": {
        "Tax Effect Of Unusual Items": -86291660.0,
        "Tax Rate For Calcs": 0.26,
        "Normalized EBITDA": 86569000.0,
        "Total Unusual Items": -331891000.0,
        "Total Unusual Items Excluding Goodwill": -331891000.0,
        "Net Income From Continuing Operation Net Minority Interest": -232118000.0,
        "Reconciled Depreciation": 35479000.0,
        "Reconciled Cost Of Revenue": 205283000.0,
        "EBITDA": -245322000.0,
        "EBIT": -280801000.0,
        "Net Interest Income": -13850000.0,
        "Interest Expense": 28314000.0,
        "Interest Income": 14464000.0,
        "Normalized Income": 13481340.0,
        "Net Income From Continuing And Discontinued Operation": -216805000.0,
        "Total Expenses": 534713000.0,
        "Total Operating Income As Reported": 35776000.0,
        "Diluted Average Shares": 82214000.0,
        "Basic Average Shares": 82214000.0,
        "Diluted EPS": -2.64,
        "Basic EPS": -2.64,
        "Diluted NI Availto Com Stockholders": -216805000.0,
        "Average Dilution Earnings": 0.0,
        "Net Income Common Stockholders": -216805000.0,
        "Otherunder Preferred Stock Dividend": 0.0,
        "Net Income": -216805000.0,
        "Minority Interests": -2237000.0,
        "Net Income Including Noncontrolling Interests": -214568000.0,
        "Net Income Discontinuous Operations": 15313000.0,
        "Net Income Continuous Operations": -229881000.0,
        "Tax Provision": -79234000.0,
        "Pretax Income": -309115000.0,
        "Other Income Expense": -331041000.0,
        "Other Non Operating Income Expenses": 850000.0,
        "Special Income Charges": NaN,
        "Gain On Sale Of Business": NaN,
        "Impairment Of Capital Assets": NaN,
        "Gain On Sale Of Security": -331891000.0,
        "Net Non Operating Interest Income Expense": -13850000.0,
        "Interest Expense Non Operating": 28314000.0,
        "Interest Income Non Operating": 14464000.0,
        "Operating Income": 35776000.0,
        "Operating Expense": 329430000.0,
        "Depreciation Amortization Depletion Income Statement": 35479000.0,
        "Depreciation And Amortization In Income Statement": 35479000.0,
        "Amortization": 23533000.0,
        "Amortization Of Intangibles Income Statement": 23533000.0,
        "Depreciation Income Statement": 11946000.0,
        "Research And Development": 50213000.0,
        "Selling General And Administration": 243738000.0,
        "Selling And Marketing Expense": 180914000.0,
        "General And Administrative Expense": 62824000.0,
        "Other Gand A": 62824000.0,
        "Gross Profit": 365206000.0,
        "Cost Of Revenue": 205283000.0,
        "Total Revenue": 570489000.0,
        "Operating Revenue": 570489000.0
    },
    "2025-06-30": {
        "Tax Effect Of Unusual Items": 68130140.0,
        "Tax Rate For Calcs": 0.23,
        "Normalized EBITDA": 46010000.0,
        "Total Unusual Items": 296218000.0,
        "Total Unusual Items Excluding Goodwill": 296218000.0,
        "Net Income From Continuing Operation Net Minority Interest": 211452000.0,
        "Reconciled Depreciation": 31388000.0,
        "Reconciled Cost Of Revenue": 201971000.0,
        "EBITDA": 342228000.0,
        "EBIT": 310840000.0,
        "Net Interest Income": -25897000.0,
        "Interest Expense": 37167000.0,
        "Interest Income": 11270000.0,
        "Normalized Income": -16635860.0,
        "Net Income From Continuing And Discontinued Operation": 211452000.0,
        "Total Expenses": 586353000.0,
        "Total Operating Income As Reported": 575000.0,
        "Diluted Average Shares": 82277043.0,
        "Basic Average Shares": 80095455.0,
        "Diluted EPS": 2.57,
        "Basic EPS": 2.64,
        "Diluted NI Availto Com Stockholders": 211452000.0,
        "Average Dilution Earnings": NaN,
        "Net Income Common Stockholders": 211452000.0,
        "Otherunder Preferred Stock Dividend": 0.0,
        "Net Income": 211452000.0,
        "Minority Interests": 819000.0,
        "Net Income Including Noncontrolling Interests": 210633000.0,
        "Net Income Discontinuous Operations": 0.0,
        "Net Income Continuous Operations": 210633000.0,
        "Tax Provision": 63040000.0,
        "Pretax Income": 273673000.0,
        "Other Income Expense": 298995000.0,
        "Other Non Operating Income Expenses": 2777000.0,
        "Special Income Charges": -11219000.0,
        "Gain On Sale Of Business": -11219000.0,
        "Impairment Of Capital Assets": NaN,
        "Gain On Sale Of Security": 307437000.0,
        "Net Non Operating Interest Income Expense": -25897000.0,
        "Interest Expense Non Operating": 37167000.0,
        "Interest Income Non Operating": 11270000.0,
        "Operating Income": 575000.0,
        "Operating Expense": 384382000.0,
        "Depreciation Amortization Depletion Income Statement": 31388000.0,
        "Depreciation And Amortization In Income Statement": 31388000.0,
        "Amortization": 23408000.0,
        "Amortization Of Intangibles Income Statement": 23408000.0,
        "Depreciation Income Statement": 7980000.0,
        "Research And Development": 49826000.0,
        "Selling General And Administration": 303168000.0,
        "Selling And Marketing Expense": 185825000.0,
        "General And Administrative Expense": 117343000.0,
        "Other Gand A": 117343000.0,
        "Gross Profit": 384957000.0,
        "Cost Of Revenue": 201971000.0,
        "Total Revenue": 586928000.0,
        "Operating Revenue": 586928000.0
    }
}