{
    "2023-03-31": {
        "Tax Effect Of Unusual Items": NaN,
        "Tax Rate For Calcs": NaN,
        "Normalized EBITDA": NaN,
        "Total Unusual Items": NaN,
        "Total Unusual Items Excluding Goodwill": NaN,
        "Net Income From Continuing Operation Net Minority Interest": NaN,
        "Reconciled Depreciation": NaN,
        "Reconciled Cost Of Revenue": NaN,
        "EBITDA": NaN,
        "EBIT": NaN,
        "Net Interest Income": NaN,
        "Interest Expense": NaN,
        "Interest Income": NaN,
        "Normalized Income": NaN,
        "Net Income From Continuing And Discontinued Operation": NaN,
        "Total Expenses": NaN,
        "Total Operating Income As Reported": NaN,
        "Diluted Average Shares": NaN,
        "Basic Average Shares": NaN,
        "Diluted EPS": NaN,
        "Basic EPS": NaN,
        "Diluted NI Availto Com Stockholders": NaN,
        "Net Income Common Stockholders": NaN,
        "Net Income": NaN,
        "Minority Interests": NaN,
        "Net Income Including Noncontrolling Interests": NaN,
        "Net Income Discontinuous Operations": NaN,
        "Net Income Continuous Operations": NaN,
        "Tax Provision": NaN,
        "Pretax Income": NaN,
        "Other Income Expense": NaN,
        "Other Non Operating Income Expenses": NaN,
        "Special Income Charges": NaN,
        "Gain On Sale Of Ppe": NaN,
        "Gain On Sale Of Business": NaN,
        "Other Special Charges": NaN,
        "Write Off": NaN,
        "Impairment Of Capital Assets": NaN,
        "Restructuring And Mergern Acquisition": -500000.0,
        "Gain On Sale Of Security": NaN,
        "Net Non Operating Interest Income Expense": NaN,
        "Total Other Finance Cost": NaN,
        "Interest Expense Non Operating": NaN,
        "Interest Income Non Operating": NaN,
        "Operating Income": NaN,
        "Operating Expense": NaN,
        "Other Operating Expenses": NaN,
        "Selling General And Administration": NaN,
        "General And Administrative Expense": NaN,
        "Other Gand A": NaN,
        "Gross Profit": NaN,
        "Cost Of Revenue": NaN,
        "Total Revenue": NaN,
        "Operating Revenue": NaN
    },
    "2022-12-31": {
        "Tax Effect Of Unusual Items": NaN,
        "Tax Rate For Calcs": NaN,
        "Normalized EBITDA": NaN,
        "Total Unusual Items": NaN,
        "Total Unusual Items Excluding Goodwill": NaN,
        "Net Income From Continuing Operation Net Minority Interest": NaN,
        "Reconciled Depreciation": NaN,
        "Reconciled Cost Of Revenue": NaN,
        "EBITDA": NaN,
        "EBIT": NaN,
        "Net Interest Income": NaN,
        "Interest Expense": NaN,
        "Interest Income": NaN,
        "Normalized Income": NaN,
        "Net Income From Continuing And Discontinued Operation": NaN,
        "Total Expenses": NaN,
        "Total Operating Income As Reported": NaN,
        "Diluted Average Shares": NaN,
        "Basic Average Shares": NaN,
        "Diluted EPS": NaN,
        "Basic EPS": NaN,
        "Diluted NI Availto Com Stockholders": NaN,
        "Net Income Common Stockholders": NaN,
        "Net Income": NaN,
        "Minority Interests": NaN,
        "Net Income Including Noncontrolling Interests": NaN,
        "Net Income Discontinuous Operations": NaN,
        "Net Income Continuous Operations": NaN,
        "Tax Provision": NaN,
        "Pretax Income": NaN,
        "Other Income Expense": NaN,
        "Other Non Operating Income Expenses": NaN,
        "Special Income Charges": NaN,
        "Gain On Sale Of Ppe": 0.0,
        "Gain On Sale Of Business": 0.0,
        "Other Special Charges": 0.0,
        "Write Off": NaN,
        "Impairment Of Capital Assets": -98700000.0,
        "Restructuring And Mergern Acquisition": -700000.0,
        "Gain On Sale Of Security": NaN,
        "Net Non Operating Interest Income Expense": NaN,
        "Total Other Finance Cost": NaN,
        "Interest Expense Non Operating": NaN,
        "Interest Income Non Operating": NaN,
        "Operating Income": NaN,
        "Operating Expense": NaN,
        "Other Operating Expenses": NaN,
        "Selling General And Administration": NaN,
        "General And Administrative Expense": NaN,
        "Other Gand A": NaN,
        "Gross Profit": NaN,
        "Cost Of Revenue": NaN,
        "Total Revenue": NaN,
        "Operating Revenue": NaN
    },
    "2022-09-30": {
        "Tax Effect Of Unusual Items": NaN,
        "Tax Rate For Calcs": NaN,
        "Normalized EBITDA": NaN,
        "Total Unusual Items": NaN,
        "Total Unusual Items Excluding Goodwill": NaN,
        "Net Income From Continuing Operation Net Minority Interest": NaN,
        "Reconciled Depreciation": NaN,
        "Reconciled Cost Of Revenue": NaN,
        "EBITDA": NaN,
        "EBIT": NaN,
        "Net Interest Income": NaN,
        "Interest Expense": NaN,
        "Interest Income": NaN,
        "Normalized Income": NaN,
        "Net Income From Continuing And Discontinued Operation": NaN,
        "Total Expenses": NaN,
        "Total Operating Income As Reported": NaN,
        "Diluted Average Shares": 479000000.0,
        "Basic Average Shares": 479000000.0,
        "Diluted EPS": -0.23,
        "Basic EPS": -0.23,
        "Diluted NI Availto Com Stockholders": NaN,
        "Net Income Common Stockholders": NaN,
        "Net Income": NaN,
        "Minority Interests": NaN,
        "Net Income Including Noncontrolling Interests": NaN,
        "Net Income Discontinuous Operations": NaN,
        "Net Income Continuous Operations": NaN,
        "Tax Provision": NaN,
        "Pretax Income": NaN,
        "Other Income Expense": NaN,
        "Other Non Operating Income Expenses": NaN,
        "Special Income Charges": NaN,
        "Gain On Sale Of Ppe": 0.0,
        "Gain On Sale Of Business": -600000.0,
        "Other Special Charges": NaN,
        "Write Off": NaN,
        "Impairment Of Capital Assets": 115800000.0,
        "Restructuring And Mergern Acquisition": 0.0,
        "Gain On Sale Of Security": NaN,
        "Net Non Operating Interest Income Expense": NaN,
        "Total Other Finance Cost": NaN,
        "Interest Expense Non Operating": NaN,
        "Interest Income Non Operating": NaN,
        "Operating Income": NaN,
        "Operating Expense": NaN,
        "Other Operating Expenses": NaN,
        "Selling General And Administration": NaN,
        "General And Administrative Expense": NaN,
        "Other Gand A": NaN,
        "Gross Profit": NaN,
        "Cost Of Revenue": NaN,
        "Total Revenue": NaN,
        "Operating Revenue": NaN
    },
    "2022-06-30": {
        "Tax Effect Of Unusual Items": -1400000.0,
        "Tax Rate For Calcs": 0.4,
        "Normalized EBITDA": 103600000.0,
        "Total Unusual Items": -3500000.0,
        "Total Unusual Items Excluding Goodwill": -3500000.0,
        "Net Income From Continuing Operation Net Minority Interest": -9600000.0,
        "Reconciled Depreciation": 78500000.0,
        "Reconciled Cost Of Revenue": 284600000.0,
        "EBITDA": 100100000.0,
        "EBIT": 21600000.0,
        "Net Interest Income": 100000.0,
        "Interest Expense": 0.0,
        "Interest Income": 1400000.0,
        "Normalized Income": -7500000.0,
        "Net Income From Continuing And Discontinued Operation": -9600000.0,
        "Total Expenses": 311100000.0,
        "Total Operating Income As Reported": 24300000.0,
        "Diluted Average Shares": 478900000.0,
        "Basic Average Shares": 478900000.0,
        "Diluted EPS": -0.02,
        "Basic EPS": -0.02,
        "Diluted NI Availto Com Stockholders": -9600000.0,
        "Net Income Common Stockholders": -9600000.0,
        "Net Income": -9600000.0,
        "Minority Interests": -6100000.0,
        "Net Income Including Noncontrolling Interests": -3500000.0,
        "Net Income Discontinuous Operations": NaN,
        "Net Income Continuous Operations": -3500000.0,
        "Tax Provision": 25100000.0,
        "Pretax Income": 21600000.0,
        "Other Income Expense": -1400000.0,
        "Other Non Operating Income Expenses": 2100000.0,
        "Special Income Charges": -300000.0,
        "Gain On Sale Of Ppe": 0.0,
        "Gain On Sale Of Business": NaN,
        "Other Special Charges": NaN,
        "Write Off": 700000.0,
        "Impairment Of Capital Assets": NaN,
        "Restructuring And Mergern Acquisition": -400000.0,
        "Gain On Sale Of Security": -3200000.0,
        "Net Non Operating Interest Income Expense": 100000.0,
        "Total Other Finance Cost": 1300000.0,
        "Interest Expense Non Operating": 0.0,
        "Interest Income Non Operating": 1400000.0,
        "Operating Income": 22900000.0,
        "Operating Expense": 26500000.0,
        "Other Operating Expenses": 9300000.0,
        "Selling General And Administration": 17200000.0,
        "General And Administrative Expense": 17200000.0,
        "Other Gand A": 17200000.0,
        "Gross Profit": 49400000.0,
        "Cost Of Revenue": 284600000.0,
        "Total Revenue": 334000000.0,
        "Operating Revenue": 334000000.0
    },
    "2022-03-31": {
        "Diluted EPS": 0.05,
        "Total Revenue": 265,
        "Gross Profit": 71,
        "Operating Income": 46,
        "EBIT": 106,
        "Net Income": 24
    },
    "2021-12-31": {
        "Diluted EPS": -0.4,
        "Total Revenue": 18,
        "Gross Profit": -17,
        "Operating Income": -34,
        "EBIT": 2,
        "Net Income": -194
    },
    "2021-09-30": {
        "Diluted EPS": -0.16,
        "Total Revenue": 294,
        "Gross Profit": 7,
        "Operating Income": -63,
        "EBIT": 23,
        "Net Income": -75
    },
    "2021-06-30": {
        "Diluted EPS": -0.01,
        "Total Revenue": 266,
        "Gross Profit": 28,
        "Operating Income": -15,
        "EBIT": 58,
        "Net Income": -5
    },
    "2021-03-31": {
        "Diluted EPS": 0.04,
        "Total Revenue": 297,
        "Gross Profit": 44,
        "Operating Income": 7,
        "EBIT": 86,
        "Net Income": 20
    },
    "2020-12-31": {
        "Diluted EPS": 0.13,
        "Total Revenue": 348,
        "Gross Profit": 84,
        "Operating Income": 79,
        "EBIT": 153,
        "Net Income": 63
    },
    "2020-09-30": {
        "Diluted EPS": -0.02,
        "Total Revenue": 335,
        "Gross Profit": 78,
        "Operating Income": 42,
        "EBIT": 110,
        "Net Income": -12
    },
    "2020-06-30": {
        "Diluted EPS": 0.05,
        "Total Revenue": 285,
        "Gross Profit": 56,
        "Operating Income": 17,
        "EBIT": 79,
        "Net Income": 26
    },
    "2020-03-31": {
        "Diluted EPS": -0.07,
        "Total Revenue": 275,
        "Gross Profit": 32,
        "Operating Income": 9,
        "EBIT": 73,
        "Net Income": -34
    },
    "2019-12-31": {
        "Diluted EPS": -0.74,
        "Total Revenue": 293,
        "Gross Profit": 41,
        "Operating Income": -276,
        "EBIT": -202,
        "Net Income": -354
    },
    "2019-09-30": {
        "Diluted EPS": -0.02,
        "Total Revenue": 274,
        "Gross Profit": 23,
        "Operating Income": -2,
        "EBIT": 69,
        "Net Income": -3
    },
    "2019-06-30": {
        "Diluted EPS": -0.03,
        "Total Revenue": 247,
        "Gross Profit": 7,
        "Operating Income": -19,
        "EBIT": 45,
        "Net Income": -14
    },
    "2019-03-31": {
        "Diluted EPS": -0.09,
        "Total Revenue": 251,
        "Gross Profit": -1,
        "Operating Income": -41,
        "EBIT": 28,
        "Net Income": -41
    },
    "2018-12-31": {
        "Diluted EPS": -0.07,
        "Total Revenue": 274,
        "Gross Profit": 24,
        "Operating Income": -12,
        "EBIT": 53,
        "Net Income": -35
    },
    "2018-09-30": {
        "Diluted EPS": -0.02,
        "Total Revenue": 245,
        "Gross Profit": 8,
        "Operating Income": -10,
        "EBIT": 55,
        "Net Income": -10
    },
    "2018-06-30": {
        "Diluted EPS": -0.06,
        "Total Revenue": 277,
        "Gross Profit": 30,
        "Operating Income": 3,
        "EBIT": 75,
        "Net Income": -26
    },
    "2018-03-31": {
        "Diluted EPS": 0.09,
        "Total Revenue": 315,
        "Gross Profit": 76,
        "Operating Income": 53,
        "EBIT": 118,
        "Net Income": 42
    },
    "2017-12-31": {
        "Diluted EPS": -0.04,
        "Total Revenue": 291,
        "Gross Profit": 41,
        "Operating Income": 10,
        "EBIT": 78,
        "Net Income": -18
    },
    "2017-09-30": {
        "Diluted EPS": 0.07,
        "Total Revenue": 269,
        "Gross Profit": 41,
        "Operating Income": 27,
        "EBIT": 89,
        "Net Income": 31
    },
    "2017-06-30": {
        "Diluted EPS": 1.08,
        "Total Revenue": 275,
        "Gross Profit": 36,
        "Operating Income": 532,
        "EBIT": 604,
        "Net Income": 507
    },
    "2017-03-31": {
        "Diluted EPS": -0.04,
        "Total Revenue": 261,
        "Gross Profit": 35,
        "Operating Income": 11,
        "EBIT": 75,
        "Net Income": -18
    },
    "2016-12-31": {
        "Diluted EPS": -0.02,
        "Total Revenue": 253,
        "Gross Profit": 19,
        "Operating Income": 9,
        "EBIT": 78,
        "Net Income": -5
    },
    "2016-09-30": {
        "Diluted EPS": 0.04,
        "Total Revenue": 282,
        "Gross Profit": 52,
        "Operating Income": 34,
        "EBIT": 104,
        "Net Income": 17
    },
    "2016-06-30": {
        "Diluted EPS": -0.03,
        "Total Revenue": 233,
        "Gross Profit": 24,
        "Operating Income": 6,
        "EBIT": 69,
        "Net Income": -12
    },
    "2016-03-31": {
        "Diluted EPS": 0.13,
        "Total Revenue": 220,
        "Gross Profit": 7,
        "Operating Income": -16,
        "EBIT": 46,
        "Net Income": 53
    },
    "2015-12-31": {
        "Diluted EPS": -1.73,
        "Total Revenue": 238,
        "Gross Profit": -45,
        "Operating Income": -684,
        "EBIT": -619,
        "Net Income": -676
    },
    "2015-09-30": {
        "Diluted EPS": -0.21,
        "Total Revenue": 208,
        "Gross Profit": -20,
        "Operating Income": -42,
        "EBIT": 27,
        "Net Income": -84
    },
    "2015-06-30": {
        "Diluted EPS": -0.05,
        "Total Revenue": 227,
        "Gross Profit": -2,
        "Operating Income": -19,
        "EBIT": 48,
        "Net Income": -20
    },
    "2015-03-31": {
        "Diluted EPS": 0.06,
        "Total Revenue": 245,
        "Gross Profit": 13,
        "Operating Income": -17,
        "EBIT": 46,
        "Net Income": 24
    },
    "2014-12-31": {
        "Diluted EPS": -0.32,
        "Total Revenue": 273,
        "Gross Profit": 112,
        "Operating Income": 28,
        "EBIT": 86,
        "Net Income": -122
    },
    "2014-09-30": {
        "Diluted EPS": -0.19,
        "Total Revenue": 287,
        "Gross Profit": 25,
        "Operating Income": -5,
        "EBIT": 68,
        "Net Income": -73
    },
    "2014-06-30": {
        "Diluted EPS": -0.04,
        "Total Revenue": 289,
        "Gross Profit": 42,
        "Operating Income": 19,
        "EBIT": 73,
        "Net Income": -16
    },
    "2014-03-31": {
        "Diluted EPS": 0.01,
        "Total Revenue": 279,
        "Gross Profit": 55,
        "Operating Income": 35,
        "EBIT": 81,
        "Net Income": 4
    },
    "2013-12-31": {
        "Diluted EPS": -2.23,
        "Total Revenue": 247,
        "Gross Profit": 56,
        "Operating Income": 28,
        "EBIT": 74,
        "Net Income": -840
    },
    "2013-09-30": {
        "Diluted EPS": 0.07,
        "Total Revenue": 294,
        "Gross Profit": 75,
        "Operating Income": 47,
        "EBIT": 95,
        "Net Income": 25
    },
    "2013-06-30": {
        "Diluted EPS": -0.08,
        "Total Revenue": 301,
        "Gross Profit": 89,
        "Operating Income": 59,
        "EBIT": 101,
        "Net Income": -28
    },
    "2013-03-31": {
        "Diluted EPS": 0.03,
        "Total Revenue": 305,
        "Gross Profit": 121,
        "Operating Income": 86,
        "EBIT": 125,
        "Net Income": 11
    },
    "2012-12-31": {
        "Diluted EPS": 0.22,
        "Total Revenue": 468,
        "Gross Profit": 355,
        "Operating Income": 222,
        "EBIT": 258,
        "Net Income": 85
    },
    "2012-09-30": {
        "Diluted EPS": 0.21,
        "Total Revenue": 387,
        "Gross Profit": 164,
        "Operating Income": 116,
        "EBIT": 158,
        "Net Income": 78
    },
    "2012-06-30": {
        "Diluted EPS": 0.14,
        "Total Revenue": 411,
        "Gross Profit": 200,
        "Operating Income": 117,
        "EBIT": 161,
        "Net Income": 53
    },
    "2012-03-31": {
        "Diluted EPS": 0.32,
        "Total Revenue": 404,
        "Gross Profit": 245,
        "Operating Income": 172,
        "EBIT": 214,
        "Net Income": 119
    },
    "2011-12-31": {
        "Diluted EPS": 0.35,
        "Total Revenue": 482,
        "Gross Profit": 496,
        "Operating Income": 306,
        "EBIT": 351,
        "Net Income": 134
    },
    "2011-09-30": {
        "Diluted EPS": 0.11,
        "Total Revenue": 432,
        "Gross Profit": 191,
        "Operating Income": 157,
        "EBIT": 194,
        "Net Income": 41
    },
    "2011-06-30": {
        "Diluted EPS": 1.28,
        "Total Revenue": 346,
        "Gross Profit": 146,
        "Operating Income": 116,
        "EBIT": 145,
        "Net Income": 479
    },
    "2011-03-31": {
        "Diluted EPS": 0.41,
        "Total Revenue": 433,
        "Gross Profit": 202,
        "Operating Income": 175,
        "EBIT": 220,
        "Net Income": 162
    },
    "2010-12-31": {
        "Diluted EPS": 0.39,
        "Total Revenue": 459,
        "Gross Profit": 243,
        "Operating Income": 180,
        "EBIT": 215,
        "Net Income": 144
    },
    "2010-09-30": {
        "Diluted EPS": 0.11,
        "Total Revenue": 254,
        "Gross Profit": 126,
        "Operating Income": 67,
        "EBIT": 103,
        "Net Income": 41
    },
    "2010-06-30": {
        "Diluted EPS": 0.1,
        "Total Revenue": 214,
        "Gross Profit": 105,
        "Operating Income": 53,
        "EBIT": 53,
        "Net Income": 36
    },
    "2010-03-31": {
        "Diluted EPS": 0.16,
        "Total Revenue": 240,
        "Gross Profit": 124,
        "Operating Income": 72,
        "EBIT": 72,
        "Net Income": 59
    },
    "2009-12-31": {
        "Diluted EPS": -0.13,
        "Total Revenue": 265,
        "Gross Profit": 126,
        "Operating Income": 58,
        "EBIT": 112,
        "Net Income": -47
    },
    "2009-09-30": {
        "Diluted EPS": 0.18,
        "Total Revenue": 235,
        "Gross Profit": 125,
        "Operating Income": 64,
        "EBIT": 102,
        "Net Income": 65
    },
    "2009-06-30": {
        "Diluted EPS": 0.12,
        "Total Revenue": 225,
        "Gross Profit": 117,
        "Operating Income": 52,
        "EBIT": 81,
        "Net Income": 44
    },
    "2009-03-31": {
        "Diluted EPS": 0.17,
        "Total Revenue": 189,
        "Gross Profit": 99,
        "Operating Income": 50,
        "EBIT": 82,
        "Net Income": 53
    },
    "2023-06-30": {
        "Tax Effect Of Unusual Items": NaN,
        "Tax Rate For Calcs": NaN,
        "Normalized EBITDA": NaN,
        "Total Unusual Items": NaN,
        "Total Unusual Items Excluding Goodwill": NaN,
        "Net Income From Continuing Operation Net Minority Interest": NaN,
        "Reconciled Depreciation": NaN,
        "Reconciled Cost Of Revenue": NaN,
        "EBITDA": NaN,
        "EBIT": NaN,
        "Net Interest Income": NaN,
        "Interest Expense": NaN,
        "Interest Income": NaN,
        "Normalized Income": NaN,
        "Net Income From Continuing And Discontinued Operation": NaN,
        "Total Expenses": NaN,
        "Total Operating Income As Reported": NaN,
        "Diluted Average Shares": 484200000.0,
        "Basic Average Shares": 481000000.0,
        "Diluted EPS": 0.19,
        "Basic EPS": 0.19,
        "Diluted NI Availto Com Stockholders": NaN,
        "Net Income Common Stockholders": NaN,
        "Net Income": NaN,
        "Minority Interests": NaN,
        "Net Income Including Noncontrolling Interests": NaN,
        "Net Income Discontinuous Operations": NaN,
        "Net Income Continuous Operations": NaN,
        "Tax Provision": NaN,
        "Pretax Income": NaN,
        "Other Income Expense": NaN,
        "Other Non Operating Income Expenses": NaN,
        "Special Income Charges": NaN,
        "Gain On Sale Of Ppe": NaN,
        "Gain On Sale Of Business": NaN,
        "Other Special Charges": -600000.0,
        "Write Off": 1100000.0,
        "Impairment Of Capital Assets": 0.0,
        "Restructuring And Mergern Acquisition": NaN,
        "Gain On Sale Of Security": NaN,
        "Net Non Operating Interest Income Expense": NaN,
        "Total Other Finance Cost": NaN,
        "Interest Expense Non Operating": NaN,
        "Interest Income Non Operating": NaN,
        "Operating Income": NaN,
        "Operating Expense": NaN,
        "Other Operating Expenses": NaN,
        "Selling General And Administration": NaN,
        "General And Administrative Expense": NaN,
        "Other Gand A": NaN,
        "Gross Profit": NaN,
        "Cost Of Revenue": NaN,
        "Total Revenue": NaN,
        "Operating Revenue": NaN
    },
    "2023-09-30": {
        "Tax Effect Of Unusual Items": NaN,
        "Tax Rate For Calcs": NaN,
        "Normalized EBITDA": NaN,
        "Total Unusual Items": NaN,
        "Total Unusual Items Excluding Goodwill": NaN,
        "Net Income From Continuing Operation Net Minority Interest": NaN,
        "Reconciled Depreciation": NaN,
        "Reconciled Cost Of Revenue": NaN,
        "EBITDA": NaN,
        "EBIT": NaN,
        "Net Interest Income": NaN,
        "Interest Expense": NaN,
        "Interest Income": NaN,
        "Normalized Income": NaN,
        "Net Income From Continuing And Discontinued Operation": NaN,
        "Total Expenses": NaN,
        "Total Operating Income As Reported": NaN,
        "Diluted Average Shares": 481100000.0,
        "Basic Average Shares": 481100000.0,
        "Diluted EPS": -0.001663,
        "Basic EPS": -0.001663,
        "Diluted NI Availto Com Stockholders": NaN,
        "Net Income Common Stockholders": NaN,
        "Net Income": NaN,
        "Minority Interests": NaN,
        "Net Income Including Noncontrolling Interests": NaN,
        "Net Income Discontinuous Operations": NaN,
        "Net Income Continuous Operations": NaN,
        "Tax Provision": NaN,
        "Pretax Income": NaN,
        "Other Income Expense": NaN,
        "Other Non Operating Income Expenses": NaN,
        "Special Income Charges": NaN,
        "Gain On Sale Of Ppe": 0.0,
        "Gain On Sale Of Business": 600000.0,
        "Other Special Charges": NaN,
        "Write Off": 100000.0,
        "Impairment Of Capital Assets": 0.0,
        "Restructuring And Mergern Acquisition": NaN,
        "Gain On Sale Of Security": NaN,
        "Net Non Operating Interest Income Expense": NaN,
        "Total Other Finance Cost": NaN,
        "Interest Expense Non Operating": NaN,
        "Interest Income Non Operating": NaN,
        "Operating Income": NaN,
        "Operating Expense": NaN,
        "Other Operating Expenses": NaN,
        "Selling General And Administration": NaN,
        "General And Administrative Expense": NaN,
        "Other Gand A": NaN,
        "Gross Profit": NaN,
        "Cost Of Revenue": NaN,
        "Total Revenue": NaN,
        "Operating Revenue": NaN
    },
    "2023-12-31": {
        "Tax Effect Of Unusual Items": NaN,
        "Tax Rate For Calcs": NaN,
        "Normalized EBITDA": NaN,
        "Total Unusual Items": NaN,
        "Total Unusual Items Excluding Goodwill": NaN,
        "Net Income From Continuing Operation Net Minority Interest": NaN,
        "Reconciled Depreciation": NaN,
        "Reconciled Cost Of Revenue": NaN,
        "EBITDA": NaN,
        "EBIT": NaN,
        "Net Interest Income": NaN,
        "Interest Expense": NaN,
        "Interest Income": NaN,
        "Normalized Income": NaN,
        "Net Income From Continuing And Discontinued Operation": NaN,
        "Total Expenses": NaN,
        "Total Operating Income As Reported": NaN,
        "Diluted Average Shares": NaN,
        "Basic Average Shares": NaN,
        "Diluted EPS": NaN,
        "Basic EPS": NaN,
        "Diluted NI Availto Com Stockholders": NaN,
        "Net Income Common Stockholders": NaN,
        "Net Income": NaN,
        "Minority Interests": NaN,
        "Net Income Including Noncontrolling Interests": NaN,
        "Net Income Discontinuous Operations": 0.0,
        "Net Income Continuous Operations": NaN,
        "Tax Provision": NaN,
        "Pretax Income": NaN,
        "Other Income Expense": NaN,
        "Other Non Operating Income Expenses": NaN,
        "Special Income Charges": NaN,
        "Gain On Sale Of Ppe": -15500000.0,
        "Gain On Sale Of Business": 13800000.0,
        "Other Special Charges": 28500000.0,
        "Write Off": 100000.0,
        "Impairment Of Capital Assets": NaN,
        "Restructuring And Mergern Acquisition": NaN,
        "Gain On Sale Of Security": NaN,
        "Net Non Operating Interest Income Expense": NaN,
        "Total Other Finance Cost": NaN,
        "Interest Expense Non Operating": NaN,
        "Interest Income Non Operating": NaN,
        "Operating Income": NaN,
        "Operating Expense": NaN,
        "Other Operating Expenses": NaN,
        "Selling General And Administration": NaN,
        "General And Administrative Expense": NaN,
        "Other Gand A": NaN,
        "Gross Profit": NaN,
        "Cost Of Revenue": NaN,
        "Total Revenue": NaN,
        "Operating Revenue": NaN
    },
    "2024-03-31": {
        "Tax Effect Of Unusual Items": NaN,
        "Tax Rate For Calcs": NaN,
        "Normalized EBITDA": NaN,
        "Total Unusual Items": NaN,
        "Total Unusual Items Excluding Goodwill": NaN,
        "Net Income From Continuing Operation Net Minority Interest": NaN,
        "Reconciled Depreciation": NaN,
        "Reconciled Cost Of Revenue": NaN,
        "EBITDA": NaN,
        "EBIT": NaN,
        "Net Interest Income": NaN,
        "Interest Expense": NaN,
        "Interest Income": NaN,
        "Normalized Income": NaN,
        "Net Income From Continuing And Discontinued Operation": NaN,
        "Total Expenses": NaN,
        "Total Operating Income As Reported": NaN,
        "Diluted Average Shares": 493000000.0,
        "Basic Average Shares": 489300000.0,
        "Diluted EPS": 0.11,
        "Basic EPS": 0.11,
        "Diluted NI Availto Com Stockholders": NaN,
        "Net Income Common Stockholders": NaN,
        "Net Income": NaN,
        "Minority Interests": NaN,
        "Net Income Including Noncontrolling Interests": NaN,
        "Net Income Discontinuous Operations": 0.0,
        "Net Income Continuous Operations": NaN,
        "Tax Provision": NaN,
        "Pretax Income": NaN,
        "Other Income Expense": NaN,
        "Other Non Operating Income Expenses": NaN,
        "Special Income Charges": NaN,
        "Gain On Sale Of Ppe": NaN,
        "Gain On Sale Of Business": NaN,
        "Other Special Charges": NaN,
        "Write Off": 100000.0,
        "Impairment Of Capital Assets": NaN,
        "Restructuring And Mergern Acquisition": NaN,
        "Gain On Sale Of Security": NaN,
        "Net Non Operating Interest Income Expense": NaN,
        "Total Other Finance Cost": NaN,
        "Interest Expense Non Operating": NaN,
        "Interest Income Non Operating": NaN,
        "Operating Income": NaN,
        "Operating Expense": NaN,
        "Other Operating Expenses": NaN,
        "Selling General And Administration": NaN,
        "General And Administrative Expense": NaN,
        "Other Gand A": NaN,
        "Gross Profit": NaN,
        "Cost Of Revenue": NaN,
        "Total Revenue": NaN,
        "Operating Revenue": NaN
    },
    "2024-06-30": {
        "Tax Effect Of Unusual Items": -3364914.992272,
        "Tax Rate For Calcs": 0.285162,
        "Normalized EBITDA": 182500000.0,
        "Total Unusual Items": -11800000.0,
        "Total Unusual Items Excluding Goodwill": -11800000.0,
        "Net Income From Continuing Operation Net Minority Interest": 84500000.0,
        "Reconciled Depreciation": 54500000.0,
        "Reconciled Cost Of Revenue": 234600000.0,
        "EBITDA": 170700000.0,
        "EBIT": 116200000.0,
        "Net Interest Income": 7800000.0,
        "Interest Expense": -13200000.0,
        "Interest Income": 3100000.0,
        "Normalized Income": 92935085.007728,
        "Net Income From Continuing And Discontinued Operation": 84500000.0,
        "Total Expenses": 252300000.0,
        "Total Operating Income As Reported": 127900000.0,
        "Diluted Average Shares": 530700000.0,
        "Basic Average Shares": 525400000.0,
        "Diluted EPS": 0.16,
        "Basic EPS": 0.16,
        "Diluted NI Availto Com Stockholders": 84500000.0,
        "Net Income Common Stockholders": 84500000.0,
        "Net Income": 84500000.0,
        "Minority Interests": -8000000.0,
        "Net Income Including Noncontrolling Interests": 92500000.0,
        "Net Income Discontinuous Operations": 0.0,
        "Net Income Continuous Operations": 92500000.0,
        "Tax Provision": 36900000.0,
        "Pretax Income": 129400000.0,
        "Other Income Expense": -11400000.0,
        "Other Non Operating Income Expenses": 400000.0,
        "Special Income Charges": -3100000.0,
        "Gain On Sale Of Ppe": 0.0,
        "Gain On Sale Of Business": 500000.0,
        "Other Special Charges": NaN,
        "Write Off": 100000.0,
        "Impairment Of Capital Assets": 6800000.0,
        "Restructuring And Mergern Acquisition": -3300000.0,
        "Gain On Sale Of Security": -8700000.0,
        "Net Non Operating Interest Income Expense": 7800000.0,
        "Total Other Finance Cost": 8500000.0,
        "Interest Expense Non Operating": -13200000.0,
        "Interest Income Non Operating": 3100000.0,
        "Operating Income": 133000000.0,
        "Operating Expense": 17700000.0,
        "Other Operating Expenses": 4900000.0,
        "Selling General And Administration": 12800000.0,
        "General And Administrative Expense": 12800000.0,
        "Other Gand A": 12800000.0,
        "Gross Profit": 150700000.0,
        "Cost Of Revenue": 234600000.0,
        "Total Revenue": 385300000.0,
        "Operating Revenue": 385300000.0
    },
    "2024-09-30": {
        "Tax Effect Of Unusual Items": 23041817.894903,
        "Tax Rate For Calcs": 0.049235,
        "Normalized EBITDA": 251600000.0,
        "Total Unusual Items": 468000000.0,
        "Total Unusual Items Excluding Goodwill": 468000000.0,
        "Net Income From Continuing Operation Net Minority Interest": 594100000.0,
        "Reconciled Depreciation": 61700000.0,
        "Reconciled Cost Of Revenue": 276300000.0,
        "EBITDA": 719600000.0,
        "EBIT": 657900000.0,
        "Net Interest Income": 20600000.0,
        "Interest Expense": 24200000.0,
        "Interest Income": 44800000.0,
        "Normalized Income": 149141817.894903,
        "Net Income From Continuing And Discontinued Operation": 594100000.0,
        "Total Expenses": 291500000.0,
        "Total Operating Income As Reported": 607400000.0,
        "Diluted Average Shares": 577000000.0,
        "Basic Average Shares": 570600000.0,
        "Diluted EPS": 1.03,
        "Basic EPS": 1.04,
        "Diluted NI Availto Com Stockholders": 594100000.0,
        "Net Income Common Stockholders": 594100000.0,
        "Net Income": 594100000.0,
        "Minority Interests": -8400000.0,
        "Net Income Including Noncontrolling Interests": 602500000.0,
        "Net Income Discontinuous Operations": 0.0,
        "Net Income Continuous Operations": 602500000.0,
        "Tax Provision": 31200000.0,
        "Pretax Income": 633700000.0,
        "Other Income Expense": 465700000.0,
        "Other Non Operating Income Expenses": -2300000.0,
        "Special Income Charges": 462300000.0,
        "Gain On Sale Of Ppe": 0.0,
        "Gain On Sale Of Business": 500000.0,
        "Other Special Charges": -27300000.0,
        "Write Off": NaN,
        "Impairment Of Capital Assets": -462300000.0,
        "Restructuring And Mergern Acquisition": -8500000.0,
        "Gain On Sale Of Security": 5700000.0,
        "Net Non Operating Interest Income Expense": 20600000.0,
        "Total Other Finance Cost": 3400000.0,
        "Interest Expense Non Operating": 24200000.0,
        "Interest Income Non Operating": 44800000.0,
        "Operating Income": 147400000.0,
        "Operating Expense": 15200000.0,
        "Other Operating Expenses": 4400000.0,
        "Selling General And Administration": 10800000.0,
        "General And Administrative Expense": 10800000.0,
        "Other Gand A": 10800000.0,
        "Gross Profit": 162600000.0,
        "Cost Of Revenue": 276300000.0,
        "Total Revenue": 438900000.0,
        "Operating Revenue": 438900000.0
    },
    "2024-12-31": {
        "Tax Effect Of Unusual Items": -2188197.767145,
        "Tax Rate For Calcs": 0.273525,
        "Normalized EBITDA": 234900000.0,
        "Total Unusual Items": -8000000.0,
        "Total Unusual Items Excluding Goodwill": -8000000.0,
        "Net Income From Continuing Operation Net Minority Interest": 86200000.0,
        "Reconciled Depreciation": 96700000.0,
        "Reconciled Cost Of Revenue": 339000000.0,
        "EBITDA": 226900000.0,
        "EBIT": 130200000.0,
        "Net Interest Income": -15100000.0,
        "Interest Expense": 4800000.0,
        "Interest Income": 4900000.0,
        "Normalized Income": 92011802.232855,
        "Net Income From Continuing And Discontinued Operation": 86200000.0,
        "Total Expenses": 316900000.0,
        "Total Operating Income As Reported": 121200000.0,
        "Diluted Average Shares": NaN,
        "Basic Average Shares": NaN,
        "Diluted EPS": NaN,
        "Basic EPS": NaN,
        "Diluted NI Availto Com Stockholders": 86200000.0,
        "Net Income Common Stockholders": 86200000.0,
        "Net Income": 86200000.0,
        "Minority Interests": -4900000.0,
        "Net Income Including Noncontrolling Interests": 91100000.0,
        "Net Income Discontinuous Operations": 0.0,
        "Net Income Continuous Operations": 91100000.0,
        "Tax Provision": 34300000.0,
        "Pretax Income": 125400000.0,
        "Other Income Expense": -12500000.0,
        "Other Non Operating Income Expenses": -4500000.0,
        "Special Income Charges": -7600000.0,
        "Gain On Sale Of Ppe": 34100000.0,
        "Gain On Sale Of Business": -1400000.0,
        "Other Special Charges": 0.0,
        "Write Off": NaN,
        "Impairment Of Capital Assets": 35800000.0,
        "Restructuring And Mergern Acquisition": 3600000.0,
        "Gain On Sale Of Security": -400000.0,
        "Net Non Operating Interest Income Expense": -15100000.0,
        "Total Other Finance Cost": 15200000.0,
        "Interest Expense Non Operating": 4800000.0,
        "Interest Income Non Operating": 4900000.0,
        "Operating Income": 153000000.0,
        "Operating Expense": -22100000.0,
        "Other Operating Expenses": -32000000.0,
        "Selling General And Administration": 8700000.0,
        "General And Administrative Expense": 8700000.0,
        "Other Gand A": -22100000.0,
        "Gross Profit": 130900000.0,
        "Cost Of Revenue": 339000000.0,
        "Total Revenue": 469900000.0,
        "Operating Revenue": 469900000.0
    },
    "2025-03-31": {
        "Tax Effect Of Unusual Items": -60000.0,
        "Tax Rate For Calcs": 0.15,
        "Normalized EBITDA": 184200000.0,
        "Total Unusual Items": -400000.0,
        "Total Unusual Items Excluding Goodwill": -400000.0,
        "Net Income From Continuing Operation Net Minority Interest": 39700000.0,
        "Reconciled Depreciation": 79700000.0,
        "Reconciled Cost Of Revenue": 335900000.0,
        "EBITDA": 183800000.0,
        "EBIT": 104100000.0,
        "Net Interest Income": -26000000.0,
        "Interest Expense": 18400000.0,
        "Interest Income": 2700000.0,
        "Normalized Income": 40040000.0,
        "Net Income From Continuing And Discontinued Operation": 39700000.0,
        "Total Expenses": 364900000.0,
        "Total Operating Income As Reported": 113100000.0,
        "Diluted Average Shares": 579600000.0,
        "Basic Average Shares": 572500000.0,
        "Diluted EPS": 0.07,
        "Basic EPS": 0.07,
        "Diluted NI Availto Com Stockholders": 39700000.0,
        "Net Income Common Stockholders": 39700000.0,
        "Net Income": 39700000.0,
        "Minority Interests": -6800000.0,
        "Net Income Including Noncontrolling Interests": 46500000.0,
        "Net Income Discontinuous Operations": NaN,
        "Net Income Continuous Operations": 46500000.0,
        "Tax Provision": 39200000.0,
        "Pretax Income": 85700000.0,
        "Other Income Expense": -500000.0,
        "Other Non Operating Income Expenses": -100000.0,
        "Special Income Charges": 400000.0,
        "Gain On Sale Of Ppe": NaN,
        "Gain On Sale Of Business": NaN,
        "Other Special Charges": NaN,
        "Write Off": 100000.0,
        "Impairment Of Capital Assets": NaN,
        "Restructuring And Mergern Acquisition": -500000.0,
        "Gain On Sale Of Security": -800000.0,
        "Net Non Operating Interest Income Expense": -26000000.0,
        "Total Other Finance Cost": 10300000.0,
        "Interest Expense Non Operating": 18400000.0,
        "Interest Income Non Operating": 2700000.0,
        "Operating Income": 112200000.0,
        "Operating Expense": 29000000.0,
        "Other Operating Expenses": 12600000.0,
        "Selling General And Administration": 16400000.0,
        "General And Administrative Expense": 16400000.0,
        "Other Gand A": 16400000.0,
        "Gross Profit": 141200000.0,
        "Cost Of Revenue": 335900000.0,
        "Total Revenue": 477100000.0,
        "Operating Revenue": 477100000.0
    },
    "2025-06-30": {
        "Tax Effect Of Unusual Items": 1305000.0,
        "Tax Rate For Calcs": 0.15,
        "Normalized EBITDA": 269500000.0,
        "Total Unusual Items": 8700000.0,
        "Total Unusual Items Excluding Goodwill": 8700000.0,
        "Net Income From Continuing Operation Net Minority Interest": 78700000.0,
        "Reconciled Depreciation": 95000000.0,
        "Reconciled Cost Of Revenue": 382100000.0,
        "EBITDA": 278200000.0,
        "EBIT": 183200000.0,
        "Net Interest Income": -20100000.0,
        "Interest Expense": 18400000.0,
        "Interest Income": 2500000.0,
        "Normalized Income": 71305000.0,
        "Net Income From Continuing And Discontinued Operation": 78700000.0,
        "Total Expenses": 403300000.0,
        "Total Operating Income As Reported": 177600000.0,
        "Diluted Average Shares": 580700000.0,
        "Basic Average Shares": 575100000.0,
        "Diluted EPS": 0.14,
        "Basic EPS": 0.14,
        "Diluted NI Availto Com Stockholders": 78700000.0,
        "Net Income Common Stockholders": 78700000.0,
        "Net Income": 78700000.0,
        "Minority Interests": -7200000.0,
        "Net Income Including Noncontrolling Interests": 85900000.0,
        "Net Income Discontinuous Operations": NaN,
        "Net Income Continuous Operations": 85900000.0,
        "Tax Provision": 78900000.0,
        "Pretax Income": 164800000.0,
        "Other Income Expense": 7300000.0,
        "Other Non Operating Income Expenses": -1400000.0,
        "Special Income Charges": 5300000.0,
        "Gain On Sale Of Ppe": 4900000.0,
        "Gain On Sale Of Business": 500000.0,
        "Other Special Charges": NaN,
        "Write Off": 100000.0,
        "Impairment Of Capital Assets": 0.0,
        "Restructuring And Mergern Acquisition": 0.0,
        "Gain On Sale Of Security": 3400000.0,
        "Net Non Operating Interest Income Expense": -20100000.0,
        "Total Other Finance Cost": 4200000.0,
        "Interest Expense Non Operating": 18400000.0,
        "Interest Income Non Operating": 2500000.0,
        "Operating Income": 177600000.0,
        "Operating Expense": 21200000.0,
        "Other Operating Expenses": 8700000.0,
        "Selling General And Administration": 12500000.0,
        "General And Administrative Expense": 12500000.0,
        "Other Gand A": 12500000.0,
        "Gross Profit": 198800000.0,
        "Cost Of Revenue": 382100000.0,
        "Total Revenue": 580900000.0,
        "Operating Revenue": 580900000.0
    }
}