{
    "2023-06-30": {
        "Tax Effect Of Unusual Items": 0.0,
        "Tax Rate For Calcs": 0.21,
        "Normalized EBITDA": 47114000.0,
        "Total Unusual Items": NaN,
        "Total Unusual Items Excluding Goodwill": NaN,
        "Net Income From Continuing Operation Net Minority Interest": 4184000.0,
        "Reconciled Depreciation": 30826000.0,
        "Reconciled Cost Of Revenue": 146441000.0,
        "EBITDA": 47114000.0,
        "EBIT": 16288000.0,
        "Net Interest Income": -8525000.0,
        "Interest Expense": 12464000.0,
        "Interest Income": 3939000.0,
        "Normalized Income": 4184000.0,
        "Net Income From Continuing And Discontinued Operation": 4184000.0,
        "Total Expenses": 368763000.0,
        "Total Operating Income As Reported": 12504000.0,
        "Diluted Average Shares": 81354000.0,
        "Basic Average Shares": 81354000.0,
        "Diluted EPS": 0.05,
        "Basic EPS": 0.05143,
        "Diluted NI Availto Com Stockholders": 4184000.0,
        "Net Income Common Stockholders": 4184000.0,
        "Net Income": 4184000.0,
        "Net Income Including Noncontrolling Interests": 4184000.0,
        "Net Income Continuous Operations": 4184000.0,
        "Tax Provision": -360000.0,
        "Pretax Income": 3824000.0,
        "Other Income Expense": -155000.0,
        "Other Non Operating Income Expenses": -155000.0,
        "Special Income Charges": NaN,
        "Gain On Sale Of Business": NaN,
        "Net Non Operating Interest Income Expense": -8525000.0,
        "Interest Expense Non Operating": 12464000.0,
        "Interest Income Non Operating": 3939000.0,
        "Operating Income": 12504000.0,
        "Operating Expense": 194522000.0,
        "Depreciation Amortization Depletion Income Statement": 3026000.0,
        "Depreciation And Amortization In Income Statement": 3026000.0,
        "Amortization": 3026000.0,
        "Amortization Of Intangibles Income Statement": 3026000.0,
        "Research And Development": 26588000.0,
        "Selling General And Administration": 164908000.0,
        "Gross Profit": 207026000.0,
        "Cost Of Revenue": 174241000.0,
        "Total Revenue": 381267000.0,
        "Operating Revenue": 381267000.0
    },
    "2023-03-31": {
        "Tax Effect Of Unusual Items": 0.0,
        "Tax Rate For Calcs": 0.186,
        "Normalized EBITDA": 73021000.0,
        "Total Unusual Items": NaN,
        "Total Unusual Items Excluding Goodwill": NaN,
        "Net Income From Continuing Operation Net Minority Interest": 24226000.0,
        "Reconciled Depreciation": 31143000.0,
        "Reconciled Cost Of Revenue": 119940000.0,
        "EBITDA": 73021000.0,
        "EBIT": 41878000.0,
        "Net Interest Income": -7993000.0,
        "Interest Expense": 12100000.0,
        "Interest Income": 4107000.0,
        "Normalized Income": 24226000.0,
        "Net Income From Continuing And Discontinued Operation": 24226000.0,
        "Total Expenses": 344464000.0,
        "Total Operating Income As Reported": 36382000.0,
        "Diluted Average Shares": 82322000.0,
        "Basic Average Shares": 81895000.0,
        "Diluted EPS": 0.29,
        "Basic EPS": 0.295818,
        "Diluted NI Availto Com Stockholders": 24226000.0,
        "Net Income Common Stockholders": 24226000.0,
        "Net Income": 24226000.0,
        "Net Income Including Noncontrolling Interests": 24226000.0,
        "Net Income Continuous Operations": 24226000.0,
        "Tax Provision": 5552000.0,
        "Pretax Income": 29778000.0,
        "Other Income Expense": 1389000.0,
        "Other Non Operating Income Expenses": 1389000.0,
        "Special Income Charges": NaN,
        "Gain On Sale Of Business": NaN,
        "Net Non Operating Interest Income Expense": -7993000.0,
        "Interest Expense Non Operating": 12100000.0,
        "Interest Income Non Operating": 4107000.0,
        "Operating Income": 36382000.0,
        "Operating Expense": 196489000.0,
        "Depreciation Amortization Depletion Income Statement": 3108000.0,
        "Depreciation And Amortization In Income Statement": 3108000.0,
        "Amortization": 3108000.0,
        "Amortization Of Intangibles Income Statement": 3108000.0,
        "Research And Development": 26724000.0,
        "Selling General And Administration": 166657000.0,
        "Gross Profit": 232871000.0,
        "Cost Of Revenue": 147975000.0,
        "Total Revenue": 380846000.0,
        "Operating Revenue": 380846000.0
    },
    "2022-12-31": {
        "Tax Effect Of Unusual Items": NaN,
        "Tax Rate For Calcs": NaN,
        "Normalized EBITDA": NaN,
        "Total Unusual Items": 0.0,
        "Total Unusual Items Excluding Goodwill": 0.0,
        "Net Income From Continuing Operation Net Minority Interest": NaN,
        "Reconciled Depreciation": NaN,
        "Reconciled Cost Of Revenue": NaN,
        "EBITDA": NaN,
        "EBIT": NaN,
        "Net Interest Income": NaN,
        "Interest Expense": NaN,
        "Interest Income": NaN,
        "Normalized Income": NaN,
        "Net Income From Continuing And Discontinued Operation": NaN,
        "Total Expenses": NaN,
        "Total Operating Income As Reported": NaN,
        "Diluted Average Shares": NaN,
        "Basic Average Shares": NaN,
        "Diluted EPS": NaN,
        "Basic EPS": NaN,
        "Diluted NI Availto Com Stockholders": NaN,
        "Net Income Common Stockholders": NaN,
        "Net Income": NaN,
        "Net Income Including Noncontrolling Interests": NaN,
        "Net Income Continuous Operations": NaN,
        "Tax Provision": NaN,
        "Pretax Income": NaN,
        "Other Income Expense": NaN,
        "Other Non Operating Income Expenses": NaN,
        "Special Income Charges": 0.0,
        "Gain On Sale Of Business": 0.0,
        "Net Non Operating Interest Income Expense": NaN,
        "Interest Expense Non Operating": NaN,
        "Interest Income Non Operating": NaN,
        "Operating Income": NaN,
        "Operating Expense": NaN,
        "Depreciation Amortization Depletion Income Statement": NaN,
        "Depreciation And Amortization In Income Statement": NaN,
        "Amortization": NaN,
        "Amortization Of Intangibles Income Statement": NaN,
        "Research And Development": NaN,
        "Selling General And Administration": NaN,
        "Gross Profit": NaN,
        "Cost Of Revenue": NaN,
        "Total Revenue": NaN,
        "Operating Revenue": NaN
    },
    "2022-09-30": {
        "Tax Effect Of Unusual Items": NaN,
        "Tax Rate For Calcs": NaN,
        "Normalized EBITDA": NaN,
        "Total Unusual Items": 644000.0,
        "Total Unusual Items Excluding Goodwill": 644000.0,
        "Net Income From Continuing Operation Net Minority Interest": NaN,
        "Reconciled Depreciation": NaN,
        "Reconciled Cost Of Revenue": NaN,
        "EBITDA": NaN,
        "EBIT": NaN,
        "Net Interest Income": NaN,
        "Interest Expense": NaN,
        "Interest Income": NaN,
        "Normalized Income": NaN,
        "Net Income From Continuing And Discontinued Operation": NaN,
        "Total Expenses": NaN,
        "Total Operating Income As Reported": NaN,
        "Diluted Average Shares": NaN,
        "Basic Average Shares": NaN,
        "Diluted EPS": NaN,
        "Basic EPS": NaN,
        "Diluted NI Availto Com Stockholders": NaN,
        "Net Income Common Stockholders": NaN,
        "Net Income": NaN,
        "Net Income Including Noncontrolling Interests": NaN,
        "Net Income Continuous Operations": NaN,
        "Tax Provision": NaN,
        "Pretax Income": NaN,
        "Other Income Expense": NaN,
        "Other Non Operating Income Expenses": NaN,
        "Special Income Charges": 644000.0,
        "Gain On Sale Of Business": 644000.0,
        "Net Non Operating Interest Income Expense": NaN,
        "Interest Expense Non Operating": NaN,
        "Interest Income Non Operating": NaN,
        "Operating Income": NaN,
        "Operating Expense": NaN,
        "Depreciation Amortization Depletion Income Statement": NaN,
        "Depreciation And Amortization In Income Statement": NaN,
        "Amortization": NaN,
        "Amortization Of Intangibles Income Statement": NaN,
        "Research And Development": NaN,
        "Selling General And Administration": NaN,
        "Gross Profit": NaN,
        "Cost Of Revenue": NaN,
        "Total Revenue": NaN,
        "Operating Revenue": NaN
    },
    "2022-06-30": {
        "Tax Effect Of Unusual Items": 0.0,
        "Tax Rate For Calcs": 0.132,
        "Normalized EBITDA": 93423000.0,
        "Total Unusual Items": 0.0,
        "Total Unusual Items Excluding Goodwill": 0.0,
        "Net Income From Continuing Operation Net Minority Interest": 44788000.0,
        "Reconciled Depreciation": 29612000.0,
        "Reconciled Cost Of Revenue": 122096000.0,
        "EBITDA": 93423000.0,
        "EBIT": 63811000.0,
        "Net Interest Income": -10271000.0,
        "Interest Expense": 12236000.0,
        "Interest Income": 1965000.0,
        "Normalized Income": 44788000.0,
        "Net Income From Continuing And Discontinued Operation": 44788000.0,
        "Total Expenses": 337948000.0,
        "Total Operating Income As Reported": 59867000.0,
        "Diluted Average Shares": 83622000.0,
        "Basic Average Shares": 83168000.0,
        "Diluted EPS": 0.54,
        "Basic EPS": 0.54,
        "Diluted NI Availto Com Stockholders": 44788000.0,
        "Net Income Common Stockholders": 44788000.0,
        "Net Income": 44788000.0,
        "Net Income Including Noncontrolling Interests": 44788000.0,
        "Net Income Continuous Operations": 44788000.0,
        "Tax Provision": 6787000.0,
        "Pretax Income": 51575000.0,
        "Other Income Expense": 1979000.0,
        "Other Non Operating Income Expenses": 1979000.0,
        "Special Income Charges": 0.0,
        "Gain On Sale Of Business": 0.0,
        "Net Non Operating Interest Income Expense": -10271000.0,
        "Interest Expense Non Operating": 12236000.0,
        "Interest Income Non Operating": 1965000.0,
        "Operating Income": 59867000.0,
        "Operating Expense": 189544000.0,
        "Depreciation Amortization Depletion Income Statement": 3304000.0,
        "Depreciation And Amortization In Income Statement": 3304000.0,
        "Amortization": 3304000.0,
        "Amortization Of Intangibles Income Statement": 3304000.0,
        "Research And Development": 25589000.0,
        "Selling General And Administration": 160651000.0,
        "Gross Profit": 249411000.0,
        "Cost Of Revenue": 148404000.0,
        "Total Revenue": 397815000.0,
        "Operating Revenue": 397815000.0
    },
    "2022-03-31": {
        "Diluted EPS": 0.39,
        "Total Revenue": 377,
        "Gross Profit": 234,
        "Operating Income": 46,
        "EBIT": 78,
        "Net Income": 33
    },
    "2021-12-31": {
        "Diluted EPS": 0.53,
        "Total Revenue": 406,
        "Gross Profit": 249,
        "Operating Income": 58,
        "EBIT": 91,
        "Net Income": 45
    },
    "2021-09-30": {
        "Diluted EPS": 0.51,
        "Total Revenue": 387,
        "Gross Profit": 242,
        "Operating Income": 56,
        "EBIT": 88,
        "Net Income": 43
    },
    "2021-06-30": {
        "Diluted EPS": 0.41,
        "Total Revenue": 390,
        "Gross Profit": 239,
        "Operating Income": 52,
        "EBIT": 83,
        "Net Income": 35
    },
    "2021-03-31": {
        "Diluted EPS": 0.53,
        "Total Revenue": 360,
        "Gross Profit": 214,
        "Operating Income": 31,
        "EBIT": 62,
        "Net Income": 45
    },
    "2020-12-31": {
        "Diluted EPS": 1.08,
        "Total Revenue": 389,
        "Gross Profit": 242,
        "Operating Income": 53,
        "EBIT": 85,
        "Net Income": 93
    },
    "2020-09-30": {
        "Diluted EPS": 0.38,
        "Total Revenue": 370,
        "Gross Profit": 235,
        "Operating Income": 58,
        "EBIT": 98,
        "Net Income": 32
    },
    "2020-06-30": {
        "Diluted EPS": 0.0,
        "Total Revenue": 259,
        "Gross Profit": 153,
        "Operating Income": 14,
        "EBIT": 49,
        "Net Income": 0
    },
    "2020-03-31": {
        "Diluted EPS": 0.11,
        "Total Revenue": 354,
        "Gross Profit": 221,
        "Operating Income": 27,
        "EBIT": 63,
        "Net Income": 9
    },
    "2019-12-31": {
        "Diluted EPS": 0.18,
        "Total Revenue": 395,
        "Gross Profit": 246,
        "Operating Income": 36,
        "EBIT": 65,
        "Net Income": 15
    },
    "2019-09-30": {
        "Diluted EPS": -0.32,
        "Total Revenue": 379,
        "Gross Profit": 236,
        "Operating Income": -21,
        "EBIT": 8,
        "Net Income": -28
    },
    "2019-06-30": {
        "Diluted EPS": 0.34,
        "Total Revenue": 384,
        "Gross Profit": 240,
        "Operating Income": 46,
        "EBIT": 74,
        "Net Income": 30
    },
    "2019-03-31": {
        "Diluted EPS": 0.38,
        "Total Revenue": 360,
        "Gross Profit": 231,
        "Operating Income": 32,
        "EBIT": 61,
        "Net Income": 33
    },
    "2018-12-31": {
        "Diluted EPS": 0.29,
        "Total Revenue": 383,
        "Gross Profit": 237,
        "Operating Income": 34,
        "EBIT": 63,
        "Net Income": 25
    },
    "2018-09-30": {
        "Diluted EPS": 0.15,
        "Total Revenue": 366,
        "Gross Profit": 223,
        "Operating Income": 24,
        "EBIT": 54,
        "Net Income": 13
    },
    "2018-06-30": {
        "Diluted EPS": 0.14,
        "Total Revenue": 366,
        "Gross Profit": 229,
        "Operating Income": 28,
        "EBIT": 57,
        "Net Income": 11
    },
    "2018-03-31": {
        "Diluted EPS": 0.14,
        "Total Revenue": 357,
        "Gross Profit": 213,
        "Operating Income": 26,
        "EBIT": 54,
        "Net Income": 11
    },
    "2017-12-31": {
        "Diluted EPS": 0.56,
        "Total Revenue": 369,
        "Gross Profit": 220,
        "Operating Income": 7,
        "EBIT": 35,
        "Net Income": 44
    },
    "2017-09-30": {
        "Diluted EPS": 0.04,
        "Total Revenue": 279,
        "Gross Profit": 177,
        "Operating Income": 11,
        "EBIT": 32,
        "Net Income": 3
    },
    "2017-06-30": {
        "Diluted EPS": 0.14,
        "Total Revenue": 282,
        "Gross Profit": 183,
        "Operating Income": 17,
        "EBIT": 39,
        "Net Income": 11
    },
    "2017-03-31": {
        "Diluted EPS": 0.08,
        "Total Revenue": 259,
        "Gross Profit": 172,
        "Operating Income": 10,
        "EBIT": 30,
        "Net Income": 6
    },
    "2016-12-31": {
        "Diluted EPS": 0.35,
        "Total Revenue": 256,
        "Gross Profit": 170,
        "Operating Income": 41,
        "EBIT": 60,
        "Net Income": 28
    },
    "2016-09-30": {
        "Diluted EPS": 0.25,
        "Total Revenue": 250,
        "Gross Profit": 161,
        "Operating Income": 30,
        "EBIT": 49,
        "Net Income": 20
    },
    "2016-06-30": {
        "Diluted EPS": 0.16,
        "Total Revenue": 249,
        "Gross Profit": 160,
        "Operating Income": 22,
        "EBIT": 41,
        "Net Income": 13
    },
    "2016-03-31": {
        "Diluted EPS": 0.18,
        "Total Revenue": 237,
        "Gross Profit": 152,
        "Operating Income": 22,
        "EBIT": 41,
        "Net Income": 13
    },
    "2015-12-31": {
        "Diluted EPS": 0.21,
        "Total Revenue": 241,
        "Gross Profit": 151,
        "Operating Income": 24,
        "EBIT": 43,
        "Net Income": 15
    },
    "2015-09-30": {
        "Diluted EPS": -0.45,
        "Total Revenue": 226,
        "Gross Profit": 140,
        "Operating Income": 10,
        "EBIT": 27,
        "Net Income": -32
    },
    "2015-06-30": {
        "Diluted EPS": 0.07,
        "Total Revenue": 213,
        "Gross Profit": 137,
        "Operating Income": 24,
        "EBIT": 37,
        "Net Income": 5
    },
    "2015-03-31": {
        "Diluted EPS": 0.13,
        "Total Revenue": 203,
        "Gross Profit": 127,
        "Operating Income": 21,
        "EBIT": 34,
        "Net Income": 8
    },
    "2014-12-31": {
        "Diluted EPS": 0.27,
        "Total Revenue": 153,
        "Gross Profit": 93,
        "Operating Income": 30,
        "EBIT": 43,
        "Net Income": 17
    },
    "2014-09-30": {
        "Diluted EPS": 0.15,
        "Total Revenue": 198,
        "Gross Profit": 124,
        "Operating Income": 17,
        "EBIT": 23,
        "Net Income": 10
    },
    "2014-06-30": {
        "Diluted EPS": 0.08,
        "Total Revenue": 231,
        "Gross Profit": 144,
        "Operating Income": 12,
        "EBIT": 28,
        "Net Income": 5
    },
    "2014-03-31": {
        "Diluted EPS": 0.04,
        "Total Revenue": 215,
        "Gross Profit": 133,
        "Operating Income": 9,
        "EBIT": 23,
        "Net Income": 2
    },
    "2013-12-31": {
        "Diluted EPS": 0.26,
        "Total Revenue": 81,
        "Gross Profit": 45,
        "Operating Income": 63,
        "EBIT": 59,
        "Net Income": 14
    },
    "2013-09-30": {
        "Diluted EPS": -0.55,
        "Total Revenue": 213,
        "Gross Profit": 131,
        "Operating Income": -31,
        "EBIT": -19,
        "Net Income": -30
    },
    "2013-06-30": {
        "Diluted EPS": 0.03,
        "Total Revenue": 206,
        "Gross Profit": 124,
        "Operating Income": 6,
        "EBIT": 19,
        "Net Income": 2
    },
    "2013-03-31": {
        "Diluted EPS": -0.11,
        "Total Revenue": 197,
        "Gross Profit": 117,
        "Operating Income": -2,
        "EBIT": 10,
        "Net Income": -6
    },
    "2012-12-31": {
        "Diluted EPS": 0.23,
        "Total Revenue": 214,
        "Gross Profit": 133,
        "Operating Income": 19,
        "EBIT": 33,
        "Net Income": 13
    },
    "2012-09-30": {
        "Diluted EPS": 0.23,
        "Total Revenue": 210,
        "Gross Profit": 131,
        "Operating Income": 20,
        "EBIT": 34,
        "Net Income": 13
    },
    "2012-06-30": {
        "Diluted EPS": 0.15,
        "Total Revenue": 210,
        "Gross Profit": 132,
        "Operating Income": 18,
        "EBIT": 32,
        "Net Income": 9
    },
    "2012-03-31": {
        "Diluted EPS": 0.12,
        "Total Revenue": 196,
        "Gross Profit": 122,
        "Operating Income": 17,
        "EBIT": 31,
        "Net Income": 7
    },
    "2011-12-31": {
        "Diluted EPS": 0.08,
        "Total Revenue": 204,
        "Gross Profit": 121,
        "Operating Income": 8,
        "EBIT": 21,
        "Net Income": 5
    },
    "2011-09-30": {
        "Diluted EPS": 0.2,
        "Total Revenue": 202,
        "Gross Profit": 124,
        "Operating Income": 18,
        "EBIT": 32,
        "Net Income": 11
    },
    "2011-06-30": {
        "Diluted EPS": 0.01,
        "Total Revenue": 193,
        "Gross Profit": 120,
        "Operating Income": 8,
        "EBIT": 24,
        "Net Income": 1
    },
    "2011-03-31": {
        "Diluted EPS": 0.19,
        "Total Revenue": 181,
        "Gross Profit": 116,
        "Operating Income": 21,
        "EBIT": 31,
        "Net Income": 11
    },
    "2010-12-31": {
        "Diluted EPS": 0.31,
        "Total Revenue": 194,
        "Gross Profit": 123,
        "Operating Income": 24,
        "EBIT": 35,
        "Net Income": 19
    },
    "2010-09-30": {
        "Diluted EPS": 0.28,
        "Total Revenue": 187,
        "Gross Profit": 117,
        "Operating Income": 27,
        "EBIT": 37,
        "Net Income": 16
    },
    "2010-06-30": {
        "Diluted EPS": 0.25,
        "Total Revenue": 179,
        "Gross Profit": 114,
        "Operating Income": 25,
        "EBIT": 34,
        "Net Income": 15
    },
    "2010-03-31": {
        "Diluted EPS": 0.25,
        "Total Revenue": 173,
        "Gross Profit": 109,
        "Operating Income": 23,
        "EBIT": 32,
        "Net Income": 15
    },
    "2009-12-31": {
        "Diluted EPS": 0.28,
        "Total Revenue": 184,
        "Gross Profit": 120,
        "Operating Income": 28,
        "EBIT": 41,
        "Net Income": 16
    },
    "2009-09-30": {
        "Diluted EPS": 0.25,
        "Total Revenue": 172,
        "Gross Profit": 109,
        "Operating Income": 24,
        "EBIT": 34,
        "Net Income": 14
    },
    "2009-06-30": {
        "Diluted EPS": 0.19,
        "Total Revenue": 166,
        "Gross Profit": 106,
        "Operating Income": 24,
        "EBIT": 33,
        "Net Income": 11
    },
    "2009-03-31": {
        "Diluted EPS": 0.16,
        "Total Revenue": 161,
        "Gross Profit": 103,
        "Operating Income": 22,
        "EBIT": 32,
        "Net Income": 10
    },
    "2023-09-30": {
        "Tax Effect Of Unusual Items": NaN,
        "Tax Rate For Calcs": NaN,
        "Normalized EBITDA": NaN,
        "Total Unusual Items": 0.0,
        "Total Unusual Items Excluding Goodwill": 0.0,
        "Net Income From Continuing Operation Net Minority Interest": NaN,
        "Reconciled Depreciation": NaN,
        "Reconciled Cost Of Revenue": NaN,
        "EBITDA": NaN,
        "EBIT": NaN,
        "Net Interest Income": NaN,
        "Interest Expense": NaN,
        "Interest Income": NaN,
        "Normalized Income": NaN,
        "Net Income From Continuing And Discontinued Operation": NaN,
        "Total Expenses": NaN,
        "Total Operating Income As Reported": NaN,
        "Diluted Average Shares": NaN,
        "Basic Average Shares": NaN,
        "Diluted EPS": NaN,
        "Basic EPS": NaN,
        "Diluted NI Availto Com Stockholders": NaN,
        "Net Income Common Stockholders": NaN,
        "Net Income": NaN,
        "Net Income Including Noncontrolling Interests": NaN,
        "Net Income Continuous Operations": NaN,
        "Tax Provision": NaN,
        "Pretax Income": NaN,
        "Other Income Expense": NaN,
        "Other Non Operating Income Expenses": NaN,
        "Special Income Charges": 0.0,
        "Gain On Sale Of Business": 0.0,
        "Net Non Operating Interest Income Expense": NaN,
        "Interest Expense Non Operating": NaN,
        "Interest Income Non Operating": NaN,
        "Operating Income": NaN,
        "Operating Expense": NaN,
        "Depreciation Amortization Depletion Income Statement": NaN,
        "Depreciation And Amortization In Income Statement": NaN,
        "Amortization": NaN,
        "Amortization Of Intangibles Income Statement": NaN,
        "Research And Development": NaN,
        "Selling General And Administration": NaN,
        "Gross Profit": NaN,
        "Cost Of Revenue": NaN,
        "Total Revenue": NaN,
        "Operating Revenue": NaN
    },
    "2023-12-31": {
        "Tax Effect Of Unusual Items": NaN,
        "Tax Rate For Calcs": NaN,
        "Normalized EBITDA": NaN,
        "Total Unusual Items": 0.0,
        "Total Unusual Items Excluding Goodwill": 0.0,
        "Net Income From Continuing Operation Net Minority Interest": NaN,
        "Reconciled Depreciation": NaN,
        "Reconciled Cost Of Revenue": NaN,
        "EBITDA": NaN,
        "EBIT": NaN,
        "Net Interest Income": NaN,
        "Interest Expense": NaN,
        "Interest Income": NaN,
        "Normalized Income": NaN,
        "Net Income From Continuing And Discontinued Operation": NaN,
        "Total Expenses": NaN,
        "Total Operating Income As Reported": NaN,
        "Diluted Average Shares": NaN,
        "Basic Average Shares": NaN,
        "Diluted EPS": NaN,
        "Basic EPS": NaN,
        "Diluted NI Availto Com Stockholders": NaN,
        "Net Income Common Stockholders": NaN,
        "Net Income": NaN,
        "Net Income Including Noncontrolling Interests": NaN,
        "Net Income Continuous Operations": NaN,
        "Tax Provision": NaN,
        "Pretax Income": NaN,
        "Other Income Expense": NaN,
        "Other Non Operating Income Expenses": NaN,
        "Special Income Charges": 0.0,
        "Gain On Sale Of Business": 0.0,
        "Impairment Of Capital Assets": NaN,
        "Net Non Operating Interest Income Expense": NaN,
        "Interest Expense Non Operating": NaN,
        "Interest Income Non Operating": NaN,
        "Operating Income": NaN,
        "Operating Expense": NaN,
        "Depreciation Amortization Depletion Income Statement": NaN,
        "Depreciation And Amortization In Income Statement": NaN,
        "Amortization": NaN,
        "Amortization Of Intangibles Income Statement": NaN,
        "Research And Development": NaN,
        "Selling General And Administration": NaN,
        "Gross Profit": NaN,
        "Cost Of Revenue": NaN,
        "Total Revenue": NaN,
        "Operating Revenue": NaN
    },
    "2024-03-31": {
        "Tax Effect Of Unusual Items": NaN,
        "Tax Rate For Calcs": NaN,
        "Normalized EBITDA": NaN,
        "Total Unusual Items": NaN,
        "Total Unusual Items Excluding Goodwill": NaN,
        "Net Income From Continuing Operation Net Minority Interest": NaN,
        "Reconciled Depreciation": NaN,
        "Reconciled Cost Of Revenue": NaN,
        "EBITDA": NaN,
        "EBIT": NaN,
        "Net Interest Income": NaN,
        "Interest Expense": NaN,
        "Interest Income": NaN,
        "Normalized Income": NaN,
        "Net Income From Continuing And Discontinued Operation": NaN,
        "Total Expenses": NaN,
        "Total Operating Income As Reported": NaN,
        "Diluted Average Shares": 78749000.0,
        "Basic Average Shares": 78749000.0,
        "Diluted EPS": -0.041664,
        "Basic EPS": -0.041664,
        "Diluted NI Availto Com Stockholders": NaN,
        "Net Income Common Stockholders": NaN,
        "Net Income": NaN,
        "Net Income Including Noncontrolling Interests": NaN,
        "Net Income Continuous Operations": NaN,
        "Tax Provision": NaN,
        "Pretax Income": NaN,
        "Other Income Expense": NaN,
        "Other Non Operating Income Expenses": NaN,
        "Special Income Charges": NaN,
        "Gain On Sale Of Business": NaN,
        "Impairment Of Capital Assets": NaN,
        "Net Non Operating Interest Income Expense": NaN,
        "Interest Expense Non Operating": NaN,
        "Interest Income Non Operating": NaN,
        "Operating Income": NaN,
        "Operating Expense": NaN,
        "Depreciation Amortization Depletion Income Statement": NaN,
        "Depreciation And Amortization In Income Statement": NaN,
        "Amortization": NaN,
        "Amortization Of Intangibles Income Statement": NaN,
        "Research And Development": NaN,
        "Selling General And Administration": NaN,
        "Gross Profit": NaN,
        "Cost Of Revenue": NaN,
        "Total Revenue": NaN,
        "Operating Revenue": NaN
    },
    "2024-06-30": {
        "Tax Effect Of Unusual Items": 0.0,
        "Tax Rate For Calcs": 0.183,
        "Normalized EBITDA": 40243000.0,
        "Total Unusual Items": NaN,
        "Total Unusual Items Excluding Goodwill": NaN,
        "Net Income From Continuing Operation Net Minority Interest": -12402000.0,
        "Reconciled Depreciation": 36777000.0,
        "Reconciled Cost Of Revenue": 159188000.0,
        "EBITDA": 40243000.0,
        "EBIT": 3466000.0,
        "Net Interest Income": -13593000.0,
        "Interest Expense": 18651000.0,
        "Interest Income": 5058000.0,
        "Normalized Income": -12402000.0,
        "Net Income From Continuing And Discontinued Operation": -12402000.0,
        "Total Expenses": 421204000.0,
        "Total Operating Income As Reported": -3029000.0,
        "Diluted Average Shares": 77583000.0,
        "Basic Average Shares": 77583000.0,
        "Diluted EPS": -0.16,
        "Basic EPS": -0.159855,
        "Diluted NI Availto Com Stockholders": -12402000.0,
        "Net Income Common Stockholders": -12402000.0,
        "Net Income": -12402000.0,
        "Net Income Including Noncontrolling Interests": -12402000.0,
        "Net Income Continuous Operations": -12402000.0,
        "Tax Provision": -2783000.0,
        "Pretax Income": -15185000.0,
        "Other Income Expense": 1437000.0,
        "Other Non Operating Income Expenses": 1437000.0,
        "Special Income Charges": NaN,
        "Gain On Sale Of Business": NaN,
        "Impairment Of Capital Assets": NaN,
        "Net Non Operating Interest Income Expense": -13593000.0,
        "Interest Expense Non Operating": 18651000.0,
        "Interest Income Non Operating": 5058000.0,
        "Operating Income": -3029000.0,
        "Operating Expense": 228946000.0,
        "Depreciation Amortization Depletion Income Statement": 3707000.0,
        "Depreciation And Amortization In Income Statement": 3707000.0,
        "Amortization": 3707000.0,
        "Amortization Of Intangibles Income Statement": 3707000.0,
        "Research And Development": 29767000.0,
        "Selling General And Administration": 195472000.0,
        "Gross Profit": 225917000.0,
        "Cost Of Revenue": 192258000.0,
        "Total Revenue": 418175000.0,
        "Operating Revenue": 418175000.0
    },
    "2024-09-30": {
        "Tax Effect Of Unusual Items": 0.0,
        "Tax Rate For Calcs": 0.21,
        "Normalized EBITDA": 34972000.0,
        "Total Unusual Items": NaN,
        "Total Unusual Items Excluding Goodwill": NaN,
        "Net Income From Continuing Operation Net Minority Interest": -10695000.0,
        "Reconciled Depreciation": 35961000.0,
        "Reconciled Cost Of Revenue": 148395000.0,
        "EBITDA": 34972000.0,
        "EBIT": -989000.0,
        "Net Interest Income": -14324000.0,
        "Interest Expense": 19373000.0,
        "Interest Income": 5049000.0,
        "Normalized Income": -10695000.0,
        "Net Income From Continuing And Discontinued Operation": -10695000.0,
        "Total Expenses": 388984000.0,
        "Total Operating Income As Reported": -8150000.0,
        "Diluted Average Shares": 77134000.0,
        "Basic Average Shares": 77134000.0,
        "Diluted EPS": -0.14,
        "Basic EPS": -0.138655,
        "Diluted NI Availto Com Stockholders": -10695000.0,
        "Net Income Common Stockholders": -10695000.0,
        "Net Income": -10695000.0,
        "Net Income Including Noncontrolling Interests": -10695000.0,
        "Net Income Continuous Operations": -10695000.0,
        "Tax Provision": -9667000.0,
        "Pretax Income": -20362000.0,
        "Other Income Expense": 2112000.0,
        "Other Non Operating Income Expenses": 2112000.0,
        "Special Income Charges": NaN,
        "Gain On Sale Of Business": NaN,
        "Impairment Of Capital Assets": NaN,
        "Net Non Operating Interest Income Expense": -14324000.0,
        "Interest Expense Non Operating": 19373000.0,
        "Interest Income Non Operating": 5049000.0,
        "Operating Income": -8150000.0,
        "Operating Expense": 208388000.0,
        "Depreciation Amortization Depletion Income Statement": 3760000.0,
        "Depreciation And Amortization In Income Statement": 3760000.0,
        "Amortization": 3760000.0,
        "Amortization Of Intangibles Income Statement": 3760000.0,
        "Research And Development": 27435000.0,
        "Selling General And Administration": 177193000.0,
        "Gross Profit": 200238000.0,
        "Cost Of Revenue": 180596000.0,
        "Total Revenue": 380834000.0,
        "Operating Revenue": 380834000.0
    },
    "2024-12-31": {
        "Tax Effect Of Unusual Items": 0.0,
        "Tax Rate For Calcs": 0.137793,
        "Normalized EBITDA": 79114000.0,
        "Total Unusual Items": NaN,
        "Total Unusual Items Excluding Goodwill": NaN,
        "Net Income From Continuing Operation Net Minority Interest": 19435000.0,
        "Reconciled Depreciation": 37589000.0,
        "Reconciled Cost Of Revenue": 159700000.0,
        "EBITDA": 79114000.0,
        "EBIT": 41525000.0,
        "Net Interest Income": -14091000.0,
        "Interest Expense": 18984000.0,
        "Interest Income": 4893000.0,
        "Normalized Income": 19435000.0,
        "Net Income From Continuing And Discontinued Operation": 19435000.0,
        "Total Expenses": 407019000.0,
        "Total Operating Income As Reported": 35627000.0,
        "Diluted Average Shares": 77164000.0,
        "Basic Average Shares": 77164000.0,
        "Diluted EPS": 0.25,
        "Basic EPS": 0.251866,
        "Diluted NI Availto Com Stockholders": 19435000.0,
        "Net Income Common Stockholders": 19435000.0,
        "Net Income": 19435000.0,
        "Net Income Including Noncontrolling Interests": 19435000.0,
        "Net Income Continuous Operations": 19435000.0,
        "Tax Provision": 3106000.0,
        "Pretax Income": 22541000.0,
        "Other Income Expense": 1005000.0,
        "Other Non Operating Income Expenses": 1005000.0,
        "Special Income Charges": NaN,
        "Gain On Sale Of Business": NaN,
        "Impairment Of Capital Assets": NaN,
        "Net Non Operating Interest Income Expense": -14091000.0,
        "Interest Expense Non Operating": 18984000.0,
        "Interest Income Non Operating": 4893000.0,
        "Operating Income": 35627000.0,
        "Operating Expense": 213445000.0,
        "Depreciation Amortization Depletion Income Statement": 3715000.0,
        "Depreciation And Amortization In Income Statement": 3715000.0,
        "Amortization": 3715000.0,
        "Amortization Of Intangibles Income Statement": 3715000.0,
        "Research And Development": 31210000.0,
        "Selling General And Administration": 178520000.0,
        "Gross Profit": 249072000.0,
        "Cost Of Revenue": 193574000.0,
        "Total Revenue": 442646000.0,
        "Operating Revenue": 442646000.0
    },
    "2025-03-31": {
        "Tax Effect Of Unusual Items": 0.0,
        "Tax Rate For Calcs": 0.158,
        "Normalized EBITDA": 25967000.0,
        "Total Unusual Items": NaN,
        "Total Unusual Items Excluding Goodwill": NaN,
        "Net Income From Continuing Operation Net Minority Interest": -25293000.0,
        "Reconciled Depreciation": 37188000.0,
        "Reconciled Cost Of Revenue": 154737000.0,
        "EBITDA": 25967000.0,
        "EBIT": -11221000.0,
        "Net Interest Income": -14395000.0,
        "Interest Expense": 18815000.0,
        "Interest Income": 4420000.0,
        "Normalized Income": -25293000.0,
        "Net Income From Continuing And Discontinued Operation": -25293000.0,
        "Total Expenses": 398150000.0,
        "Total Operating Income As Reported": -15497000.0,
        "Diluted Average Shares": 77712000.0,
        "Basic Average Shares": 77712000.0,
        "Diluted EPS": -0.33,
        "Basic EPS": -0.325471,
        "Diluted NI Availto Com Stockholders": -25293000.0,
        "Net Income Common Stockholders": -25293000.0,
        "Net Income": -25293000.0,
        "Net Income Including Noncontrolling Interests": -25293000.0,
        "Net Income Continuous Operations": -25293000.0,
        "Tax Provision": -4743000.0,
        "Pretax Income": -30036000.0,
        "Other Income Expense": -144000.0,
        "Other Non Operating Income Expenses": -144000.0,
        "Special Income Charges": NaN,
        "Gain On Sale Of Business": NaN,
        "Impairment Of Capital Assets": NaN,
        "Net Non Operating Interest Income Expense": -14395000.0,
        "Interest Expense Non Operating": 18815000.0,
        "Interest Income Non Operating": 4420000.0,
        "Operating Income": -15497000.0,
        "Operating Expense": 209929000.0,
        "Depreciation Amortization Depletion Income Statement": 3704000.0,
        "Depreciation And Amortization In Income Statement": 3704000.0,
        "Amortization": 3704000.0,
        "Amortization Of Intangibles Income Statement": 3704000.0,
        "Research And Development": 24728000.0,
        "Selling General And Administration": 181497000.0,
        "Gross Profit": 194432000.0,
        "Cost Of Revenue": 188221000.0,
        "Total Revenue": 382653000.0,
        "Operating Revenue": 382653000.0
    },
    "2025-06-30": {
        "Tax Effect Of Unusual Items": -45149617.733806,
        "Tax Rate For Calcs": 0.088292,
        "Normalized EBITDA": 39147000.0,
        "Total Unusual Items": -511365000.0,
        "Total Unusual Items Excluding Goodwill": -511365000.0,
        "Net Income From Continuing Operation Net Minority Interest": -484073000.0,
        "Reconciled Depreciation": 37692000.0,
        "Reconciled Cost Of Revenue": 172335000.0,
        "EBITDA": -472218000.0,
        "EBIT": -509910000.0,
        "Net Interest Income": -16332000.0,
        "Interest Expense": 21042000.0,
        "Interest Income": 4710000.0,
        "Normalized Income": -17857617.733806,
        "Net Income From Continuing And Discontinued Operation": -484073000.0,
        "Total Expenses": 416914000.0,
        "Total Operating Income As Reported": -512674000.0,
        "Diluted Average Shares": NaN,
        "Basic Average Shares": NaN,
        "Diluted EPS": NaN,
        "Basic EPS": NaN,
        "Diluted NI Availto Com Stockholders": -484073000.0,
        "Net Income Common Stockholders": -484073000.0,
        "Net Income": -484073000.0,
        "Net Income Including Noncontrolling Interests": -484073000.0,
        "Net Income Continuous Operations": -484073000.0,
        "Tax Provision": -46879000.0,
        "Pretax Income": -530952000.0,
        "Other Income Expense": -513311000.0,
        "Other Non Operating Income Expenses": -1946000.0,
        "Special Income Charges": -511365000.0,
        "Gain On Sale Of Business": NaN,
        "Impairment Of Capital Assets": 511365000.0,
        "Net Non Operating Interest Income Expense": -16332000.0,
        "Interest Expense Non Operating": 21042000.0,
        "Interest Income Non Operating": 4710000.0,
        "Operating Income": -1309000.0,
        "Operating Expense": 210641000.0,
        "Depreciation Amortization Depletion Income Statement": 3754000.0,
        "Depreciation And Amortization In Income Statement": 3754000.0,
        "Amortization": 3754000.0,
        "Amortization Of Intangibles Income Statement": 3754000.0,
        "Research And Development": 26997000.0,
        "Selling General And Administration": 179890000.0,
        "Gross Profit": 209332000.0,
        "Cost Of Revenue": 206273000.0,
        "Total Revenue": 415605000.0,
        "Operating Revenue": 415605000.0
    }
}