{
    "2023-03-31": {
        "Tax Effect Of Unusual Items": NaN,
        "Tax Rate For Calcs": NaN,
        "Normalized EBITDA": NaN,
        "Total Unusual Items": NaN,
        "Total Unusual Items Excluding Goodwill": NaN,
        "Net Income From Continuing Operation Net Minority Interest": NaN,
        "Reconciled Depreciation": NaN,
        "Reconciled Cost Of Revenue": NaN,
        "EBITDA": NaN,
        "EBIT": NaN,
        "Net Interest Income": NaN,
        "Interest Expense": NaN,
        "Normalized Income": NaN,
        "Net Income From Continuing And Discontinued Operation": NaN,
        "Total Expenses": NaN,
        "Total Operating Income As Reported": NaN,
        "Diluted Average Shares": 157884615.0,
        "Basic Average Shares": 154315219.0,
        "Diluted EPS": 0.02,
        "Basic EPS": 0.02,
        "Diluted NI Availto Com Stockholders": NaN,
        "Net Income Common Stockholders": NaN,
        "Net Income": NaN,
        "Net Income Including Noncontrolling Interests": NaN,
        "Net Income Continuous Operations": NaN,
        "Tax Provision": NaN,
        "Pretax Income": NaN,
        "Other Income Expense": NaN,
        "Gain On Sale Of Security": NaN,
        "Net Non Operating Interest Income Expense": NaN,
        "Interest Expense Non Operating": NaN,
        "Operating Income": NaN,
        "Operating Expense": NaN,
        "Depreciation Amortization Depletion Income Statement": NaN,
        "Depreciation And Amortization In Income Statement": NaN,
        "Amortization": NaN,
        "Amortization Of Intangibles Income Statement": NaN,
        "Depreciation Income Statement": NaN,
        "Research And Development": NaN,
        "Selling General And Administration": NaN,
        "Selling And Marketing Expense": NaN,
        "General And Administrative Expense": NaN,
        "Other Gand A": NaN,
        "Gross Profit": NaN,
        "Cost Of Revenue": NaN,
        "Total Revenue": NaN,
        "Operating Revenue": NaN
    },
    "2022-12-31": {
        "Tax Effect Of Unusual Items": NaN,
        "Tax Rate For Calcs": NaN,
        "Normalized EBITDA": NaN,
        "Total Unusual Items": NaN,
        "Total Unusual Items Excluding Goodwill": NaN,
        "Net Income From Continuing Operation Net Minority Interest": NaN,
        "Reconciled Depreciation": NaN,
        "Reconciled Cost Of Revenue": NaN,
        "EBITDA": NaN,
        "EBIT": NaN,
        "Net Interest Income": NaN,
        "Interest Expense": NaN,
        "Normalized Income": NaN,
        "Net Income From Continuing And Discontinued Operation": NaN,
        "Total Expenses": NaN,
        "Total Operating Income As Reported": NaN,
        "Diluted Average Shares": NaN,
        "Basic Average Shares": NaN,
        "Diluted EPS": NaN,
        "Basic EPS": NaN,
        "Diluted NI Availto Com Stockholders": NaN,
        "Net Income Common Stockholders": NaN,
        "Net Income": NaN,
        "Net Income Including Noncontrolling Interests": NaN,
        "Net Income Continuous Operations": NaN,
        "Tax Provision": NaN,
        "Pretax Income": NaN,
        "Other Income Expense": NaN,
        "Other Non Operating Income Expenses": 0.0,
        "Special Income Charges": 0.0,
        "Gain On Sale Of Security": NaN,
        "Net Non Operating Interest Income Expense": NaN,
        "Interest Expense Non Operating": NaN,
        "Operating Income": NaN,
        "Operating Expense": NaN,
        "Depreciation Amortization Depletion Income Statement": NaN,
        "Depreciation And Amortization In Income Statement": NaN,
        "Amortization": NaN,
        "Amortization Of Intangibles Income Statement": NaN,
        "Depreciation Income Statement": NaN,
        "Research And Development": NaN,
        "Selling General And Administration": NaN,
        "Selling And Marketing Expense": NaN,
        "General And Administrative Expense": NaN,
        "Other Gand A": NaN,
        "Gross Profit": NaN,
        "Cost Of Revenue": NaN,
        "Total Revenue": NaN,
        "Operating Revenue": NaN
    },
    "2022-09-30": {
        "Tax Effect Of Unusual Items": NaN,
        "Tax Rate For Calcs": NaN,
        "Normalized EBITDA": NaN,
        "Total Unusual Items": NaN,
        "Total Unusual Items Excluding Goodwill": NaN,
        "Net Income From Continuing Operation Net Minority Interest": NaN,
        "Reconciled Depreciation": NaN,
        "Reconciled Cost Of Revenue": NaN,
        "EBITDA": NaN,
        "EBIT": NaN,
        "Net Interest Income": NaN,
        "Interest Expense": NaN,
        "Normalized Income": NaN,
        "Net Income From Continuing And Discontinued Operation": NaN,
        "Total Expenses": NaN,
        "Total Operating Income As Reported": NaN,
        "Diluted Average Shares": NaN,
        "Basic Average Shares": NaN,
        "Diluted EPS": NaN,
        "Basic EPS": NaN,
        "Diluted NI Availto Com Stockholders": NaN,
        "Net Income Common Stockholders": NaN,
        "Net Income": NaN,
        "Net Income Including Noncontrolling Interests": NaN,
        "Net Income Continuous Operations": NaN,
        "Tax Provision": NaN,
        "Pretax Income": NaN,
        "Other Income Expense": NaN,
        "Other Non Operating Income Expenses": 6981000.0,
        "Special Income Charges": 0.0,
        "Gain On Sale Of Security": NaN,
        "Net Non Operating Interest Income Expense": NaN,
        "Interest Expense Non Operating": NaN,
        "Operating Income": NaN,
        "Operating Expense": NaN,
        "Depreciation Amortization Depletion Income Statement": NaN,
        "Depreciation And Amortization In Income Statement": NaN,
        "Amortization": 12383000.0,
        "Amortization Of Intangibles Income Statement": 12383000.0,
        "Depreciation Income Statement": 234000.0,
        "Research And Development": NaN,
        "Selling General And Administration": NaN,
        "Selling And Marketing Expense": NaN,
        "General And Administrative Expense": NaN,
        "Other Gand A": NaN,
        "Gross Profit": NaN,
        "Cost Of Revenue": NaN,
        "Total Revenue": NaN,
        "Operating Revenue": NaN
    },
    "2022-06-30": {
        "Tax Effect Of Unusual Items": 0.0,
        "Tax Rate For Calcs": 0.4,
        "Normalized EBITDA": 19256000.0,
        "Total Unusual Items": NaN,
        "Total Unusual Items Excluding Goodwill": NaN,
        "Net Income From Continuing Operation Net Minority Interest": 1961000.0,
        "Reconciled Depreciation": 12510000.0,
        "Reconciled Cost Of Revenue": 18132000.0,
        "EBITDA": 19256000.0,
        "EBIT": 6746000.0,
        "Net Interest Income": -1814000.0,
        "Interest Expense": 1814000.0,
        "Normalized Income": 1961000.0,
        "Net Income From Continuing And Discontinued Operation": 1961000.0,
        "Total Expenses": 93582000.0,
        "Total Operating Income As Reported": 6746000.0,
        "Diluted Average Shares": 156973684.0,
        "Basic Average Shares": 155140684.0,
        "Diluted EPS": 0.01,
        "Basic EPS": 0.01,
        "Diluted NI Availto Com Stockholders": 1961000.0,
        "Net Income Common Stockholders": 1961000.0,
        "Net Income": 1961000.0,
        "Net Income Including Noncontrolling Interests": 1961000.0,
        "Net Income Continuous Operations": 1961000.0,
        "Tax Provision": 2971000.0,
        "Pretax Income": 4932000.0,
        "Other Income Expense": NaN,
        "Other Non Operating Income Expenses": NaN,
        "Special Income Charges": NaN,
        "Restructuring And Mergern Acquisition": NaN,
        "Gain On Sale Of Security": NaN,
        "Net Non Operating Interest Income Expense": -1814000.0,
        "Interest Expense Non Operating": 1814000.0,
        "Operating Income": 6746000.0,
        "Operating Expense": 75450000.0,
        "Depreciation Amortization Depletion Income Statement": 12510000.0,
        "Depreciation And Amortization In Income Statement": 12510000.0,
        "Amortization": 12293000.0,
        "Amortization Of Intangibles Income Statement": 12293000.0,
        "Depreciation Income Statement": 217000.0,
        "Research And Development": 17624000.0,
        "Selling General And Administration": 45316000.0,
        "Selling And Marketing Expense": 26482000.0,
        "General And Administrative Expense": 18834000.0,
        "Other Gand A": 18834000.0,
        "Gross Profit": 82196000.0,
        "Cost Of Revenue": 18132000.0,
        "Total Revenue": 100328000.0,
        "Operating Revenue": 100328000.0
    },
    "2022-03-31": {
        "Diluted EPS": 0.01,
        "Total Revenue": 89,
        "Gross Profit": 73,
        "Operating Income": 3,
        "EBIT": 16,
        "Net Income": 1
    },
    "2021-12-31": {
        "Diluted EPS": -0.03,
        "Total Revenue": 102,
        "Gross Profit": 86,
        "Operating Income": -2,
        "EBIT": 15,
        "Net Income": -5
    },
    "2021-09-30": {
        "Diluted EPS": -0.06,
        "Total Revenue": 79,
        "Gross Profit": 65,
        "Operating Income": -1,
        "EBIT": 15,
        "Net Income": -10
    },
    "2021-06-30": {
        "Diluted EPS": -0.26,
        "Total Revenue": 75,
        "Gross Profit": 62,
        "Operating Income": -33,
        "EBIT": -18,
        "Net Income": -35
    },
    "2021-03-31": {
        "Diluted EPS": -0.02,
        "Total Revenue": 67,
        "Gross Profit": 56,
        "Operating Income": 3,
        "EBIT": 18,
        "Net Income": -3
    },
    "2020-12-31": {
        "Diluted EPS": 0.0,
        "Total Revenue": NaN,
        "Gross Profit": NaN,
        "Operating Income": NaN,
        "EBIT": NaN,
        "Net Income": NaN
    },
    "2020-09-30": {
        "Diluted EPS": -0.03,
        "Total Revenue": 60,
        "Gross Profit": 50,
        "Operating Income": 2,
        "EBIT": 19,
        "Net Income": -4
    },
    "2020-06-30": {
        "Diluted EPS": -0.12,
        "Total Revenue": 48,
        "Gross Profit": 40,
        "Operating Income": -14,
        "EBIT": -14,
        "Net Income": -16
    },
    "2019-12-31": {
        "Diluted EPS": 0.0,
        "Total Revenue": NaN,
        "Gross Profit": NaN,
        "Operating Income": NaN,
        "EBIT": NaN,
        "Net Income": NaN
    },
    "2023-06-30": {
        "Tax Effect Of Unusual Items": NaN,
        "Tax Rate For Calcs": NaN,
        "Normalized EBITDA": NaN,
        "Total Unusual Items": NaN,
        "Total Unusual Items Excluding Goodwill": NaN,
        "Net Income From Continuing Operation Net Minority Interest": NaN,
        "Reconciled Depreciation": NaN,
        "Reconciled Cost Of Revenue": NaN,
        "EBITDA": NaN,
        "EBIT": NaN,
        "Net Interest Income": NaN,
        "Interest Expense": NaN,
        "Normalized Income": NaN,
        "Net Income From Continuing And Discontinued Operation": NaN,
        "Total Expenses": NaN,
        "Total Operating Income As Reported": NaN,
        "Diluted Average Shares": NaN,
        "Basic Average Shares": NaN,
        "Diluted EPS": NaN,
        "Basic EPS": NaN,
        "Diluted NI Availto Com Stockholders": NaN,
        "Net Income Common Stockholders": NaN,
        "Net Income": NaN,
        "Net Income Including Noncontrolling Interests": NaN,
        "Net Income Continuous Operations": NaN,
        "Tax Provision": NaN,
        "Pretax Income": NaN,
        "Other Income Expense": NaN,
        "Gain On Sale Of Security": NaN,
        "Net Non Operating Interest Income Expense": NaN,
        "Interest Expense Non Operating": NaN,
        "Operating Income": NaN,
        "Operating Expense": NaN,
        "Depreciation Amortization Depletion Income Statement": NaN,
        "Depreciation And Amortization In Income Statement": NaN,
        "Amortization": 13234000.0,
        "Amortization Of Intangibles Income Statement": 13234000.0,
        "Depreciation Income Statement": 287000.0,
        "Research And Development": NaN,
        "Selling General And Administration": NaN,
        "Selling And Marketing Expense": NaN,
        "General And Administrative Expense": NaN,
        "Other Gand A": NaN,
        "Gross Profit": NaN,
        "Cost Of Revenue": NaN,
        "Total Revenue": NaN,
        "Operating Revenue": NaN
    },
    "2023-09-30": {
        "Tax Effect Of Unusual Items": NaN,
        "Tax Rate For Calcs": NaN,
        "Normalized EBITDA": NaN,
        "Total Unusual Items": NaN,
        "Total Unusual Items Excluding Goodwill": NaN,
        "Net Income From Continuing Operation Net Minority Interest": NaN,
        "Reconciled Depreciation": NaN,
        "Reconciled Cost Of Revenue": NaN,
        "EBITDA": NaN,
        "EBIT": NaN,
        "Net Interest Income": NaN,
        "Interest Expense": NaN,
        "Normalized Income": NaN,
        "Net Income From Continuing And Discontinued Operation": NaN,
        "Total Expenses": NaN,
        "Total Operating Income As Reported": NaN,
        "Diluted Average Shares": 157055904.0,
        "Basic Average Shares": 157055904.0,
        "Diluted EPS": -0.09,
        "Basic EPS": -0.09,
        "Diluted NI Availto Com Stockholders": NaN,
        "Net Income Common Stockholders": NaN,
        "Net Income": NaN,
        "Net Income Including Noncontrolling Interests": NaN,
        "Net Income Continuous Operations": NaN,
        "Tax Provision": NaN,
        "Pretax Income": NaN,
        "Other Income Expense": NaN,
        "Gain On Sale Of Security": NaN,
        "Net Non Operating Interest Income Expense": NaN,
        "Interest Expense Non Operating": NaN,
        "Operating Income": NaN,
        "Operating Expense": NaN,
        "Depreciation Amortization Depletion Income Statement": NaN,
        "Depreciation And Amortization In Income Statement": NaN,
        "Amortization": NaN,
        "Amortization Of Intangibles Income Statement": NaN,
        "Depreciation Income Statement": NaN,
        "Research And Development": NaN,
        "Selling General And Administration": NaN,
        "Selling And Marketing Expense": NaN,
        "General And Administrative Expense": NaN,
        "Other Gand A": NaN,
        "Gross Profit": NaN,
        "Cost Of Revenue": NaN,
        "Total Revenue": NaN,
        "Operating Revenue": NaN
    },
    "2023-12-31": {
        "Tax Effect Of Unusual Items": 137844.672657,
        "Tax Rate For Calcs": 0.275139,
        "Normalized EBITDA": 30603000.0,
        "Total Unusual Items": 501000.0,
        "Total Unusual Items Excluding Goodwill": 501000.0,
        "Net Income From Continuing Operation Net Minority Interest": 10164000.0,
        "Reconciled Depreciation": 14593000.0,
        "Reconciled Cost Of Revenue": 28252000.0,
        "EBITDA": 31104000.0,
        "EBIT": 16511000.0,
        "Net Interest Income": -2489000.0,
        "Interest Expense": 2489000.0,
        "Normalized Income": 9800844.672657,
        "Net Income From Continuing And Discontinued Operation": 10164000.0,
        "Total Expenses": 118285000.0,
        "Total Operating Income As Reported": 16511000.0,
        "Diluted Average Shares": NaN,
        "Basic Average Shares": NaN,
        "Diluted EPS": NaN,
        "Basic EPS": NaN,
        "Diluted NI Availto Com Stockholders": 10164000.0,
        "Net Income Common Stockholders": 10164000.0,
        "Net Income": 10164000.0,
        "Net Income Including Noncontrolling Interests": 10164000.0,
        "Net Income Continuous Operations": 10164000.0,
        "Tax Provision": 3858000.0,
        "Pretax Income": 14022000.0,
        "Other Income Expense": 501000.0,
        "Gain On Sale Of Security": 501000.0,
        "Net Non Operating Interest Income Expense": -2489000.0,
        "Interest Expense Non Operating": 2489000.0,
        "Operating Income": 16010000.0,
        "Operating Expense": 90033000.0,
        "Depreciation Amortization Depletion Income Statement": 14593000.0,
        "Depreciation And Amortization In Income Statement": 14593000.0,
        "Amortization": NaN,
        "Amortization Of Intangibles Income Statement": NaN,
        "Depreciation Income Statement": NaN,
        "Research And Development": 19056000.0,
        "Selling General And Administration": 56384000.0,
        "Selling And Marketing Expense": 30423000.0,
        "General And Administrative Expense": 25961000.0,
        "Other Gand A": 25961000.0,
        "Gross Profit": 106043000.0,
        "Cost Of Revenue": 28252000.0,
        "Total Revenue": 134295000.0,
        "Operating Revenue": 134295000.0
    },
    "2024-03-31": {
        "Tax Effect Of Unusual Items": NaN,
        "Tax Rate For Calcs": NaN,
        "Normalized EBITDA": NaN,
        "Total Unusual Items": NaN,
        "Total Unusual Items Excluding Goodwill": NaN,
        "Net Income From Continuing Operation Net Minority Interest": NaN,
        "Reconciled Depreciation": NaN,
        "Reconciled Cost Of Revenue": NaN,
        "EBITDA": NaN,
        "EBIT": NaN,
        "Net Interest Income": NaN,
        "Interest Expense": 1926000.0,
        "Normalized Income": NaN,
        "Net Income From Continuing And Discontinued Operation": NaN,
        "Total Expenses": NaN,
        "Total Operating Income As Reported": NaN,
        "Diluted Average Shares": NaN,
        "Basic Average Shares": NaN,
        "Diluted EPS": NaN,
        "Basic EPS": NaN,
        "Diluted NI Availto Com Stockholders": NaN,
        "Net Income Common Stockholders": NaN,
        "Net Income": NaN,
        "Net Income Including Noncontrolling Interests": NaN,
        "Net Income Continuous Operations": NaN,
        "Tax Provision": NaN,
        "Pretax Income": NaN,
        "Other Income Expense": NaN,
        "Gain On Sale Of Security": NaN,
        "Net Non Operating Interest Income Expense": NaN,
        "Total Other Finance Cost": NaN,
        "Interest Expense Non Operating": 1926000.0,
        "Operating Income": NaN,
        "Operating Expense": NaN,
        "Depreciation Amortization Depletion Income Statement": NaN,
        "Depreciation And Amortization In Income Statement": NaN,
        "Amortization": NaN,
        "Amortization Of Intangibles Income Statement": NaN,
        "Depreciation Income Statement": NaN,
        "Research And Development": NaN,
        "Selling General And Administration": NaN,
        "Selling And Marketing Expense": NaN,
        "General And Administrative Expense": NaN,
        "Other Gand A": NaN,
        "Gross Profit": NaN,
        "Cost Of Revenue": NaN,
        "Total Revenue": NaN,
        "Operating Revenue": NaN
    },
    "2024-06-30": {
        "Tax Effect Of Unusual Items": NaN,
        "Tax Rate For Calcs": NaN,
        "Normalized EBITDA": NaN,
        "Total Unusual Items": NaN,
        "Total Unusual Items Excluding Goodwill": NaN,
        "Net Income From Continuing Operation Net Minority Interest": NaN,
        "Reconciled Depreciation": NaN,
        "Reconciled Cost Of Revenue": NaN,
        "EBITDA": NaN,
        "EBIT": NaN,
        "Net Interest Income": NaN,
        "Interest Expense": 1536000.0,
        "Normalized Income": NaN,
        "Net Income From Continuing And Discontinued Operation": NaN,
        "Total Expenses": NaN,
        "Total Operating Income As Reported": NaN,
        "Diluted Average Shares": NaN,
        "Basic Average Shares": NaN,
        "Diluted EPS": NaN,
        "Basic EPS": NaN,
        "Diluted NI Availto Com Stockholders": NaN,
        "Net Income Common Stockholders": NaN,
        "Net Income": NaN,
        "Net Income Including Noncontrolling Interests": NaN,
        "Net Income Continuous Operations": NaN,
        "Tax Provision": NaN,
        "Pretax Income": NaN,
        "Other Income Expense": NaN,
        "Gain On Sale Of Security": NaN,
        "Net Non Operating Interest Income Expense": NaN,
        "Total Other Finance Cost": 1536000.0,
        "Interest Expense Non Operating": 1536000.0,
        "Operating Income": NaN,
        "Operating Expense": NaN,
        "Depreciation Amortization Depletion Income Statement": NaN,
        "Depreciation And Amortization In Income Statement": NaN,
        "Amortization": 15375000.0,
        "Amortization Of Intangibles Income Statement": 15375000.0,
        "Depreciation Income Statement": 334000.0,
        "Research And Development": NaN,
        "Selling General And Administration": NaN,
        "Selling And Marketing Expense": NaN,
        "General And Administrative Expense": NaN,
        "Other Gand A": NaN,
        "Gross Profit": NaN,
        "Cost Of Revenue": NaN,
        "Total Revenue": NaN,
        "Operating Revenue": NaN
    },
    "2024-09-30": {
        "Tax Effect Of Unusual Items": 383229.0,
        "Tax Rate For Calcs": 0.147,
        "Normalized EBITDA": 31216000.0,
        "Total Unusual Items": 2607000.0,
        "Total Unusual Items Excluding Goodwill": 2607000.0,
        "Net Income From Continuing Operation Net Minority Interest": 16089000.0,
        "Reconciled Depreciation": 16243000.0,
        "Reconciled Cost Of Revenue": 27373000.0,
        "EBITDA": 33823000.0,
        "EBIT": 17580000.0,
        "Net Interest Income": -1325000.0,
        "Interest Expense": 1325000.0,
        "Normalized Income": 13865229.0,
        "Net Income From Continuing And Discontinued Operation": 16089000.0,
        "Total Expenses": 115948000.0,
        "Total Operating Income As Reported": 20187000.0,
        "Diluted Average Shares": 165084108.0,
        "Basic Average Shares": 161663506.0,
        "Diluted EPS": 0.1,
        "Basic EPS": 0.1,
        "Diluted NI Availto Com Stockholders": 16089000.0,
        "Net Income Common Stockholders": 16089000.0,
        "Net Income": 16089000.0,
        "Net Income Including Noncontrolling Interests": 16089000.0,
        "Net Income Continuous Operations": 16089000.0,
        "Tax Provision": 2773000.0,
        "Pretax Income": 18862000.0,
        "Other Income Expense": 2607000.0,
        "Gain On Sale Of Security": 2607000.0,
        "Net Non Operating Interest Income Expense": -1325000.0,
        "Total Other Finance Cost": NaN,
        "Interest Expense Non Operating": 1325000.0,
        "Operating Income": 17580000.0,
        "Operating Expense": 88575000.0,
        "Depreciation Amortization Depletion Income Statement": 16243000.0,
        "Depreciation And Amortization In Income Statement": 16243000.0,
        "Amortization": NaN,
        "Amortization Of Intangibles Income Statement": NaN,
        "Depreciation Income Statement": NaN,
        "Research And Development": 16840000.0,
        "Selling General And Administration": 55492000.0,
        "Selling And Marketing Expense": 30144000.0,
        "General And Administrative Expense": 25348000.0,
        "Other Gand A": 25348000.0,
        "Gross Profit": 106155000.0,
        "Cost Of Revenue": 27373000.0,
        "Total Revenue": 133528000.0,
        "Operating Revenue": 133528000.0
    },
    "2024-12-31": {
        "Tax Effect Of Unusual Items": -1802988.934328,
        "Tax Rate For Calcs": 0.38774,
        "Normalized EBITDA": 47097000.0,
        "Total Unusual Items": -4650000.0,
        "Total Unusual Items Excluding Goodwill": -4650000.0,
        "Net Income From Continuing Operation Net Minority Interest": 15271000.0,
        "Reconciled Depreciation": 16934000.0,
        "Reconciled Cost Of Revenue": 33332000.0,
        "EBITDA": 42447000.0,
        "EBIT": 25513000.0,
        "Net Interest Income": -571000.0,
        "Interest Expense": 571000.0,
        "Normalized Income": 18118011.065672,
        "Net Income From Continuing And Discontinued Operation": 15271000.0,
        "Total Expenses": 122875000.0,
        "Total Operating Income As Reported": 25513000.0,
        "Diluted Average Shares": 166541025.0,
        "Basic Average Shares": 162643523.0,
        "Diluted EPS": 0.09,
        "Basic EPS": 0.09,
        "Diluted NI Availto Com Stockholders": 15271000.0,
        "Net Income Common Stockholders": 15271000.0,
        "Net Income": 15271000.0,
        "Net Income Including Noncontrolling Interests": 15271000.0,
        "Net Income Continuous Operations": 15271000.0,
        "Tax Provision": 9671000.0,
        "Pretax Income": 24942000.0,
        "Other Income Expense": -4650000.0,
        "Gain On Sale Of Security": -4650000.0,
        "Net Non Operating Interest Income Expense": -571000.0,
        "Total Other Finance Cost": NaN,
        "Interest Expense Non Operating": 571000.0,
        "Operating Income": 30163000.0,
        "Operating Expense": 89543000.0,
        "Depreciation Amortization Depletion Income Statement": 16934000.0,
        "Depreciation And Amortization In Income Statement": 16934000.0,
        "Amortization": NaN,
        "Amortization Of Intangibles Income Statement": NaN,
        "Depreciation Income Statement": NaN,
        "Research And Development": 17546000.0,
        "Selling General And Administration": 55063000.0,
        "Selling And Marketing Expense": 30753000.0,
        "General And Administrative Expense": 24310000.0,
        "Other Gand A": 24310000.0,
        "Gross Profit": 119706000.0,
        "Cost Of Revenue": 33332000.0,
        "Total Revenue": 153038000.0,
        "Operating Revenue": 153038000.0
    },
    "2025-03-31": {
        "Tax Effect Of Unusual Items": 595404.0,
        "Tax Rate For Calcs": 0.298,
        "Normalized EBITDA": 25916000.0,
        "Total Unusual Items": 1998000.0,
        "Total Unusual Items Excluding Goodwill": 1998000.0,
        "Net Income From Continuing Operation Net Minority Interest": 7993000.0,
        "Reconciled Depreciation": 16463000.0,
        "Reconciled Cost Of Revenue": 30126000.0,
        "EBITDA": 27914000.0,
        "EBIT": 11451000.0,
        "Net Interest Income": -72000.0,
        "Interest Expense": 72000.0,
        "Normalized Income": 6590404.0,
        "Net Income From Continuing And Discontinued Operation": 7993000.0,
        "Total Expenses": 124613000.0,
        "Total Operating Income As Reported": 11451000.0,
        "Diluted Average Shares": 166811853.0,
        "Basic Average Shares": 163646444.0,
        "Diluted EPS": 0.05,
        "Basic EPS": 0.05,
        "Diluted NI Availto Com Stockholders": 7993000.0,
        "Net Income Common Stockholders": 7993000.0,
        "Net Income": 7993000.0,
        "Net Income Including Noncontrolling Interests": 7993000.0,
        "Net Income Continuous Operations": 7993000.0,
        "Tax Provision": 3386000.0,
        "Pretax Income": 11379000.0,
        "Other Income Expense": 1998000.0,
        "Gain On Sale Of Security": 1998000.0,
        "Net Non Operating Interest Income Expense": -72000.0,
        "Total Other Finance Cost": NaN,
        "Interest Expense Non Operating": 72000.0,
        "Operating Income": 9453000.0,
        "Operating Expense": 94487000.0,
        "Depreciation Amortization Depletion Income Statement": 16463000.0,
        "Depreciation And Amortization In Income Statement": 16463000.0,
        "Amortization": NaN,
        "Amortization Of Intangibles Income Statement": NaN,
        "Depreciation Income Statement": NaN,
        "Research And Development": 19700000.0,
        "Selling General And Administration": 58324000.0,
        "Selling And Marketing Expense": 32128000.0,
        "General And Administrative Expense": 26196000.0,
        "Other Gand A": 26196000.0,
        "Gross Profit": 103940000.0,
        "Cost Of Revenue": 30126000.0,
        "Total Revenue": 134066000.0,
        "Operating Revenue": 134066000.0
    },
    "2025-06-30": {
        "Tax Effect Of Unusual Items": 1289386.0,
        "Tax Rate For Calcs": 0.223,
        "Normalized EBITDA": 26630000.0,
        "Total Unusual Items": 5782000.0,
        "Total Unusual Items Excluding Goodwill": 5782000.0,
        "Net Income From Continuing Operation Net Minority Interest": 16408000.0,
        "Reconciled Depreciation": 17242000.0,
        "Reconciled Cost Of Revenue": 34349000.0,
        "EBITDA": 32412000.0,
        "EBIT": 15170000.0,
        "Net Interest Income": 157000.0,
        "Interest Expense": NaN,
        "Normalized Income": 11915386.0,
        "Net Income From Continuing And Discontinued Operation": 16408000.0,
        "Total Expenses": 134034000.0,
        "Total Operating Income As Reported": 20952000.0,
        "Diluted Average Shares": 167347688.0,
        "Basic Average Shares": 165018978.0,
        "Diluted EPS": 0.1,
        "Basic EPS": 0.1,
        "Diluted NI Availto Com Stockholders": 16408000.0,
        "Net Income Common Stockholders": 16408000.0,
        "Net Income": 16408000.0,
        "Net Income Including Noncontrolling Interests": 16408000.0,
        "Net Income Continuous Operations": 16408000.0,
        "Tax Provision": 4701000.0,
        "Pretax Income": 21109000.0,
        "Other Income Expense": 5782000.0,
        "Gain On Sale Of Security": 5782000.0,
        "Net Non Operating Interest Income Expense": 157000.0,
        "Total Other Finance Cost": -157000.0,
        "Interest Expense Non Operating": NaN,
        "Operating Income": 15170000.0,
        "Operating Expense": 99685000.0,
        "Depreciation Amortization Depletion Income Statement": 17242000.0,
        "Depreciation And Amortization In Income Statement": 17242000.0,
        "Amortization": NaN,
        "Amortization Of Intangibles Income Statement": NaN,
        "Depreciation Income Statement": NaN,
        "Research And Development": 20099000.0,
        "Selling General And Administration": 62344000.0,
        "Selling And Marketing Expense": 35798000.0,
        "General And Administrative Expense": 26546000.0,
        "Other Gand A": 26546000.0,
        "Gross Profit": 114855000.0,
        "Cost Of Revenue": 34349000.0,
        "Total Revenue": 149204000.0,
        "Operating Revenue": 149204000.0
    },
    "2025-09-30": {
        "Tax Effect Of Unusual Items": -92046.0,
        "Tax Rate For Calcs": 0.138,
        "Normalized EBITDA": 26808000.0,
        "Total Unusual Items": -667000.0,
        "Total Unusual Items Excluding Goodwill": -667000.0,
        "Net Income From Continuing Operation Net Minority Interest": 7045000.0,
        "Reconciled Depreciation": 17900000.0,
        "Reconciled Cost Of Revenue": 35553000.0,
        "EBITDA": 26141000.0,
        "EBIT": 8241000.0,
        "Net Interest Income": 595000.0,
        "Interest Expense": NaN,
        "Normalized Income": 7619954.0,
        "Net Income From Continuing And Discontinued Operation": 7045000.0,
        "Total Expenses": 146117000.0,
        "Total Operating Income As Reported": 7574000.0,
        "Diluted Average Shares": 169800709.0,
        "Basic Average Shares": 166473735.0,
        "Diluted EPS": 0.04,
        "Basic EPS": 0.04,
        "Diluted NI Availto Com Stockholders": 7045000.0,
        "Net Income Common Stockholders": 7045000.0,
        "Net Income": 7045000.0,
        "Net Income Including Noncontrolling Interests": 7045000.0,
        "Net Income Continuous Operations": 7045000.0,
        "Tax Provision": 1124000.0,
        "Pretax Income": 8169000.0,
        "Other Income Expense": -667000.0,
        "Gain On Sale Of Security": -667000.0,
        "Net Non Operating Interest Income Expense": 595000.0,
        "Total Other Finance Cost": -595000.0,
        "Interest Expense Non Operating": NaN,
        "Operating Income": 8241000.0,
        "Operating Expense": 110564000.0,
        "Depreciation Amortization Depletion Income Statement": 17900000.0,
        "Depreciation And Amortization In Income Statement": 17900000.0,
        "Amortization": NaN,
        "Amortization Of Intangibles Income Statement": NaN,
        "Depreciation Income Statement": NaN,
        "Research And Development": 22632000.0,
        "Selling General And Administration": 70032000.0,
        "Selling And Marketing Expense": 36317000.0,
        "General And Administrative Expense": 33715000.0,
        "Other Gand A": 33715000.0,
        "Gross Profit": 118805000.0,
        "Cost Of Revenue": 35553000.0,
        "Total Revenue": 154358000.0,
        "Operating Revenue": 154358000.0
    }
}