{
    "2023-06-30": {
        "Tax Effect Of Unusual Items": NaN,
        "Tax Rate For Calcs": NaN,
        "Total Unusual Items": -63000.0,
        "Total Unusual Items Excluding Goodwill": -63000.0,
        "Net Income From Continuing Operation Net Minority Interest": NaN,
        "Reconciled Depreciation": NaN,
        "Net Interest Income": NaN,
        "Interest Expense": NaN,
        "Interest Income": NaN,
        "Normalized Income": NaN,
        "Net Income From Continuing And Discontinued Operation": NaN,
        "Diluted Average Shares": NaN,
        "Basic Average Shares": NaN,
        "Diluted EPS": NaN,
        "Basic EPS": NaN,
        "Diluted NI Availto Com Stockholders": NaN,
        "Net Income Common Stockholders": NaN,
        "Net Income": NaN,
        "Net Income Including Noncontrolling Interests": NaN,
        "Net Income Continuous Operations": NaN,
        "Tax Provision": NaN,
        "Pretax Income": NaN,
        "Gain On Sale Of Security": NaN,
        "Depreciation Amortization Depletion Income Statement": 137000.0,
        "Depreciation And Amortization In Income Statement": 137000.0,
        "Amortization": 137000.0,
        "Amortization Of Intangibles Income Statement": 137000.0,
        "Selling General And Administration": NaN,
        "Selling And Marketing Expense": NaN,
        "General And Administrative Expense": NaN,
        "Other Gand A": NaN,
        "Insurance And Claims": NaN,
        "Salaries And Wages": NaN,
        "Total Revenue": NaN,
        "Operating Revenue": NaN,
        "Occupancy And Equipment": NaN,
        "Professional Expense And Contract Services Expense": NaN,
        "Other Non Interest Expense": NaN
    },
    "2023-03-31": {
        "Tax Effect Of Unusual Items": NaN,
        "Tax Rate For Calcs": NaN,
        "Total Unusual Items": 46000.0,
        "Total Unusual Items Excluding Goodwill": 46000.0,
        "Net Income From Continuing Operation Net Minority Interest": NaN,
        "Reconciled Depreciation": NaN,
        "Net Interest Income": NaN,
        "Interest Expense": NaN,
        "Interest Income": NaN,
        "Normalized Income": NaN,
        "Net Income From Continuing And Discontinued Operation": NaN,
        "Diluted Average Shares": NaN,
        "Basic Average Shares": NaN,
        "Diluted EPS": NaN,
        "Basic EPS": NaN,
        "Diluted NI Availto Com Stockholders": NaN,
        "Net Income Common Stockholders": NaN,
        "Net Income": NaN,
        "Net Income Including Noncontrolling Interests": NaN,
        "Net Income Continuous Operations": NaN,
        "Tax Provision": NaN,
        "Pretax Income": NaN,
        "Gain On Sale Of Security": NaN,
        "Depreciation Amortization Depletion Income Statement": 137000.0,
        "Depreciation And Amortization In Income Statement": 137000.0,
        "Amortization": 137000.0,
        "Amortization Of Intangibles Income Statement": 137000.0,
        "Selling General And Administration": NaN,
        "Selling And Marketing Expense": NaN,
        "General And Administrative Expense": NaN,
        "Other Gand A": 106000.0,
        "Insurance And Claims": NaN,
        "Salaries And Wages": NaN,
        "Total Revenue": NaN,
        "Operating Revenue": NaN,
        "Occupancy And Equipment": NaN,
        "Professional Expense And Contract Services Expense": NaN,
        "Other Non Interest Expense": NaN
    },
    "2022-12-31": {
        "Tax Effect Of Unusual Items": NaN,
        "Tax Rate For Calcs": NaN,
        "Total Unusual Items": NaN,
        "Total Unusual Items Excluding Goodwill": NaN,
        "Net Income From Continuing Operation Net Minority Interest": NaN,
        "Reconciled Depreciation": NaN,
        "Net Interest Income": NaN,
        "Interest Expense": NaN,
        "Interest Income": NaN,
        "Normalized Income": NaN,
        "Net Income From Continuing And Discontinued Operation": NaN,
        "Diluted Average Shares": NaN,
        "Basic Average Shares": NaN,
        "Diluted EPS": NaN,
        "Basic EPS": NaN,
        "Diluted NI Availto Com Stockholders": NaN,
        "Net Income Common Stockholders": NaN,
        "Net Income": NaN,
        "Net Income Including Noncontrolling Interests": NaN,
        "Net Income Continuous Operations": NaN,
        "Tax Provision": NaN,
        "Pretax Income": NaN,
        "Gain On Sale Of Security": NaN,
        "Depreciation Amortization Depletion Income Statement": NaN,
        "Depreciation And Amortization In Income Statement": NaN,
        "Amortization": NaN,
        "Amortization Of Intangibles Income Statement": NaN,
        "Selling General And Administration": NaN,
        "Selling And Marketing Expense": NaN,
        "General And Administrative Expense": NaN,
        "Other Gand A": -6884000.0,
        "Insurance And Claims": NaN,
        "Salaries And Wages": NaN,
        "Total Revenue": NaN,
        "Operating Revenue": NaN,
        "Occupancy And Equipment": NaN,
        "Professional Expense And Contract Services Expense": NaN,
        "Other Non Interest Expense": NaN
    },
    "2022-09-30": {
        "Tax Effect Of Unusual Items": NaN,
        "Tax Rate For Calcs": NaN,
        "Total Unusual Items": NaN,
        "Total Unusual Items Excluding Goodwill": NaN,
        "Net Income From Continuing Operation Net Minority Interest": NaN,
        "Reconciled Depreciation": NaN,
        "Net Interest Income": NaN,
        "Interest Expense": NaN,
        "Interest Income": NaN,
        "Normalized Income": NaN,
        "Net Income From Continuing And Discontinued Operation": NaN,
        "Diluted Average Shares": NaN,
        "Basic Average Shares": NaN,
        "Diluted EPS": NaN,
        "Basic EPS": NaN,
        "Diluted NI Availto Com Stockholders": NaN,
        "Net Income Common Stockholders": NaN,
        "Net Income": NaN,
        "Net Income Including Noncontrolling Interests": NaN,
        "Net Income Continuous Operations": NaN,
        "Tax Provision": NaN,
        "Pretax Income": NaN,
        "Gain On Sale Of Security": NaN,
        "Depreciation Amortization Depletion Income Statement": NaN,
        "Depreciation And Amortization In Income Statement": NaN,
        "Amortization": NaN,
        "Amortization Of Intangibles Income Statement": NaN,
        "Selling General And Administration": NaN,
        "Selling And Marketing Expense": NaN,
        "General And Administrative Expense": NaN,
        "Other Gand A": 3376000.0,
        "Insurance And Claims": NaN,
        "Salaries And Wages": NaN,
        "Total Revenue": NaN,
        "Operating Revenue": NaN
    },
    "2022-06-30": {
        "Tax Effect Of Unusual Items": 25562.90932,
        "Tax Rate For Calcs": 0.181297,
        "Total Unusual Items": 141000.0,
        "Total Unusual Items Excluding Goodwill": 141000.0,
        "Net Income From Continuing Operation Net Minority Interest": 13001000.0,
        "Reconciled Depreciation": 2866000.0,
        "Net Interest Income": 36061000.0,
        "Interest Expense": 2303000.0,
        "Interest Income": 38364000.0,
        "Normalized Income": 12885562.90932,
        "Net Income From Continuing And Discontinued Operation": 13001000.0,
        "Diluted Average Shares": 21266000.0,
        "Basic Average Shares": 21070000.0,
        "Diluted EPS": 0.61,
        "Basic EPS": 0.62,
        "Diluted NI Availto Com Stockholders": 13001000.0,
        "Net Income Common Stockholders": 13001000.0,
        "Net Income": 13001000.0,
        "Net Income Including Noncontrolling Interests": 13001000.0,
        "Net Income Continuous Operations": 13001000.0,
        "Tax Provision": 2879000.0,
        "Pretax Income": 15880000.0,
        "Gain On Sale Of Security": -345000.0,
        "Selling General And Administration": 24305000.0,
        "Selling And Marketing Expense": 560000.0,
        "General And Administrative Expense": 23745000.0,
        "Other Gand A": 3406000.0,
        "Insurance And Claims": 457000.0,
        "Salaries And Wages": 19882000.0,
        "Total Revenue": 48925000.0,
        "Operating Revenue": 48925000.0
    },
    "2022-03-31": {
        "Diluted EPS": 0.84,
        "Total Revenue": 54,
        "Gross Profit": 52,
        "Operating Income": 22,
        "EBIT": NaN,
        "Net Income": 18
    },
    "2021-12-31": {
        "Diluted EPS": 0.59,
        "Total Revenue": 52,
        "Gross Profit": 50,
        "Operating Income": 16,
        "EBIT": NaN,
        "Net Income": 13
    },
    "2021-09-30": {
        "Diluted EPS": 0.73,
        "Total Revenue": 56,
        "Gross Profit": 53,
        "Operating Income": 20,
        "EBIT": NaN,
        "Net Income": 16
    },
    "2021-06-30": {
        "Diluted EPS": 0.56,
        "Total Revenue": 48,
        "Gross Profit": 46,
        "Operating Income": 15,
        "EBIT": NaN,
        "Net Income": 12
    },
    "2021-03-31": {
        "Diluted EPS": 1.0,
        "Total Revenue": 59,
        "Gross Profit": 57,
        "Operating Income": 27,
        "EBIT": NaN,
        "Net Income": 22
    },
    "2020-12-31": {
        "Diluted EPS": 0.76,
        "Total Revenue": 58,
        "Gross Profit": 53,
        "Operating Income": 21,
        "EBIT": NaN,
        "Net Income": 17
    },
    "2020-09-30": {
        "Diluted EPS": 0.89,
        "Total Revenue": 62,
        "Gross Profit": 59,
        "Operating Income": 24,
        "EBIT": NaN,
        "Net Income": 20
    },
    "2020-06-30": {
        "Diluted EPS": 0.67,
        "Total Revenue": 54,
        "Gross Profit": 51,
        "Operating Income": 18,
        "EBIT": NaN,
        "Net Income": 15
    },
    "2020-03-31": {
        "Diluted EPS": 0.21,
        "Total Revenue": 47,
        "Gross Profit": 41,
        "Operating Income": 6,
        "EBIT": NaN,
        "Net Income": 5
    },
    "2019-12-31": {
        "Diluted EPS": 0.6,
        "Total Revenue": 53,
        "Gross Profit": 46,
        "Operating Income": 17,
        "EBIT": NaN,
        "Net Income": 14
    },
    "2019-09-30": {
        "Diluted EPS": 0.55,
        "Total Revenue": 50,
        "Gross Profit": 43,
        "Operating Income": 16,
        "EBIT": NaN,
        "Net Income": 12
    },
    "2019-06-30": {
        "Diluted EPS": 0.46,
        "Total Revenue": 47,
        "Gross Profit": 41,
        "Operating Income": 13,
        "EBIT": NaN,
        "Net Income": 11
    },
    "2019-03-31": {
        "Diluted EPS": 0.39,
        "Total Revenue": 47,
        "Gross Profit": 40,
        "Operating Income": 12,
        "EBIT": NaN,
        "Net Income": 9
    },
    "2018-12-31": {
        "Diluted EPS": 0.41,
        "Total Revenue": 45,
        "Gross Profit": 40,
        "Operating Income": 12,
        "EBIT": NaN,
        "Net Income": 10
    },
    "2018-09-30": {
        "Diluted EPS": 0.49,
        "Total Revenue": 46,
        "Gross Profit": 42,
        "Operating Income": 15,
        "EBIT": NaN,
        "Net Income": 12
    },
    "2018-06-30": {
        "Diluted EPS": 0.36,
        "Total Revenue": 45,
        "Gross Profit": 41,
        "Operating Income": 14,
        "EBIT": NaN,
        "Net Income": 9
    },
    "2018-03-31": {
        "Diluted EPS": 0.42,
        "Total Revenue": 39,
        "Gross Profit": 36,
        "Operating Income": 11,
        "EBIT": NaN,
        "Net Income": 9
    },
    "2017-12-31": {
        "Diluted EPS": 0.08,
        "Total Revenue": 37,
        "Gross Profit": 35,
        "Operating Income": 11,
        "EBIT": NaN,
        "Net Income": 2
    },
    "2017-09-30": {
        "Diluted EPS": 0.32,
        "Total Revenue": 36,
        "Gross Profit": 33,
        "Operating Income": 10,
        "EBIT": NaN,
        "Net Income": 7
    },
    "2017-06-30": {
        "Diluted EPS": 0.27,
        "Total Revenue": 34,
        "Gross Profit": 32,
        "Operating Income": 9,
        "EBIT": NaN,
        "Net Income": 6
    },
    "2017-03-31": {
        "Diluted EPS": 0.28,
        "Total Revenue": 34,
        "Gross Profit": 32,
        "Operating Income": 9,
        "EBIT": NaN,
        "Net Income": 6
    },
    "2016-12-31": {
        "Diluted EPS": 0.26,
        "Total Revenue": 35,
        "Gross Profit": 33,
        "Operating Income": 9,
        "EBIT": NaN,
        "Net Income": 6
    },
    "2016-09-30": {
        "Diluted EPS": 0.3,
        "Total Revenue": 33,
        "Gross Profit": 32,
        "Operating Income": 9,
        "EBIT": NaN,
        "Net Income": 6
    },
    "2016-06-30": {
        "Diluted EPS": 0.3,
        "Total Revenue": 31,
        "Gross Profit": 29,
        "Operating Income": 9,
        "EBIT": NaN,
        "Net Income": 6
    },
    "2016-03-31": {
        "Diluted EPS": 0.19,
        "Total Revenue": 29,
        "Gross Profit": 28,
        "Operating Income": 6,
        "EBIT": NaN,
        "Net Income": 4
    },
    "2015-12-31": {
        "Diluted EPS": 0.24,
        "Total Revenue": 31,
        "Gross Profit": 29,
        "Operating Income": 8,
        "EBIT": NaN,
        "Net Income": 6
    },
    "2015-09-30": {
        "Diluted EPS": 0.22,
        "Total Revenue": 30,
        "Gross Profit": 29,
        "Operating Income": 7,
        "EBIT": NaN,
        "Net Income": 5
    },
    "2015-06-30": {
        "Diluted EPS": 0.24,
        "Total Revenue": 31,
        "Gross Profit": 30,
        "Operating Income": 8,
        "EBIT": NaN,
        "Net Income": 6
    },
    "2015-03-31": {
        "Diluted EPS": 0.16,
        "Total Revenue": 29,
        "Gross Profit": 27,
        "Operating Income": 6,
        "EBIT": NaN,
        "Net Income": 4
    },
    "2014-12-31": {
        "Diluted EPS": 0.17,
        "Total Revenue": 29,
        "Gross Profit": 27,
        "Operating Income": 5,
        "EBIT": NaN,
        "Net Income": 4
    },
    "2014-09-30": {
        "Diluted EPS": 0.21,
        "Total Revenue": 31,
        "Gross Profit": 29,
        "Operating Income": 7,
        "EBIT": NaN,
        "Net Income": 5
    },
    "2014-06-30": {
        "Diluted EPS": 0.26,
        "Total Revenue": 30,
        "Gross Profit": 29,
        "Operating Income": 8,
        "EBIT": NaN,
        "Net Income": 6
    },
    "2014-03-31": {
        "Diluted EPS": 0.13,
        "Total Revenue": 29,
        "Gross Profit": 27,
        "Operating Income": 5,
        "EBIT": NaN,
        "Net Income": 3
    },
    "2013-12-31": {
        "Diluted EPS": 0.47,
        "Total Revenue": 32,
        "Gross Profit": 30,
        "Operating Income": 6,
        "EBIT": NaN,
        "Net Income": 5
    },
    "2013-09-30": {
        "Diluted EPS": 0.17,
        "Total Revenue": 32,
        "Gross Profit": 29,
        "Operating Income": 4,
        "EBIT": NaN,
        "Net Income": 10
    },
    "2013-06-30": {
        "Diluted EPS": 2.64,
        "Total Revenue": 35,
        "Gross Profit": 33,
        "Operating Income": 7,
        "EBIT": NaN,
        "Net Income": 62
    },
    "2013-03-31": {
        "Diluted EPS": 0.27,
        "Total Revenue": 33,
        "Gross Profit": 31,
        "Operating Income": 6,
        "EBIT": NaN,
        "Net Income": 5
    },
    "2012-12-31": {
        "Diluted EPS": 0.46,
        "Total Revenue": 45,
        "Gross Profit": 42,
        "Operating Income": 12,
        "EBIT": NaN,
        "Net Income": 11
    },
    "2012-09-30": {
        "Diluted EPS": 0.16,
        "Total Revenue": 39,
        "Gross Profit": 36,
        "Operating Income": 7,
        "EBIT": NaN,
        "Net Income": 5
    },
    "2012-06-30": {
        "Diluted EPS": 0.11,
        "Total Revenue": 38,
        "Gross Profit": 35,
        "Operating Income": 4,
        "EBIT": NaN,
        "Net Income": 3
    },
    "2012-03-31": {
        "Diluted EPS": 0.07,
        "Total Revenue": 40,
        "Gross Profit": 37,
        "Operating Income": 4,
        "EBIT": NaN,
        "Net Income": 2
    },
    "2011-12-31": {
        "Diluted EPS": -1.15,
        "Total Revenue": 39,
        "Gross Profit": 35,
        "Operating Income": -8,
        "EBIT": NaN,
        "Net Income": -10
    },
    "2011-09-30": {
        "Diluted EPS": -0.61,
        "Total Revenue": 37,
        "Gross Profit": 33,
        "Operating Income": -5,
        "EBIT": NaN,
        "Net Income": -5
    },
    "2011-06-30": {
        "Diluted EPS": -0.12,
        "Total Revenue": 42,
        "Gross Profit": 36,
        "Operating Income": 0,
        "EBIT": NaN,
        "Net Income": -1
    },
    "2011-03-31": {
        "Diluted EPS": -1.06,
        "Total Revenue": 43,
        "Gross Profit": 37,
        "Operating Income": -7,
        "EBIT": NaN,
        "Net Income": -8
    },
    "2010-12-31": {
        "Diluted EPS": 2.71,
        "Total Revenue": 51,
        "Gross Profit": 43,
        "Operating Income": -5,
        "EBIT": NaN,
        "Net Income": -5
    },
    "2010-09-30": {
        "Diluted EPS": -1.03,
        "Total Revenue": 48,
        "Gross Profit": 39,
        "Operating Income": -8,
        "EBIT": NaN,
        "Net Income": -8
    },
    "2010-06-30": {
        "Diluted EPS": 0.44,
        "Total Revenue": 68,
        "Gross Profit": 58,
        "Operating Income": 8,
        "EBIT": NaN,
        "Net Income": 7
    },
    "2010-03-31": {
        "Diluted EPS": -6.21,
        "Total Revenue": 54,
        "Gross Profit": 42,
        "Operating Income": -14,
        "EBIT": NaN,
        "Net Income": -15
    },
    "2009-12-31": {
        "Diluted EPS": -20.53,
        "Total Revenue": 60,
        "Gross Profit": 48,
        "Operating Income": -33,
        "EBIT": NaN,
        "Net Income": -49
    },
    "2009-09-30": {
        "Diluted EPS": -8.07,
        "Total Revenue": 61,
        "Gross Profit": 48,
        "Operating Income": -19,
        "EBIT": NaN,
        "Net Income": -19
    },
    "2009-06-30": {
        "Diluted EPS": -2.6,
        "Total Revenue": 69,
        "Gross Profit": 57,
        "Operating Income": -6,
        "EBIT": NaN,
        "Net Income": -6
    },
    "2009-03-31": {
        "Diluted EPS": -8.4,
        "Total Revenue": 59,
        "Gross Profit": 46,
        "Operating Income": -18,
        "EBIT": NaN,
        "Net Income": -20
    },
    "2023-09-30": {
        "Tax Effect Of Unusual Items": NaN,
        "Tax Rate For Calcs": NaN,
        "Total Unusual Items": NaN,
        "Total Unusual Items Excluding Goodwill": NaN,
        "Net Income From Continuing Operation Net Minority Interest": NaN,
        "Reconciled Depreciation": NaN,
        "Net Interest Income": NaN,
        "Interest Expense": NaN,
        "Interest Income": NaN,
        "Normalized Income": NaN,
        "Net Income From Continuing And Discontinued Operation": NaN,
        "Diluted Average Shares": 21114000.0,
        "Basic Average Shares": 20922000.0,
        "Diluted EPS": 0.83,
        "Basic EPS": 0.84,
        "Diluted NI Availto Com Stockholders": NaN,
        "Net Income Common Stockholders": NaN,
        "Net Income": NaN,
        "Net Income Including Noncontrolling Interests": NaN,
        "Net Income Continuous Operations": NaN,
        "Tax Provision": NaN,
        "Pretax Income": NaN,
        "Gain On Sale Of Security": NaN,
        "Depreciation Amortization Depletion Income Statement": NaN,
        "Depreciation And Amortization In Income Statement": NaN,
        "Amortization": NaN,
        "Amortization Of Intangibles Income Statement": NaN,
        "Selling General And Administration": NaN,
        "Selling And Marketing Expense": NaN,
        "General And Administrative Expense": NaN,
        "Other Gand A": NaN,
        "Insurance And Claims": NaN,
        "Salaries And Wages": NaN,
        "Total Revenue": NaN,
        "Operating Revenue": NaN,
        "Occupancy And Equipment": NaN,
        "Professional Expense And Contract Services Expense": NaN,
        "Other Non Interest Expense": NaN
    },
    "2023-12-31": {
        "Tax Effect Of Unusual Items": 0.0,
        "Tax Rate For Calcs": 0.234245,
        "Total Unusual Items": NaN,
        "Total Unusual Items Excluding Goodwill": NaN,
        "Net Income From Continuing Operation Net Minority Interest": 13743000.0,
        "Reconciled Depreciation": 2541000.0,
        "Net Interest Income": 40111000.0,
        "Interest Expense": 25250000.0,
        "Interest Income": 65361000.0,
        "Normalized Income": 13743000.0,
        "Net Income From Continuing And Discontinued Operation": 13743000.0,
        "Diluted Average Shares": 21049030.0,
        "Basic Average Shares": 20840680.0,
        "Diluted EPS": 0.65,
        "Basic EPS": 0.66,
        "Diluted NI Availto Com Stockholders": 13743000.0,
        "Net Income Common Stockholders": 13743000.0,
        "Net Income": 13743000.0,
        "Net Income Including Noncontrolling Interests": 13743000.0,
        "Net Income Continuous Operations": 13743000.0,
        "Tax Provision": 4204000.0,
        "Pretax Income": 17947000.0,
        "Gain On Sale Of Security": 0.0,
        "Depreciation Amortization Depletion Income Statement": NaN,
        "Depreciation And Amortization In Income Statement": NaN,
        "Amortization": NaN,
        "Amortization Of Intangibles Income Statement": NaN,
        "Selling General And Administration": 20724000.0,
        "Selling And Marketing Expense": 879000.0,
        "General And Administrative Expense": 19845000.0,
        "Other Gand A": NaN,
        "Insurance And Claims": 796000.0,
        "Salaries And Wages": 19049000.0,
        "Total Revenue": 47642000.0,
        "Operating Revenue": 47642000.0,
        "Occupancy And Equipment": 2907000.0,
        "Professional Expense And Contract Services Expense": 585000.0,
        "Other Non Interest Expense": 5748000.0
    },
    "2024-03-31": {
        "Tax Effect Of Unusual Items": NaN,
        "Tax Rate For Calcs": NaN,
        "Total Unusual Items": 76000.0,
        "Total Unusual Items Excluding Goodwill": 76000.0,
        "Net Income From Continuing Operation Net Minority Interest": NaN,
        "Reconciled Depreciation": NaN,
        "Net Interest Income": NaN,
        "Interest Expense": NaN,
        "Interest Income": NaN,
        "Normalized Income": NaN,
        "Net Income From Continuing And Discontinued Operation": NaN,
        "Diluted Average Shares": NaN,
        "Basic Average Shares": NaN,
        "Diluted EPS": NaN,
        "Basic EPS": NaN,
        "Diluted NI Availto Com Stockholders": NaN,
        "Net Income Common Stockholders": NaN,
        "Net Income": NaN,
        "Net Income Including Noncontrolling Interests": NaN,
        "Net Income Continuous Operations": NaN,
        "Tax Provision": NaN,
        "Pretax Income": NaN,
        "Gain On Sale Of Security": NaN,
        "Depreciation Amortization Depletion Income Statement": 129000.0,
        "Depreciation And Amortization In Income Statement": 129000.0,
        "Amortization": 129000.0,
        "Amortization Of Intangibles Income Statement": 129000.0,
        "Selling General And Administration": NaN,
        "Selling And Marketing Expense": NaN,
        "General And Administrative Expense": NaN,
        "Other Gand A": 118000.0,
        "Insurance And Claims": NaN,
        "Salaries And Wages": NaN,
        "Total Revenue": NaN,
        "Operating Revenue": NaN,
        "Occupancy And Equipment": NaN,
        "Professional Expense And Contract Services Expense": NaN,
        "Other Non Interest Expense": NaN
    },
    "2024-06-30": {
        "Tax Effect Of Unusual Items": 21622.377622,
        "Tax Rate For Calcs": 0.200207,
        "Total Unusual Items": 108000.0,
        "Total Unusual Items Excluding Goodwill": 108000.0,
        "Net Income From Continuing Operation Net Minority Interest": 18528000.0,
        "Reconciled Depreciation": 2504000.0,
        "Net Interest Income": 41346000.0,
        "Interest Expense": 24992000.0,
        "Interest Income": 66338000.0,
        "Normalized Income": 18441622.377622,
        "Net Income From Continuing And Discontinued Operation": 18528000.0,
        "Diluted Average Shares": 21105387.0,
        "Basic Average Shares": 20901741.0,
        "Diluted EPS": 0.88,
        "Basic EPS": 0.89,
        "Diluted NI Availto Com Stockholders": 18528000.0,
        "Net Income Common Stockholders": 18528000.0,
        "Net Income": 18528000.0,
        "Net Income Including Noncontrolling Interests": 18528000.0,
        "Net Income Continuous Operations": 18528000.0,
        "Tax Provision": 4638000.0,
        "Pretax Income": 23166000.0,
        "Gain On Sale Of Security": 2693000.0,
        "Depreciation Amortization Depletion Income Statement": 129000.0,
        "Depreciation And Amortization In Income Statement": 129000.0,
        "Amortization": 129000.0,
        "Amortization Of Intangibles Income Statement": 129000.0,
        "Selling General And Administration": 22971000.0,
        "Selling And Marketing Expense": 788000.0,
        "General And Administrative Expense": 22183000.0,
        "Other Gand A": NaN,
        "Insurance And Claims": 695000.0,
        "Salaries And Wages": 21488000.0,
        "Total Revenue": 54800000.0,
        "Operating Revenue": 54800000.0,
        "Occupancy And Equipment": 2834000.0,
        "Professional Expense And Contract Services Expense": 544000.0,
        "Other Non Interest Expense": 5275000.0
    },
    "2024-09-30": {
        "Tax Effect Of Unusual Items": 0.0,
        "Tax Rate For Calcs": 0.201319,
        "Total Unusual Items": NaN,
        "Total Unusual Items Excluding Goodwill": NaN,
        "Net Income From Continuing Operation Net Minority Interest": 13810000.0,
        "Reconciled Depreciation": 2509000.0,
        "Net Interest Income": 41854000.0,
        "Interest Expense": 26480000.0,
        "Interest Income": 68334000.0,
        "Normalized Income": 13810000.0,
        "Net Income From Continuing And Discontinued Operation": 13810000.0,
        "Diluted Average Shares": 21115273.0,
        "Basic Average Shares": 20896019.0,
        "Diluted EPS": 0.65,
        "Basic EPS": 0.66,
        "Diluted NI Availto Com Stockholders": 13810000.0,
        "Net Income Common Stockholders": 13810000.0,
        "Net Income": 13810000.0,
        "Net Income Including Noncontrolling Interests": 13810000.0,
        "Net Income Continuous Operations": 13810000.0,
        "Tax Provision": 3481000.0,
        "Pretax Income": 17291000.0,
        "Gain On Sale Of Security": -153000.0,
        "Depreciation Amortization Depletion Income Statement": NaN,
        "Depreciation And Amortization In Income Statement": NaN,
        "Amortization": NaN,
        "Amortization Of Intangibles Income Statement": NaN,
        "Selling General And Administration": 21293000.0,
        "Selling And Marketing Expense": 581000.0,
        "General And Administrative Expense": 20712000.0,
        "Other Gand A": NaN,
        "Insurance And Claims": 664000.0,
        "Salaries And Wages": 20048000.0,
        "Total Revenue": 49556000.0,
        "Operating Revenue": 49556000.0,
        "Occupancy And Equipment": 2825000.0,
        "Professional Expense And Contract Services Expense": 687000.0,
        "Other Non Interest Expense": 5859000.0
    },
    "2024-12-31": {
        "Tax Effect Of Unusual Items": 0.0,
        "Tax Rate For Calcs": 0.189169,
        "Total Unusual Items": NaN,
        "Total Unusual Items Excluding Goodwill": NaN,
        "Net Income From Continuing Operation Net Minority Interest": 18461000.0,
        "Reconciled Depreciation": 2483000.0,
        "Net Interest Income": 42851000.0,
        "Interest Expense": 24127000.0,
        "Interest Income": 66978000.0,
        "Normalized Income": 18461000.0,
        "Net Income From Continuing And Discontinued Operation": 18461000.0,
        "Diluted Average Shares": 21122096.0,
        "Basic Average Shares": 20893820.0,
        "Diluted EPS": 0.87,
        "Basic EPS": 0.88,
        "Diluted NI Availto Com Stockholders": 18461000.0,
        "Net Income Common Stockholders": 18461000.0,
        "Net Income": 18461000.0,
        "Net Income Including Noncontrolling Interests": 18461000.0,
        "Net Income Continuous Operations": 18461000.0,
        "Tax Provision": 4307000.0,
        "Pretax Income": 22768000.0,
        "Gain On Sale Of Security": -14000.0,
        "Depreciation Amortization Depletion Income Statement": NaN,
        "Depreciation And Amortization In Income Statement": NaN,
        "Amortization": NaN,
        "Amortization Of Intangibles Income Statement": NaN,
        "Selling General And Administration": 25762000.0,
        "Selling And Marketing Expense": 1198000.0,
        "General And Administrative Expense": 24564000.0,
        "Other Gand A": NaN,
        "Insurance And Claims": 729000.0,
        "Salaries And Wages": 23835000.0,
        "Total Revenue": 60405000.0,
        "Operating Revenue": 60405000.0,
        "Occupancy And Equipment": 2881000.0,
        "Professional Expense And Contract Services Expense": 849000.0,
        "Other Non Interest Expense": 5081000.0
    },
    "2025-03-31": {
        "Tax Effect Of Unusual Items": 12202.028652,
        "Tax Rate For Calcs": 0.184879,
        "Total Unusual Items": 66000.0,
        "Total Unusual Items Excluding Goodwill": 66000.0,
        "Net Income From Continuing Operation Net Minority Interest": 15590000.0,
        "Reconciled Depreciation": 2352000.0,
        "Net Interest Income": 43685000.0,
        "Interest Expense": 22459000.0,
        "Interest Income": 66144000.0,
        "Normalized Income": 15536202.028652,
        "Net Income From Continuing And Discontinued Operation": 15590000.0,
        "Diluted Average Shares": 21150000.0,
        "Basic Average Shares": 20943000.0,
        "Diluted EPS": 0.74,
        "Basic EPS": 0.74,
        "Diluted NI Availto Com Stockholders": 15590000.0,
        "Net Income Common Stockholders": 15590000.0,
        "Net Income": 15590000.0,
        "Net Income Including Noncontrolling Interests": 15590000.0,
        "Net Income Continuous Operations": 15590000.0,
        "Tax Provision": 3536000.0,
        "Pretax Income": 19126000.0,
        "Gain On Sale Of Security": -330000.0,
        "Depreciation Amortization Depletion Income Statement": 122000.0,
        "Depreciation And Amortization In Income Statement": 122000.0,
        "Amortization": 122000.0,
        "Amortization Of Intangibles Income Statement": 122000.0,
        "Selling General And Administration": 22187000.0,
        "Selling And Marketing Expense": 861000.0,
        "General And Administrative Expense": 21326000.0,
        "Other Gand A": NaN,
        "Insurance And Claims": 711000.0,
        "Salaries And Wages": 20615000.0,
        "Total Revenue": 52270000.0,
        "Operating Revenue": 52270000.0,
        "Occupancy And Equipment": 3108000.0,
        "Professional Expense And Contract Services Expense": 479000.0,
        "Other Non Interest Expense": 6342000.0
    },
    "2025-06-30": {
        "Tax Effect Of Unusual Items": 9190.927556,
        "Tax Rate For Calcs": 0.183819,
        "Total Unusual Items": 50000.0,
        "Total Unusual Items Excluding Goodwill": 50000.0,
        "Net Income From Continuing Operation Net Minority Interest": 16877000.0,
        "Reconciled Depreciation": 2405000.0,
        "Net Interest Income": 44615000.0,
        "Interest Expense": 22263000.0,
        "Interest Income": 66878000.0,
        "Normalized Income": 16836190.927556,
        "Net Income From Continuing And Discontinued Operation": 16877000.0,
        "Diluted Average Shares": 20946000.0,
        "Basic Average Shares": 20750000.0,
        "Diluted EPS": 0.81,
        "Basic EPS": 0.81,
        "Diluted NI Availto Com Stockholders": 16877000.0,
        "Net Income Common Stockholders": 16877000.0,
        "Net Income": 16877000.0,
        "Net Income Including Noncontrolling Interests": 16877000.0,
        "Net Income Continuous Operations": 16877000.0,
        "Tax Provision": 3801000.0,
        "Pretax Income": 20678000.0,
        "Gain On Sale Of Security": 11000.0,
        "Depreciation Amortization Depletion Income Statement": 122000.0,
        "Depreciation And Amortization In Income Statement": 122000.0,
        "Amortization": 122000.0,
        "Amortization Of Intangibles Income Statement": 122000.0,
        "Selling General And Administration": 22869000.0,
        "Selling And Marketing Expense": 833000.0,
        "General And Administrative Expense": 22036000.0,
        "Other Gand A": NaN,
        "Insurance And Claims": 637000.0,
        "Salaries And Wages": 21399000.0,
        "Total Revenue": 54069000.0,
        "Operating Revenue": 54069000.0,
        "Occupancy And Equipment": 2839000.0,
        "Professional Expense And Contract Services Expense": 500000.0,
        "Other Non Interest Expense": 5956000.0
    }
}