{
    "2023-03-31": {
        "Tax Effect Of Unusual Items": NaN,
        "Tax Rate For Calcs": NaN,
        "Normalized EBITDA": NaN,
        "Total Unusual Items": 777000.0,
        "Total Unusual Items Excluding Goodwill": 777000.0,
        "Net Income From Continuing Operation Net Minority Interest": NaN,
        "Reconciled Depreciation": NaN,
        "Reconciled Cost Of Revenue": NaN,
        "EBITDA": NaN,
        "EBIT": NaN,
        "Net Interest Income": NaN,
        "Interest Expense": NaN,
        "Interest Income": NaN,
        "Normalized Income": NaN,
        "Net Income From Continuing And Discontinued Operation": NaN,
        "Total Expenses": NaN,
        "Total Operating Income As Reported": NaN,
        "Diluted Average Shares": NaN,
        "Basic Average Shares": NaN,
        "Diluted EPS": NaN,
        "Basic EPS": NaN,
        "Diluted NI Availto Com Stockholders": NaN,
        "Net Income Common Stockholders": NaN,
        "Net Income": NaN,
        "Net Income Including Noncontrolling Interests": NaN,
        "Net Income Continuous Operations": NaN,
        "Tax Provision": NaN,
        "Pretax Income": NaN,
        "Other Income Expense": 777000.0,
        "Gain On Sale Of Security": 777000.0,
        "Net Non Operating Interest Income Expense": NaN,
        "Interest Expense Non Operating": NaN,
        "Interest Income Non Operating": NaN,
        "Operating Income": NaN,
        "Operating Expense": NaN,
        "Other Operating Expenses": 18766000.0,
        "Depreciation Amortization Depletion Income Statement": NaN,
        "Depreciation And Amortization In Income Statement": NaN,
        "Selling General And Administration": NaN,
        "Selling And Marketing Expense": 2823000.0,
        "General And Administrative Expense": 86701000.0,
        "Salaries And Wages": 86701000.0,
        "Gross Profit": NaN,
        "Cost Of Revenue": NaN,
        "Total Revenue": NaN,
        "Operating Revenue": NaN
    },
    "2022-12-31": {
        "Tax Effect Of Unusual Items": NaN,
        "Tax Rate For Calcs": NaN,
        "Normalized EBITDA": NaN,
        "Total Unusual Items": -6971000.0,
        "Total Unusual Items Excluding Goodwill": -6971000.0,
        "Net Income From Continuing Operation Net Minority Interest": NaN,
        "Reconciled Depreciation": NaN,
        "Reconciled Cost Of Revenue": NaN,
        "EBITDA": NaN,
        "EBIT": NaN,
        "Net Interest Income": NaN,
        "Interest Expense": NaN,
        "Interest Income": NaN,
        "Normalized Income": NaN,
        "Net Income From Continuing And Discontinued Operation": NaN,
        "Total Expenses": NaN,
        "Total Operating Income As Reported": NaN,
        "Diluted Average Shares": NaN,
        "Basic Average Shares": NaN,
        "Diluted EPS": NaN,
        "Basic EPS": NaN,
        "Diluted NI Availto Com Stockholders": NaN,
        "Net Income Common Stockholders": NaN,
        "Net Income": NaN,
        "Net Income Including Noncontrolling Interests": NaN,
        "Net Income Continuous Operations": NaN,
        "Tax Provision": NaN,
        "Pretax Income": NaN,
        "Other Income Expense": -6971000.0,
        "Gain On Sale Of Security": -6971000.0,
        "Net Non Operating Interest Income Expense": NaN,
        "Interest Expense Non Operating": NaN,
        "Interest Income Non Operating": NaN,
        "Operating Income": NaN,
        "Operating Expense": NaN,
        "Other Operating Expenses": 21185000.0,
        "Depreciation Amortization Depletion Income Statement": NaN,
        "Depreciation And Amortization In Income Statement": NaN,
        "Selling General And Administration": NaN,
        "Selling And Marketing Expense": 2479000.0,
        "General And Administrative Expense": 93985000.0,
        "Salaries And Wages": 93985000.0,
        "Gross Profit": NaN,
        "Cost Of Revenue": NaN,
        "Total Revenue": NaN,
        "Operating Revenue": NaN
    },
    "2022-09-30": {
        "Tax Effect Of Unusual Items": NaN,
        "Tax Rate For Calcs": NaN,
        "Normalized EBITDA": NaN,
        "Total Unusual Items": -2165000.0,
        "Total Unusual Items Excluding Goodwill": -2165000.0,
        "Net Income From Continuing Operation Net Minority Interest": NaN,
        "Reconciled Depreciation": NaN,
        "Reconciled Cost Of Revenue": NaN,
        "EBITDA": NaN,
        "EBIT": NaN,
        "Net Interest Income": NaN,
        "Interest Expense": NaN,
        "Interest Income": NaN,
        "Normalized Income": NaN,
        "Net Income From Continuing And Discontinued Operation": NaN,
        "Total Expenses": NaN,
        "Total Operating Income As Reported": NaN,
        "Diluted Average Shares": NaN,
        "Basic Average Shares": NaN,
        "Diluted EPS": NaN,
        "Basic EPS": NaN,
        "Diluted NI Availto Com Stockholders": NaN,
        "Net Income Common Stockholders": NaN,
        "Net Income": NaN,
        "Net Income Including Noncontrolling Interests": NaN,
        "Net Income Continuous Operations": NaN,
        "Tax Provision": NaN,
        "Pretax Income": NaN,
        "Other Income Expense": -2165000.0,
        "Gain On Sale Of Security": -2165000.0,
        "Net Non Operating Interest Income Expense": NaN,
        "Interest Expense Non Operating": NaN,
        "Interest Income Non Operating": NaN,
        "Operating Income": NaN,
        "Operating Expense": NaN,
        "Other Operating Expenses": 18376000.0,
        "Depreciation Amortization Depletion Income Statement": NaN,
        "Depreciation And Amortization In Income Statement": NaN,
        "Selling General And Administration": NaN,
        "Selling And Marketing Expense": 3184000.0,
        "General And Administrative Expense": 88201000.0,
        "Salaries And Wages": 88201000.0,
        "Gross Profit": NaN,
        "Cost Of Revenue": NaN,
        "Total Revenue": NaN,
        "Operating Revenue": NaN
    },
    "2022-06-30": {
        "Tax Effect Of Unusual Items": -519200.0,
        "Tax Rate For Calcs": 0.4,
        "Normalized EBITDA": 16691000.0,
        "Total Unusual Items": -1298000.0,
        "Total Unusual Items Excluding Goodwill": -1298000.0,
        "Net Income From Continuing Operation Net Minority Interest": 4913000.0,
        "Reconciled Depreciation": 9312000.0,
        "Reconciled Cost Of Revenue": NaN,
        "EBITDA": 15393000.0,
        "EBIT": 6081000.0,
        "Net Interest Income": -2202000.0,
        "Interest Expense": 2202000.0,
        "Normalized Income": 5691800.0,
        "Net Income From Continuing And Discontinued Operation": 4913000.0,
        "Total Expenses": 116328000.0,
        "Total Operating Income As Reported": 6081000.0,
        "Diluted Average Shares": 18555133.0,
        "Basic Average Shares": 18147541.0,
        "Diluted EPS": 0.26,
        "Basic EPS": 0.27,
        "Diluted NI Availto Com Stockholders": 4913000.0,
        "Net Income Common Stockholders": 4913000.0,
        "Net Income": 4913000.0,
        "Net Income Including Noncontrolling Interests": 4913000.0,
        "Net Income Continuous Operations": 4913000.0,
        "Tax Provision": -1034000.0,
        "Pretax Income": 3879000.0,
        "Other Income Expense": -1298000.0,
        "Gain On Sale Of Security": -1298000.0,
        "Net Non Operating Interest Income Expense": -2202000.0,
        "Total Other Finance Cost": NaN,
        "Interest Expense Non Operating": 2202000.0,
        "Operating Income": 7379000.0,
        "Operating Expense": 116328000.0,
        "Other Operating Expenses": 17955000.0,
        "Depreciation Amortization Depletion Income Statement": 9312000.0,
        "Depreciation And Amortization In Income Statement": 9312000.0,
        "Selling General And Administration": 89061000.0,
        "Selling And Marketing Expense": 3084000.0,
        "General And Administrative Expense": 85977000.0,
        "Salaries And Wages": 85977000.0,
        "Gross Profit": NaN,
        "Cost Of Revenue": NaN,
        "Total Revenue": 123707000.0,
        "Operating Revenue": 123707000.0
    },
    "2022-03-31": {
        "Diluted EPS": 0.35,
        "Total Revenue": 129,
        "Gross Profit": 129,
        "Operating Income": 6,
        "EBIT": 14,
        "Net Income": 7
    },
    "2021-12-31": {
        "Diluted EPS": 0.45,
        "Total Revenue": 132,
        "Gross Profit": 132,
        "Operating Income": 12,
        "EBIT": 21,
        "Net Income": 8
    },
    "2021-09-30": {
        "Diluted EPS": 0.16,
        "Total Revenue": 109,
        "Gross Profit": 109,
        "Operating Income": 6,
        "EBIT": 13,
        "Net Income": 3
    },
    "2021-06-30": {
        "Diluted EPS": 0.24,
        "Total Revenue": 109,
        "Gross Profit": 109,
        "Operating Income": 6,
        "EBIT": 13,
        "Net Income": 4
    },
    "2021-03-31": {
        "Diluted EPS": -0.01,
        "Total Revenue": 109,
        "Gross Profit": 109,
        "Operating Income": 2,
        "EBIT": 10,
        "Net Income": 0
    },
    "2020-12-31": {
        "Diluted EPS": 0.13,
        "Total Revenue": 117,
        "Gross Profit": 117,
        "Operating Income": 6,
        "EBIT": 13,
        "Net Income": 2
    },
    "2020-09-30": {
        "Diluted EPS": -0.21,
        "Total Revenue": 109,
        "Gross Profit": 109,
        "Operating Income": -1,
        "EBIT": 6,
        "Net Income": -3
    },
    "2020-06-30": {
        "Diluted EPS": -0.29,
        "Total Revenue": 101,
        "Gross Profit": 101,
        "Operating Income": -68,
        "EBIT": -62,
        "Net Income": -4
    },
    "2020-03-31": {
        "Diluted EPS": 0.0,
        "Total Revenue": 101,
        "Gross Profit": 101,
        "Operating Income": 8,
        "EBIT": 14,
        "Net Income": 4
    },
    "2019-12-31": {
        "Diluted EPS": 0.0,
        "Total Revenue": 108,
        "Gross Profit": 108,
        "Operating Income": 8,
        "EBIT": 14,
        "Net Income": 5
    },
    "2019-09-30": {
        "Diluted EPS": 0.0,
        "Total Revenue": 95,
        "Gross Profit": 95,
        "Operating Income": 5,
        "EBIT": 10,
        "Net Income": 2
    },
    "2019-06-30": {
        "Diluted EPS": 0.0,
        "Total Revenue": NaN,
        "Gross Profit": NaN,
        "Operating Income": NaN,
        "EBIT": NaN,
        "Net Income": NaN
    },
    "2023-06-30": {
        "Tax Effect Of Unusual Items": NaN,
        "Tax Rate For Calcs": NaN,
        "Normalized EBITDA": NaN,
        "Net Income From Continuing Operation Net Minority Interest": NaN,
        "Reconciled Depreciation": NaN,
        "Reconciled Cost Of Revenue": NaN,
        "EBITDA": NaN,
        "EBIT": NaN,
        "Net Interest Income": NaN,
        "Interest Expense": NaN,
        "Interest Income": NaN,
        "Normalized Income": NaN,
        "Net Income From Continuing And Discontinued Operation": NaN,
        "Total Expenses": NaN,
        "Total Operating Income As Reported": NaN,
        "Diluted Average Shares": 18989000.0,
        "Basic Average Shares": 18259000.0,
        "Diluted EPS": 0.24,
        "Basic EPS": 0.25,
        "Diluted NI Availto Com Stockholders": NaN,
        "Net Income Common Stockholders": NaN,
        "Net Income": NaN,
        "Net Income Including Noncontrolling Interests": NaN,
        "Net Income Continuous Operations": NaN,
        "Tax Provision": NaN,
        "Pretax Income": NaN,
        "Net Non Operating Interest Income Expense": NaN,
        "Interest Expense Non Operating": NaN,
        "Interest Income Non Operating": NaN,
        "Operating Income": NaN,
        "Operating Expense": NaN,
        "Depreciation Amortization Depletion Income Statement": NaN,
        "Depreciation And Amortization In Income Statement": NaN,
        "Selling General And Administration": NaN,
        "Gross Profit": NaN,
        "Cost Of Revenue": NaN,
        "Total Revenue": NaN,
        "Operating Revenue": NaN
    },
    "2023-09-30": {
        "Tax Effect Of Unusual Items": NaN,
        "Tax Rate For Calcs": NaN,
        "Normalized EBITDA": NaN,
        "Net Income From Continuing Operation Net Minority Interest": NaN,
        "Reconciled Depreciation": NaN,
        "Reconciled Cost Of Revenue": NaN,
        "EBITDA": NaN,
        "EBIT": NaN,
        "Net Interest Income": NaN,
        "Interest Expense": NaN,
        "Interest Income": NaN,
        "Normalized Income": NaN,
        "Net Income From Continuing And Discontinued Operation": NaN,
        "Total Expenses": NaN,
        "Total Operating Income As Reported": NaN,
        "Diluted Average Shares": 18898000.0,
        "Basic Average Shares": 18287000.0,
        "Diluted EPS": 0.39,
        "Basic EPS": 0.41,
        "Diluted NI Availto Com Stockholders": NaN,
        "Net Income Common Stockholders": NaN,
        "Net Income": NaN,
        "Net Income Including Noncontrolling Interests": NaN,
        "Net Income Continuous Operations": NaN,
        "Tax Provision": NaN,
        "Pretax Income": NaN,
        "Net Non Operating Interest Income Expense": NaN,
        "Interest Expense Non Operating": NaN,
        "Interest Income Non Operating": NaN,
        "Operating Income": NaN,
        "Operating Expense": NaN,
        "Depreciation Amortization Depletion Income Statement": NaN,
        "Depreciation And Amortization In Income Statement": NaN,
        "Selling General And Administration": NaN,
        "Gross Profit": NaN,
        "Cost Of Revenue": NaN,
        "Total Revenue": NaN,
        "Operating Revenue": NaN
    },
    "2023-12-31": {
        "Tax Effect Of Unusual Items": NaN,
        "Tax Rate For Calcs": NaN,
        "Normalized EBITDA": NaN,
        "Net Income From Continuing Operation Net Minority Interest": NaN,
        "Reconciled Depreciation": NaN,
        "Reconciled Cost Of Revenue": NaN,
        "EBITDA": NaN,
        "EBIT": NaN,
        "Net Interest Income": NaN,
        "Interest Expense": NaN,
        "Interest Income": NaN,
        "Normalized Income": NaN,
        "Net Income From Continuing And Discontinued Operation": NaN,
        "Total Expenses": NaN,
        "Total Operating Income As Reported": NaN,
        "Diluted Average Shares": 18440000.0,
        "Basic Average Shares": 17885000.0,
        "Diluted EPS": 0.33,
        "Basic EPS": 0.34,
        "Diluted NI Availto Com Stockholders": NaN,
        "Net Income Common Stockholders": NaN,
        "Otherunder Preferred Stock Dividend": NaN,
        "Net Income": NaN,
        "Net Income Including Noncontrolling Interests": NaN,
        "Net Income Continuous Operations": NaN,
        "Tax Provision": NaN,
        "Pretax Income": NaN,
        "Net Non Operating Interest Income Expense": NaN,
        "Interest Expense Non Operating": NaN,
        "Interest Income Non Operating": NaN,
        "Operating Income": NaN,
        "Operating Expense": NaN,
        "Depreciation Amortization Depletion Income Statement": NaN,
        "Depreciation And Amortization In Income Statement": NaN,
        "Selling General And Administration": NaN,
        "Gross Profit": NaN,
        "Cost Of Revenue": NaN,
        "Total Revenue": NaN,
        "Operating Revenue": NaN
    },
    "2024-03-31": {
        "Tax Effect Of Unusual Items": NaN,
        "Tax Rate For Calcs": NaN,
        "Normalized EBITDA": NaN,
        "Net Income From Continuing Operation Net Minority Interest": NaN,
        "Reconciled Depreciation": NaN,
        "Reconciled Cost Of Revenue": NaN,
        "EBITDA": NaN,
        "EBIT": NaN,
        "Net Interest Income": NaN,
        "Interest Expense": NaN,
        "Interest Income": NaN,
        "Normalized Income": NaN,
        "Net Income From Continuing And Discontinued Operation": NaN,
        "Total Expenses": NaN,
        "Total Operating Income As Reported": NaN,
        "Diluted Average Shares": NaN,
        "Basic Average Shares": NaN,
        "Diluted EPS": NaN,
        "Basic EPS": NaN,
        "Diluted NI Availto Com Stockholders": NaN,
        "Net Income Common Stockholders": NaN,
        "Otherunder Preferred Stock Dividend": 0.0,
        "Net Income": NaN,
        "Net Income Including Noncontrolling Interests": NaN,
        "Net Income Continuous Operations": NaN,
        "Tax Provision": NaN,
        "Pretax Income": NaN,
        "Net Non Operating Interest Income Expense": NaN,
        "Interest Expense Non Operating": NaN,
        "Interest Income Non Operating": NaN,
        "Operating Income": NaN,
        "Operating Expense": NaN,
        "Depreciation Amortization Depletion Income Statement": NaN,
        "Depreciation And Amortization In Income Statement": NaN,
        "Selling General And Administration": NaN,
        "Gross Profit": NaN,
        "Cost Of Revenue": NaN,
        "Total Revenue": NaN,
        "Operating Revenue": NaN
    },
    "2024-06-30": {
        "Tax Effect Of Unusual Items": 0.0,
        "Tax Rate For Calcs": 0.256195,
        "Normalized EBITDA": 18019000.0,
        "Net Income From Continuing Operation Net Minority Interest": 9845000.0,
        "Reconciled Depreciation": 4608000.0,
        "Reconciled Cost Of Revenue": 85373000.0,
        "EBITDA": 18019000.0,
        "EBIT": 13411000.0,
        "Net Interest Income": 367000.0,
        "Interest Expense": 175000.0,
        "Interest Income": 542000.0,
        "Normalized Income": 9845000.0,
        "Net Income From Continuing And Discontinued Operation": 9845000.0,
        "Total Expenses": 111662000.0,
        "Total Operating Income As Reported": 12869000.0,
        "Diluted Average Shares": NaN,
        "Basic Average Shares": NaN,
        "Diluted EPS": NaN,
        "Basic EPS": NaN,
        "Diluted NI Availto Com Stockholders": 9845000.0,
        "Net Income Common Stockholders": 9845000.0,
        "Otherunder Preferred Stock Dividend": NaN,
        "Net Income": 9845000.0,
        "Net Income Including Noncontrolling Interests": 9845000.0,
        "Net Income Continuous Operations": 9845000.0,
        "Tax Provision": 3391000.0,
        "Pretax Income": 13236000.0,
        "Net Non Operating Interest Income Expense": 367000.0,
        "Interest Expense Non Operating": 175000.0,
        "Interest Income Non Operating": 542000.0,
        "Operating Income": 12869000.0,
        "Operating Expense": 26289000.0,
        "Depreciation Amortization Depletion Income Statement": 4608000.0,
        "Depreciation And Amortization In Income Statement": 4608000.0,
        "Selling General And Administration": 21681000.0,
        "Gross Profit": 39158000.0,
        "Cost Of Revenue": 85373000.0,
        "Total Revenue": 124531000.0,
        "Operating Revenue": 124531000.0
    },
    "2024-09-30": {
        "Tax Effect Of Unusual Items": 0.0,
        "Tax Rate For Calcs": 0.208,
        "Normalized EBITDA": 14044000.0,
        "Net Income From Continuing Operation Net Minority Interest": 7531000.0,
        "Reconciled Depreciation": 4369000.0,
        "Reconciled Cost Of Revenue": 90041000.0,
        "EBITDA": 14044000.0,
        "EBIT": 9675000.0,
        "Net Interest Income": 421000.0,
        "Interest Expense": 162000.0,
        "Interest Income": 583000.0,
        "Normalized Income": 7531000.0,
        "Net Income From Continuing And Discontinued Operation": 7531000.0,
        "Total Expenses": 120625000.0,
        "Total Operating Income As Reported": 9092000.0,
        "Diluted Average Shares": 17490000.0,
        "Basic Average Shares": 16880000.0,
        "Diluted EPS": 0.43,
        "Basic EPS": 0.45,
        "Diluted NI Availto Com Stockholders": 7531000.0,
        "Net Income Common Stockholders": 7531000.0,
        "Otherunder Preferred Stock Dividend": NaN,
        "Net Income": 7531000.0,
        "Net Income Including Noncontrolling Interests": 7531000.0,
        "Net Income Continuous Operations": 7531000.0,
        "Tax Provision": 1982000.0,
        "Pretax Income": 9513000.0,
        "Net Non Operating Interest Income Expense": 421000.0,
        "Interest Expense Non Operating": 162000.0,
        "Interest Income Non Operating": 583000.0,
        "Operating Income": 9092000.0,
        "Operating Expense": 30584000.0,
        "Depreciation Amortization Depletion Income Statement": 4369000.0,
        "Depreciation And Amortization In Income Statement": 4369000.0,
        "Selling General And Administration": 26215000.0,
        "Gross Profit": 39676000.0,
        "Cost Of Revenue": 90041000.0,
        "Total Revenue": 129717000.0,
        "Operating Revenue": 129717000.0
    },
    "2024-12-31": {
        "Tax Effect Of Unusual Items": 0.0,
        "Tax Rate For Calcs": 0.202,
        "Normalized EBITDA": 16525000.0,
        "Net Income From Continuing Operation Net Minority Interest": 9268000.0,
        "Reconciled Depreciation": 4286000.0,
        "Reconciled Cost Of Revenue": 98762000.0,
        "EBITDA": 16525000.0,
        "EBIT": 12239000.0,
        "Net Interest Income": -309000.0,
        "Interest Expense": 620000.0,
        "Interest Income": 311000.0,
        "Normalized Income": 9268000.0,
        "Net Income From Continuing And Discontinued Operation": 9268000.0,
        "Total Expenses": 128754000.0,
        "Total Operating Income As Reported": 11928000.0,
        "Diluted Average Shares": 16456000.0,
        "Basic Average Shares": 15126000.0,
        "Diluted EPS": 0.57,
        "Basic EPS": 0.61,
        "Diluted NI Availto Com Stockholders": 9268000.0,
        "Net Income Common Stockholders": 9268000.0,
        "Otherunder Preferred Stock Dividend": NaN,
        "Net Income": 9268000.0,
        "Net Income Including Noncontrolling Interests": 9268000.0,
        "Net Income Continuous Operations": 9268000.0,
        "Tax Provision": 2351000.0,
        "Pretax Income": 11619000.0,
        "Net Non Operating Interest Income Expense": -309000.0,
        "Interest Expense Non Operating": 620000.0,
        "Interest Income Non Operating": 311000.0,
        "Operating Income": 11928000.0,
        "Operating Expense": 29992000.0,
        "Depreciation Amortization Depletion Income Statement": 4286000.0,
        "Depreciation And Amortization In Income Statement": 4286000.0,
        "Selling General And Administration": 25706000.0,
        "Gross Profit": 41920000.0,
        "Cost Of Revenue": 98762000.0,
        "Total Revenue": 140682000.0,
        "Operating Revenue": 140682000.0
    },
    "2025-03-31": {
        "Tax Effect Of Unusual Items": 0.0,
        "Tax Rate For Calcs": 0.192,
        "Normalized EBITDA": 17690000.0,
        "Net Income From Continuing Operation Net Minority Interest": 10469000.0,
        "Reconciled Depreciation": 4329000.0,
        "Reconciled Cost Of Revenue": 96017000.0,
        "EBITDA": 17690000.0,
        "EBIT": 13361000.0,
        "Net Interest Income": -372000.0,
        "Interest Expense": 404000.0,
        "Interest Income": 32000.0,
        "Normalized Income": 10469000.0,
        "Net Income From Continuing And Discontinued Operation": 10469000.0,
        "Total Expenses": 127407000.0,
        "Total Operating Income As Reported": 13329000.0,
        "Diluted Average Shares": 14404000.0,
        "Basic Average Shares": 13264000.0,
        "Diluted EPS": 0.73,
        "Basic EPS": 0.79,
        "Diluted NI Availto Com Stockholders": 10502000.0,
        "Net Income Common Stockholders": 10502000.0,
        "Otherunder Preferred Stock Dividend": -33000.0,
        "Net Income": 10469000.0,
        "Net Income Including Noncontrolling Interests": 10469000.0,
        "Net Income Continuous Operations": 10469000.0,
        "Tax Provision": 2488000.0,
        "Pretax Income": 12957000.0,
        "Net Non Operating Interest Income Expense": -372000.0,
        "Interest Expense Non Operating": 404000.0,
        "Interest Income Non Operating": 32000.0,
        "Operating Income": 13329000.0,
        "Operating Expense": 31390000.0,
        "Depreciation Amortization Depletion Income Statement": 4329000.0,
        "Depreciation And Amortization In Income Statement": 4329000.0,
        "Selling General And Administration": 27061000.0,
        "Gross Profit": 44719000.0,
        "Cost Of Revenue": 96017000.0,
        "Total Revenue": 140736000.0,
        "Operating Revenue": 140736000.0
    },
    "2025-06-30": {
        "Tax Effect Of Unusual Items": 0.0,
        "Tax Rate For Calcs": 0.189732,
        "Normalized EBITDA": 16539000.0,
        "Net Income From Continuing Operation Net Minority Interest": 9596000.0,
        "Reconciled Depreciation": 4248000.0,
        "Reconciled Cost Of Revenue": 100872000.0,
        "EBITDA": 16539000.0,
        "EBIT": 12291000.0,
        "Net Interest Income": -419000.0,
        "Interest Expense": 448000.0,
        "Interest Income": 29000.0,
        "Normalized Income": 9596000.0,
        "Net Income From Continuing And Discontinued Operation": 9596000.0,
        "Total Expenses": 134876000.0,
        "Total Operating Income As Reported": 12262000.0,
        "Diluted Average Shares": 14491000.0,
        "Basic Average Shares": 13380000.0,
        "Diluted EPS": 0.66,
        "Basic EPS": 0.72,
        "Diluted NI Availto Com Stockholders": 9418000.0,
        "Net Income Common Stockholders": 9418000.0,
        "Otherunder Preferred Stock Dividend": NaN,
        "Net Income": 9596000.0,
        "Net Income Including Noncontrolling Interests": 9596000.0,
        "Net Income Continuous Operations": 9596000.0,
        "Tax Provision": 2247000.0,
        "Pretax Income": 11843000.0,
        "Net Non Operating Interest Income Expense": -419000.0,
        "Interest Expense Non Operating": 448000.0,
        "Interest Income Non Operating": 29000.0,
        "Operating Income": 12262000.0,
        "Operating Expense": 34004000.0,
        "Depreciation Amortization Depletion Income Statement": 4248000.0,
        "Depreciation And Amortization In Income Statement": 4248000.0,
        "Selling General And Administration": 29756000.0,
        "Gross Profit": 46266000.0,
        "Cost Of Revenue": 100872000.0,
        "Total Revenue": 147138000.0,
        "Operating Revenue": 147138000.0
    },
    "2025-09-30": {
        "Tax Effect Of Unusual Items": 0.0,
        "Tax Rate For Calcs": 0.109,
        "Normalized EBITDA": 18107000.0,
        "Net Income From Continuing Operation Net Minority Interest": 12042000.0,
        "Reconciled Depreciation": 4378000.0,
        "Reconciled Cost Of Revenue": 106577000.0,
        "EBITDA": 18107000.0,
        "EBIT": 13729000.0,
        "Net Interest Income": -187000.0,
        "Interest Expense": 217000.0,
        "Interest Income": 30000.0,
        "Normalized Income": 12042000.0,
        "Net Income From Continuing And Discontinued Operation": 12042000.0,
        "Total Expenses": 137480000.0,
        "Total Operating Income As Reported": 13699000.0,
        "Diluted Average Shares": 14609000.0,
        "Basic Average Shares": 13360000.0,
        "Diluted EPS": 0.82,
        "Basic EPS": 0.9,
        "Diluted NI Availto Com Stockholders": 12042000.0,
        "Net Income Common Stockholders": 12042000.0,
        "Otherunder Preferred Stock Dividend": NaN,
        "Net Income": 12042000.0,
        "Net Income Including Noncontrolling Interests": 12042000.0,
        "Net Income Continuous Operations": 12042000.0,
        "Tax Provision": 1470000.0,
        "Pretax Income": 13512000.0,
        "Net Non Operating Interest Income Expense": -187000.0,
        "Interest Expense Non Operating": 217000.0,
        "Interest Income Non Operating": 30000.0,
        "Operating Income": 13699000.0,
        "Operating Expense": 30903000.0,
        "Depreciation Amortization Depletion Income Statement": 4378000.0,
        "Depreciation And Amortization In Income Statement": 4378000.0,
        "Selling General And Administration": 26525000.0,
        "Gross Profit": 44602000.0,
        "Cost Of Revenue": 106577000.0,
        "Total Revenue": 151179000.0,
        "Operating Revenue": 151179000.0
    }
}