{
    "2023-06-30": {
        "Tax Effect Of Unusual Items": -4223926.380368,
        "Tax Rate For Calcs": 0.078221,
        "Normalized EBITDA": 1582000000.0,
        "Total Unusual Items": -54000000.0,
        "Total Unusual Items Excluding Goodwill": -54000000.0,
        "Net Income From Continuing Operation Net Minority Interest": 125000000.0,
        "Reconciled Depreciation": 23000000.0,
        "Reconciled Cost Of Revenue": 231000000.0,
        "EBITDA": 1528000000.0,
        "EBIT": 1503000000.0,
        "Net Interest Income": -851000000.0,
        "Interest Expense": 851000000.0,
        "Normalized Income": 174776073.619632,
        "Net Income From Continuing And Discontinued Operation": 125000000.0,
        "Total Expenses": 349000000.0,
        "Rent Expense Supplemental": NaN,
        "Diluted Average Shares": 104463729.0,
        "Basic Average Shares": 103587557.0,
        "Diluted EPS": 1.2,
        "Basic EPS": 1.21,
        "Diluted NI Availto Com Stockholders": 125000000.0,
        "Net Income Common Stockholders": 125000000.0,
        "Net Income": 125000000.0,
        "Minority Interests": -476000000.0,
        "Net Income Including Noncontrolling Interests": 601000000.0,
        "Net Income Continuous Operations": 601000000.0,
        "Tax Provision": 51000000.0,
        "Pretax Income": 652000000.0,
        "Other Income Expense": -62000000.0,
        "Other Non Operating Income Expenses": -8000000.0,
        "Special Income Charges": 1000000.0,
        "Write Off": -1000000.0,
        "Gain On Sale Of Security": -55000000.0,
        "Net Non Operating Interest Income Expense": -851000000.0,
        "Interest Expense Non Operating": 851000000.0,
        "Operating Income": 1565000000.0,
        "Operating Expense": 120000000.0,
        "Other Operating Expenses": NaN,
        "Depreciation Amortization Depletion Income Statement": 25000000.0,
        "Depreciation And Amortization In Income Statement": 25000000.0,
        "Selling General And Administration": 95000000.0,
        "General And Administrative Expense": 95000000.0,
        "Other Gand A": 95000000.0,
        "Rent And Landing Fees": NaN,
        "Gross Profit": 1685000000.0,
        "Cost Of Revenue": 229000000.0,
        "Total Revenue": 1914000000.0,
        "Operating Revenue": 1867000000.0
    },
    "2023-03-31": {
        "Tax Effect Of Unusual Items": NaN,
        "Tax Rate For Calcs": NaN,
        "Normalized EBITDA": NaN,
        "Total Unusual Items": NaN,
        "Total Unusual Items Excluding Goodwill": NaN,
        "Net Income From Continuing Operation Net Minority Interest": NaN,
        "Reconciled Depreciation": NaN,
        "Reconciled Cost Of Revenue": NaN,
        "EBITDA": NaN,
        "EBIT": NaN,
        "Net Interest Income": NaN,
        "Interest Expense": NaN,
        "Normalized Income": NaN,
        "Net Income From Continuing And Discontinued Operation": NaN,
        "Total Expenses": NaN,
        "Rent Expense Supplemental": 24000000.0,
        "Diluted Average Shares": NaN,
        "Basic Average Shares": NaN,
        "Diluted EPS": NaN,
        "Basic EPS": NaN,
        "Diluted NI Availto Com Stockholders": NaN,
        "Net Income Common Stockholders": NaN,
        "Net Income": NaN,
        "Minority Interests": NaN,
        "Net Income Including Noncontrolling Interests": NaN,
        "Net Income Continuous Operations": NaN,
        "Tax Provision": NaN,
        "Pretax Income": NaN,
        "Other Income Expense": NaN,
        "Other Non Operating Income Expenses": NaN,
        "Special Income Charges": NaN,
        "Write Off": NaN,
        "Gain On Sale Of Security": NaN,
        "Net Non Operating Interest Income Expense": NaN,
        "Interest Expense Non Operating": NaN,
        "Operating Income": NaN,
        "Operating Expense": NaN,
        "Other Operating Expenses": -12000000.0,
        "Depreciation Amortization Depletion Income Statement": NaN,
        "Depreciation And Amortization In Income Statement": NaN,
        "Selling General And Administration": NaN,
        "General And Administrative Expense": NaN,
        "Other Gand A": NaN,
        "Rent And Landing Fees": 24000000.0,
        "Gross Profit": NaN,
        "Cost Of Revenue": NaN,
        "Total Revenue": NaN,
        "Operating Revenue": NaN
    },
    "2022-12-31": {
        "Tax Effect Of Unusual Items": NaN,
        "Tax Rate For Calcs": NaN,
        "Normalized EBITDA": NaN,
        "Total Unusual Items": NaN,
        "Total Unusual Items Excluding Goodwill": NaN,
        "Net Income From Continuing Operation Net Minority Interest": NaN,
        "Reconciled Depreciation": NaN,
        "Reconciled Cost Of Revenue": NaN,
        "EBITDA": NaN,
        "EBIT": NaN,
        "Net Interest Income": NaN,
        "Interest Expense": NaN,
        "Normalized Income": NaN,
        "Net Income From Continuing And Discontinued Operation": NaN,
        "Total Expenses": NaN,
        "Rent Expense Supplemental": 22000000.0,
        "Diluted Average Shares": NaN,
        "Basic Average Shares": NaN,
        "Diluted EPS": NaN,
        "Basic EPS": NaN,
        "Diluted NI Availto Com Stockholders": NaN,
        "Net Income Common Stockholders": NaN,
        "Net Income": NaN,
        "Minority Interests": NaN,
        "Net Income Including Noncontrolling Interests": NaN,
        "Net Income Continuous Operations": NaN,
        "Tax Provision": NaN,
        "Pretax Income": NaN,
        "Other Income Expense": NaN,
        "Other Non Operating Income Expenses": NaN,
        "Special Income Charges": NaN,
        "Write Off": NaN,
        "Gain On Sale Of Security": NaN,
        "Net Non Operating Interest Income Expense": NaN,
        "Interest Expense Non Operating": NaN,
        "Operating Income": NaN,
        "Operating Expense": NaN,
        "Other Operating Expenses": NaN,
        "Depreciation Amortization Depletion Income Statement": NaN,
        "Depreciation And Amortization In Income Statement": NaN,
        "Selling General And Administration": NaN,
        "General And Administrative Expense": NaN,
        "Other Gand A": NaN,
        "Rent And Landing Fees": 22000000.0,
        "Gross Profit": NaN,
        "Cost Of Revenue": NaN,
        "Total Revenue": NaN,
        "Operating Revenue": NaN
    },
    "2022-09-30": {
        "Tax Effect Of Unusual Items": NaN,
        "Tax Rate For Calcs": NaN,
        "Normalized EBITDA": NaN,
        "Total Unusual Items": NaN,
        "Total Unusual Items Excluding Goodwill": NaN,
        "Net Income From Continuing Operation Net Minority Interest": NaN,
        "Reconciled Depreciation": NaN,
        "Reconciled Cost Of Revenue": NaN,
        "EBITDA": NaN,
        "EBIT": NaN,
        "Net Interest Income": NaN,
        "Interest Expense": NaN,
        "Normalized Income": NaN,
        "Net Income From Continuing And Discontinued Operation": NaN,
        "Total Expenses": NaN,
        "Rent Expense Supplemental": 23000000.0,
        "Diluted Average Shares": NaN,
        "Basic Average Shares": NaN,
        "Diluted EPS": NaN,
        "Basic EPS": NaN,
        "Diluted NI Availto Com Stockholders": NaN,
        "Net Income Common Stockholders": NaN,
        "Net Income": NaN,
        "Minority Interests": NaN,
        "Net Income Including Noncontrolling Interests": NaN,
        "Net Income Continuous Operations": NaN,
        "Tax Provision": NaN,
        "Pretax Income": NaN,
        "Other Income Expense": NaN,
        "Other Non Operating Income Expenses": NaN,
        "Special Income Charges": NaN,
        "Write Off": NaN,
        "Gain On Sale Of Security": NaN,
        "Net Non Operating Interest Income Expense": NaN,
        "Interest Expense Non Operating": NaN,
        "Operating Income": NaN,
        "Operating Expense": NaN,
        "Other Operating Expenses": 8000000.0,
        "Depreciation Amortization Depletion Income Statement": NaN,
        "Depreciation And Amortization In Income Statement": NaN,
        "Selling General And Administration": NaN,
        "General And Administrative Expense": NaN,
        "Other Gand A": NaN,
        "Rent And Landing Fees": 23000000.0,
        "Gross Profit": NaN,
        "Cost Of Revenue": NaN,
        "Total Revenue": NaN,
        "Operating Revenue": NaN
    },
    "2022-06-30": {
        "Tax Effect Of Unusual Items": -81632.653061,
        "Tax Rate For Calcs": 0.081633,
        "Normalized EBITDA": 417000000.0,
        "Total Unusual Items": -1000000.0,
        "Total Unusual Items Excluding Goodwill": -1000000.0,
        "Net Income From Continuing Operation Net Minority Interest": 72000000.0,
        "Reconciled Depreciation": 23000000.0,
        "Reconciled Cost Of Revenue": 301000000.0,
        "EBITDA": 416000000.0,
        "EBIT": 393000000.0,
        "Normalized Income": 72918367.346939,
        "Net Income From Continuing And Discontinued Operation": 72000000.0,
        "Total Expenses": 375000000.0,
        "Rent Expense Supplemental": 23000000.0,
        "Diluted Average Shares": 99695489.0,
        "Basic Average Shares": 98853981.0,
        "Diluted EPS": 0.72,
        "Basic EPS": 0.73,
        "Diluted NI Availto Com Stockholders": 72000000.0,
        "Net Income Common Stockholders": 72000000.0,
        "Net Income": 72000000.0,
        "Minority Interests": -288000000.0,
        "Net Income Including Noncontrolling Interests": 360000000.0,
        "Net Income Continuous Operations": 360000000.0,
        "Tax Provision": 32000000.0,
        "Pretax Income": 392000000.0,
        "Other Income Expense": -1000000.0,
        "Other Non Operating Income Expenses": -57000000.0,
        "Special Income Charges": -1000000.0,
        "Write Off": 1000000.0,
        "Operating Income": 393000000.0,
        "Operating Expense": 74000000.0,
        "Other Operating Expenses": 3000000.0,
        "Depreciation Amortization Depletion Income Statement": 23000000.0,
        "Depreciation And Amortization In Income Statement": 23000000.0,
        "Selling General And Administration": 51000000.0,
        "General And Administrative Expense": 51000000.0,
        "Other Gand A": 51000000.0,
        "Rent And Landing Fees": 23000000.0,
        "Gross Profit": 467000000.0,
        "Cost Of Revenue": 301000000.0,
        "Total Revenue": 768000000.0,
        "Operating Revenue": 782000000.0
    },
    "2022-03-31": {
        "Diluted EPS": 0.74,
        "Total Revenue": 645,
        "Gross Profit": 574,
        "Operating Income": 395,
        "EBIT": 416,
        "Net Income": 73
    },
    "2021-12-31": {
        "Diluted EPS": 0.65,
        "Total Revenue": 603,
        "Gross Profit": 550,
        "Operating Income": 373,
        "EBIT": 355,
        "Net Income": 67
    },
    "2021-09-30": {
        "Diluted EPS": 0.43,
        "Total Revenue": 464,
        "Gross Profit": 403,
        "Operating Income": 234,
        "EBIT": 252,
        "Net Income": 42
    },
    "2021-06-30": {
        "Diluted EPS": 1.0,
        "Total Revenue": 754,
        "Gross Profit": 700,
        "Operating Income": 542,
        "EBIT": 560,
        "Net Income": 92
    },
    "2021-03-31": {
        "Diluted EPS": 1.16,
        "Total Revenue": 893,
        "Gross Profit": 825,
        "Operating Income": 641,
        "EBIT": 659,
        "Net Income": 107
    },
    "2020-12-31": {
        "Diluted EPS": 0.84,
        "Total Revenue": 599,
        "Gross Profit": 533,
        "Operating Income": 392,
        "EBIT": 389,
        "Net Income": 71
    },
    "2020-09-30": {
        "Diluted EPS": 0.58,
        "Total Revenue": 548,
        "Gross Profit": 474,
        "Operating Income": 337,
        "EBIT": 352,
        "Net Income": 46
    },
    "2020-06-30": {
        "Diluted EPS": 0.4,
        "Total Revenue": 539,
        "Gross Profit": 463,
        "Operating Income": 225,
        "EBIT": 240,
        "Net Income": 32
    },
    "2020-03-31": {
        "Diluted EPS": 0.6,
        "Total Revenue": 532,
        "Gross Profit": 455,
        "Operating Income": 315,
        "EBIT": 330,
        "Net Income": 46
    },
    "2019-12-31": {
        "Diluted EPS": 0.58,
        "Total Revenue": 500,
        "Gross Profit": 441,
        "Operating Income": 311,
        "EBIT": 327,
        "Net Income": 44
    },
    "2019-09-30": {
        "Diluted EPS": 0.45,
        "Total Revenue": 466,
        "Gross Profit": 398,
        "Operating Income": 279,
        "EBIT": 291,
        "Net Income": 36
    },
    "2019-06-30": {
        "Diluted EPS": 0.43,
        "Total Revenue": 413,
        "Gross Profit": 350,
        "Operating Income": 229,
        "EBIT": 241,
        "Net Income": 32
    },
    "2019-03-31": {
        "Diluted EPS": 0.64,
        "Total Revenue": 558,
        "Gross Profit": 497,
        "Operating Income": 382,
        "EBIT": 394,
        "Net Income": 49
    },
    "2018-12-31": {
        "Diluted EPS": 0.57,
        "Total Revenue": 492,
        "Gross Profit": 419,
        "Operating Income": 311,
        "EBIT": 319,
        "Net Income": 43
    },
    "2018-09-30": {
        "Diluted EPS": 0.51,
        "Total Revenue": 439,
        "Gross Profit": 382,
        "Operating Income": 275,
        "EBIT": 281,
        "Net Income": 39
    },
    "2018-06-30": {
        "Diluted EPS": 0.57,
        "Total Revenue": 445,
        "Gross Profit": 379,
        "Operating Income": 271,
        "EBIT": 276,
        "Net Income": 41
    },
    "2018-03-31": {
        "Diluted EPS": 0.63,
        "Total Revenue": 527,
        "Gross Profit": 454,
        "Operating Income": 343,
        "EBIT": 350,
        "Net Income": 46
    },
    "2017-12-31": {
        "Diluted EPS": -0.02,
        "Total Revenue": 515,
        "Gross Profit": 459,
        "Operating Income": 364,
        "EBIT": 371,
        "Net Income": -2
    },
    "2017-09-30": {
        "Diluted EPS": 0.43,
        "Total Revenue": 426,
        "Gross Profit": 365,
        "Operating Income": 268,
        "EBIT": 274,
        "Net Income": 31
    },
    "2017-06-30": {
        "Diluted EPS": 0.32,
        "Total Revenue": 387,
        "Gross Profit": 324,
        "Operating Income": 205,
        "EBIT": 211,
        "Net Income": 23
    },
    "2017-03-31": {
        "Diluted EPS": 0.34,
        "Total Revenue": 374,
        "Gross Profit": 313,
        "Operating Income": 214,
        "EBIT": 220,
        "Net Income": 24
    },
    "2016-12-31": {
        "Diluted EPS": 0.04,
        "Total Revenue": 193,
        "Gross Profit": 132,
        "Operating Income": 28,
        "EBIT": 35,
        "Net Income": 4
    },
    "2016-09-30": {
        "Diluted EPS": 0.3,
        "Total Revenue": 345,
        "Gross Profit": 283,
        "Operating Income": 186,
        "EBIT": 192,
        "Net Income": 20
    },
    "2016-06-30": {
        "Diluted EPS": 0.4,
        "Total Revenue": 369,
        "Gross Profit": 310,
        "Operating Income": 216,
        "EBIT": 222,
        "Net Income": 27
    },
    "2016-03-31": {
        "Diluted EPS": 0.51,
        "Total Revenue": 489,
        "Gross Profit": 427,
        "Operating Income": 337,
        "EBIT": 343,
        "Net Income": 33
    },
    "2015-12-31": {
        "Diluted EPS": 0.28,
        "Total Revenue": 271,
        "Gross Profit": 217,
        "Operating Income": 128,
        "EBIT": 134,
        "Net Income": 17
    },
    "2015-09-30": {
        "Diluted EPS": 0.35,
        "Total Revenue": 359,
        "Gross Profit": 296,
        "Operating Income": 209,
        "EBIT": 214,
        "Net Income": 22
    },
    "2015-06-30": {
        "Diluted EPS": 0.37,
        "Total Revenue": 387,
        "Gross Profit": 328,
        "Operating Income": 239,
        "EBIT": 245,
        "Net Income": 23
    },
    "2015-03-31": {
        "Diluted EPS": -0.22,
        "Total Revenue": 172,
        "Gross Profit": 117,
        "Operating Income": 28,
        "EBIT": 33,
        "Net Income": -13
    },
    "2014-12-31": {
        "Diluted EPS": 0.12,
        "Total Revenue": 208,
        "Gross Profit": 154,
        "Operating Income": 75,
        "EBIT": 81,
        "Net Income": 8
    },
    "2014-09-30": {
        "Diluted EPS": 0.05,
        "Total Revenue": 171,
        "Gross Profit": 119,
        "Operating Income": 41,
        "EBIT": 46,
        "Net Income": 3
    },
    "2014-06-30": {
        "Diluted EPS": 0.26,
        "Total Revenue": 309,
        "Gross Profit": 257,
        "Operating Income": 174,
        "EBIT": 178,
        "Net Income": 15
    },
    "2014-03-31": {
        "Diluted EPS": 0.34,
        "Total Revenue": 355,
        "Gross Profit": 301,
        "Operating Income": 219,
        "EBIT": 224,
        "Net Income": 19
    },
    "2013-12-31": {
        "Diluted EPS": 0.06,
        "Total Revenue": 250,
        "Gross Profit": 187,
        "Operating Income": 105,
        "EBIT": 111,
        "Net Income": 4
    },
    "2013-09-30": {
        "Diluted EPS": 0.32,
        "Total Revenue": 326,
        "Gross Profit": 270,
        "Operating Income": 196,
        "EBIT": 201,
        "Net Income": 16
    },
    "2013-06-30": {
        "Diluted EPS": 0.21,
        "Total Revenue": 284,
        "Gross Profit": 219,
        "Operating Income": 134,
        "EBIT": 138,
        "Net Income": 10
    },
    "2013-03-31": {
        "Diluted EPS": 0.14,
        "Total Revenue": 216,
        "Gross Profit": 157,
        "Operating Income": 82,
        "EBIT": 87,
        "Net Income": 7
    },
    "2012-12-31": {
        "Diluted EPS": 0.19,
        "Total Revenue": 247,
        "Gross Profit": 189,
        "Operating Income": 96,
        "EBIT": 101,
        "Net Income": 9
    },
    "2012-09-30": {
        "Diluted EPS": 0.26,
        "Total Revenue": 319,
        "Gross Profit": 257,
        "Operating Income": 173,
        "EBIT": 177,
        "Net Income": 12
    },
    "2012-06-30": {
        "Diluted EPS": 0.17,
        "Total Revenue": 261,
        "Gross Profit": 195,
        "Operating Income": 109,
        "EBIT": 113,
        "Net Income": 8
    },
    "2012-03-31": {
        "Diluted EPS": 0.27,
        "Total Revenue": 304,
        "Gross Profit": 239,
        "Operating Income": 150,
        "EBIT": 155,
        "Net Income": 12
    },
    "2011-12-31": {
        "Diluted EPS": 0.28,
        "Total Revenue": 308,
        "Gross Profit": 241,
        "Operating Income": 152,
        "EBIT": 157,
        "Net Income": 13
    },
    "2011-09-30": {
        "Diluted EPS": 0.48,
        "Total Revenue": 386,
        "Gross Profit": 303,
        "Operating Income": 218,
        "EBIT": 222,
        "Net Income": 22
    },
    "2011-06-30": {
        "Diluted EPS": 0.22,
        "Total Revenue": 297,
        "Gross Profit": 231,
        "Operating Income": 149,
        "EBIT": 154,
        "Net Income": 10
    },
    "2011-03-31": {
        "Diluted EPS": 0.39,
        "Total Revenue": 368,
        "Gross Profit": 302,
        "Operating Income": 222,
        "EBIT": 227,
        "Net Income": 17
    },
    "2010-12-31": {
        "Diluted EPS": -0.67,
        "Total Revenue": 186,
        "Gross Profit": 121,
        "Operating Income": 39,
        "EBIT": 44,
        "Net Income": -28
    },
    "2010-09-30": {
        "Diluted EPS": 0.26,
        "Total Revenue": 299,
        "Gross Profit": 237,
        "Operating Income": 162,
        "EBIT": 166,
        "Net Income": 11
    },
    "2010-06-30": {
        "Diluted EPS": 0.09,
        "Total Revenue": 226,
        "Gross Profit": 151,
        "Operating Income": 72,
        "EBIT": 76,
        "Net Income": 4
    },
    "2010-03-31": {
        "Diluted EPS": 0.09,
        "Total Revenue": 211,
        "Gross Profit": 141,
        "Operating Income": 65,
        "EBIT": 70,
        "Net Income": 4
    },
    "2009-12-31": {
        "Diluted EPS": -0.02,
        "Total Revenue": 200,
        "Gross Profit": 129,
        "Operating Income": 46,
        "EBIT": 52,
        "Net Income": -1
    },
    "2009-09-30": {
        "Diluted EPS": 0.2,
        "Total Revenue": 271,
        "Gross Profit": 202,
        "Operating Income": 133,
        "EBIT": 138,
        "Net Income": 8
    },
    "2009-06-30": {
        "Diluted EPS": 0.31,
        "Total Revenue": 332,
        "Gross Profit": 261,
        "Operating Income": 192,
        "EBIT": 197,
        "Net Income": 13
    },
    "2009-03-31": {
        "Diluted EPS": 0.3,
        "Total Revenue": 296,
        "Gross Profit": 235,
        "Operating Income": 167,
        "EBIT": 172,
        "Net Income": 13
    },
    "2023-09-30": {
        "Tax Effect Of Unusual Items": NaN,
        "Tax Rate For Calcs": NaN,
        "Normalized EBITDA": NaN,
        "Total Unusual Items": NaN,
        "Total Unusual Items Excluding Goodwill": NaN,
        "Net Income From Continuing Operation Net Minority Interest": NaN,
        "Reconciled Depreciation": NaN,
        "Reconciled Cost Of Revenue": NaN,
        "EBITDA": NaN,
        "EBIT": NaN,
        "Net Interest Income": NaN,
        "Interest Expense": NaN,
        "Normalized Income": NaN,
        "Net Income From Continuing And Discontinued Operation": NaN,
        "Total Expenses": NaN,
        "Diluted Average Shares": 214022854.0,
        "Basic Average Shares": 212467114.0,
        "Diluted EPS": 1.56,
        "Basic EPS": 1.57,
        "Diluted NI Availto Com Stockholders": NaN,
        "Net Income Common Stockholders": NaN,
        "Net Income": NaN,
        "Minority Interests": NaN,
        "Net Income Including Noncontrolling Interests": NaN,
        "Net Income Continuous Operations": NaN,
        "Tax Provision": NaN,
        "Pretax Income": NaN,
        "Other Income Expense": NaN,
        "Other Non Operating Income Expenses": NaN,
        "Special Income Charges": NaN,
        "Write Off": NaN,
        "Gain On Sale Of Security": NaN,
        "Net Non Operating Interest Income Expense": NaN,
        "Interest Expense Non Operating": NaN,
        "Operating Income": NaN,
        "Operating Expense": NaN,
        "Depreciation Amortization Depletion Income Statement": NaN,
        "Depreciation And Amortization In Income Statement": NaN,
        "Selling General And Administration": NaN,
        "General And Administrative Expense": NaN,
        "Other Gand A": NaN,
        "Gross Profit": NaN,
        "Cost Of Revenue": NaN,
        "Total Revenue": NaN,
        "Operating Revenue": NaN
    },
    "2023-12-31": {
        "Tax Effect Of Unusual Items": -1321078.431373,
        "Tax Rate For Calcs": 0.094363,
        "Normalized EBITDA": 1820000000.0,
        "Total Unusual Items": -14000000.0,
        "Total Unusual Items Excluding Goodwill": -14000000.0,
        "Net Income From Continuing Operation Net Minority Interest": 160000000.0,
        "Reconciled Depreciation": 25000000.0,
        "Reconciled Cost Of Revenue": 236000000.0,
        "EBITDA": 1806000000.0,
        "EBIT": 1781000000.0,
        "Net Interest Income": -965000000.0,
        "Interest Expense": 965000000.0,
        "Normalized Income": 172678921.568627,
        "Net Income From Continuing And Discontinued Operation": 160000000.0,
        "Total Expenses": 318000000.0,
        "Diluted Average Shares": NaN,
        "Basic Average Shares": NaN,
        "Diluted EPS": NaN,
        "Basic EPS": NaN,
        "Diluted NI Availto Com Stockholders": 160000000.0,
        "Net Income Common Stockholders": 160000000.0,
        "Net Income": 160000000.0,
        "Minority Interests": -579000000.0,
        "Net Income Including Noncontrolling Interests": 739000000.0,
        "Net Income Continuous Operations": 739000000.0,
        "Tax Provision": 77000000.0,
        "Pretax Income": 816000000.0,
        "Other Income Expense": 1000000.0,
        "Other Non Operating Income Expenses": 15000000.0,
        "Special Income Charges": -5000000.0,
        "Write Off": 5000000.0,
        "Gain On Sale Of Security": -9000000.0,
        "Net Non Operating Interest Income Expense": -965000000.0,
        "Interest Expense Non Operating": 965000000.0,
        "Operating Income": 1780000000.0,
        "Operating Expense": 82000000.0,
        "Depreciation Amortization Depletion Income Statement": 25000000.0,
        "Depreciation And Amortization In Income Statement": 25000000.0,
        "Selling General And Administration": 57000000.0,
        "General And Administrative Expense": 57000000.0,
        "Other Gand A": 57000000.0,
        "Gross Profit": 1862000000.0,
        "Cost Of Revenue": 236000000.0,
        "Total Revenue": 2098000000.0,
        "Operating Revenue": 2043000000.0
    },
    "2024-03-31": {
        "Tax Effect Of Unusual Items": -573903.002309,
        "Tax Rate For Calcs": 0.081986,
        "Normalized EBITDA": 1912000000.0,
        "Total Unusual Items": -7000000.0,
        "Total Unusual Items Excluding Goodwill": -7000000.0,
        "Net Income From Continuing Operation Net Minority Interest": 175000000.0,
        "Reconciled Depreciation": 24000000.0,
        "Reconciled Cost Of Revenue": 248000000.0,
        "EBITDA": 1905000000.0,
        "EBIT": 1879000000.0,
        "Net Interest Income": -1013000000.0,
        "Interest Expense": 1013000000.0,
        "Normalized Income": 181426096.997691,
        "Net Income From Continuing And Discontinued Operation": 175000000.0,
        "Total Expenses": 332000000.0,
        "Diluted Average Shares": 108149440.0,
        "Basic Average Shares": 107070830.0,
        "Diluted EPS": 1.61,
        "Basic EPS": 1.63,
        "Diluted NI Availto Com Stockholders": 175000000.0,
        "Net Income Common Stockholders": 175000000.0,
        "Net Income": 175000000.0,
        "Minority Interests": -620000000.0,
        "Net Income Including Noncontrolling Interests": 795000000.0,
        "Net Income Continuous Operations": 795000000.0,
        "Tax Provision": 71000000.0,
        "Pretax Income": 866000000.0,
        "Other Income Expense": 13000000.0,
        "Other Non Operating Income Expenses": 20000000.0,
        "Special Income Charges": -5000000.0,
        "Write Off": 5000000.0,
        "Gain On Sale Of Security": -2000000.0,
        "Net Non Operating Interest Income Expense": -1013000000.0,
        "Interest Expense Non Operating": 1013000000.0,
        "Operating Income": 1866000000.0,
        "Operating Expense": 86000000.0,
        "Depreciation Amortization Depletion Income Statement": 26000000.0,
        "Depreciation And Amortization In Income Statement": 26000000.0,
        "Selling General And Administration": 60000000.0,
        "General And Administrative Expense": 60000000.0,
        "Other Gand A": 60000000.0,
        "Gross Profit": 1952000000.0,
        "Cost Of Revenue": 246000000.0,
        "Total Revenue": 2198000000.0,
        "Operating Revenue": 2139000000.0
    },
    "2024-06-30": {
        "Tax Effect Of Unusual Items": -1775000.0,
        "Tax Rate For Calcs": 0.080682,
        "Normalized EBITDA": 1963000000.0,
        "Total Unusual Items": -22000000.0,
        "Total Unusual Items Excluding Goodwill": -22000000.0,
        "Net Income From Continuing Operation Net Minority Interest": 179000000.0,
        "Reconciled Depreciation": 24000000.0,
        "Reconciled Cost Of Revenue": 262000000.0,
        "EBITDA": 1941000000.0,
        "EBIT": 1916000000.0,
        "Net Interest Income": -1036000000.0,
        "Interest Expense": 1036000000.0,
        "Normalized Income": 199225000.0,
        "Net Income From Continuing And Discontinued Operation": 179000000.0,
        "Total Expenses": 348000000.0,
        "Diluted Average Shares": 433939394.0,
        "Basic Average Shares": 428742515.0,
        "Diluted EPS": 0.4125,
        "Basic EPS": 0.4175,
        "Diluted NI Availto Com Stockholders": 179000000.0,
        "Net Income Common Stockholders": 179000000.0,
        "Net Income": 179000000.0,
        "Minority Interests": -630000000.0,
        "Net Income Including Noncontrolling Interests": 809000000.0,
        "Net Income Continuous Operations": 809000000.0,
        "Tax Provision": 71000000.0,
        "Pretax Income": 880000000.0,
        "Other Income Expense": -38000000.0,
        "Other Non Operating Income Expenses": -16000000.0,
        "Special Income Charges": -2000000.0,
        "Write Off": 2000000.0,
        "Gain On Sale Of Security": -20000000.0,
        "Net Non Operating Interest Income Expense": -1036000000.0,
        "Interest Expense Non Operating": 1036000000.0,
        "Operating Income": 1954000000.0,
        "Operating Expense": 87000000.0,
        "Depreciation Amortization Depletion Income Statement": 25000000.0,
        "Depreciation And Amortization In Income Statement": 25000000.0,
        "Selling General And Administration": 62000000.0,
        "General And Administrative Expense": 62000000.0,
        "Other Gand A": 62000000.0,
        "Gross Profit": 2041000000.0,
        "Cost Of Revenue": 261000000.0,
        "Total Revenue": 2302000000.0,
        "Operating Revenue": 2234000000.0
    },
    "2024-09-30": {
        "Tax Effect Of Unusual Items": 1485148.514851,
        "Tax Rate For Calcs": 0.082508,
        "Normalized EBITDA": 2003000000.0,
        "Total Unusual Items": 18000000.0,
        "Total Unusual Items Excluding Goodwill": 18000000.0,
        "Net Income From Continuing Operation Net Minority Interest": 184000000.0,
        "Reconciled Depreciation": 25000000.0,
        "Reconciled Cost Of Revenue": 262000000.0,
        "EBITDA": 2021000000.0,
        "EBIT": 1995000000.0,
        "Net Interest Income": -1086000000.0,
        "Interest Expense": 1086000000.0,
        "Normalized Income": 167485148.514851,
        "Net Income From Continuing And Discontinued Operation": 184000000.0,
        "Total Expenses": 449000000.0,
        "Diluted Average Shares": 439779006.0,
        "Basic Average Shares": 434972678.0,
        "Diluted EPS": 0.4525,
        "Basic EPS": 0.4575,
        "Diluted NI Availto Com Stockholders": 184000000.0,
        "Net Income Common Stockholders": 184000000.0,
        "Net Income": 184000000.0,
        "Minority Interests": -650000000.0,
        "Net Income Including Noncontrolling Interests": 834000000.0,
        "Net Income Continuous Operations": 834000000.0,
        "Tax Provision": 75000000.0,
        "Pretax Income": 909000000.0,
        "Other Income Expense": 49000000.0,
        "Other Non Operating Income Expenses": 31000000.0,
        "Special Income Charges": -7000000.0,
        "Write Off": 7000000.0,
        "Gain On Sale Of Security": 25000000.0,
        "Net Non Operating Interest Income Expense": -1086000000.0,
        "Interest Expense Non Operating": 1086000000.0,
        "Operating Income": 1946000000.0,
        "Operating Expense": 188000000.0,
        "Depreciation Amortization Depletion Income Statement": 26000000.0,
        "Depreciation And Amortization In Income Statement": 26000000.0,
        "Selling General And Administration": 162000000.0,
        "General And Administrative Expense": 162000000.0,
        "Other Gand A": 162000000.0,
        "Gross Profit": 2134000000.0,
        "Cost Of Revenue": 261000000.0,
        "Total Revenue": 2395000000.0,
        "Operating Revenue": 2323000000.0
    },
    "2024-12-31": {
        "Tax Effect Of Unusual Items": -1297115.384615,
        "Tax Rate For Calcs": 0.068269,
        "Normalized EBITDA": 2139000000.0,
        "Total Unusual Items": -19000000.0,
        "Total Unusual Items Excluding Goodwill": -19000000.0,
        "Net Income From Continuing Operation Net Minority Interest": 217000000.0,
        "Reconciled Depreciation": 23000000.0,
        "Reconciled Cost Of Revenue": 254000000.0,
        "EBITDA": 2120000000.0,
        "EBIT": 2096000000.0,
        "Net Interest Income": -1056000000.0,
        "Interest Expense": 1056000000.0,
        "Normalized Income": 234702884.615385,
        "Net Income From Continuing And Discontinued Operation": 217000000.0,
        "Total Expenses": 346000000.0,
        "Diluted Average Shares": 436180905.0,
        "Basic Average Shares": 434000000.0,
        "Diluted EPS": 0.4975,
        "Basic EPS": 0.5,
        "Diluted NI Availto Com Stockholders": 217000000.0,
        "Net Income Common Stockholders": 217000000.0,
        "Net Income": 217000000.0,
        "Minority Interests": -752000000.0,
        "Net Income Including Noncontrolling Interests": 969000000.0,
        "Net Income Continuous Operations": 969000000.0,
        "Tax Provision": 71000000.0,
        "Pretax Income": 1040000000.0,
        "Other Income Expense": 21000000.0,
        "Other Non Operating Income Expenses": 40000000.0,
        "Special Income Charges": -1000000.0,
        "Write Off": 1000000.0,
        "Gain On Sale Of Security": -18000000.0,
        "Net Non Operating Interest Income Expense": -1056000000.0,
        "Interest Expense Non Operating": 1056000000.0,
        "Operating Income": 2075000000.0,
        "Operating Expense": 93000000.0,
        "Depreciation Amortization Depletion Income Statement": 24000000.0,
        "Depreciation And Amortization In Income Statement": 24000000.0,
        "Selling General And Administration": 69000000.0,
        "General And Administrative Expense": 69000000.0,
        "Other Gand A": 69000000.0,
        "Gross Profit": 2168000000.0,
        "Cost Of Revenue": 253000000.0,
        "Total Revenue": 2421000000.0,
        "Operating Revenue": 2340000000.0
    },
    "2025-03-31": {
        "Tax Effect Of Unusual Items": 1638862.559242,
        "Tax Rate For Calcs": 0.086256,
        "Normalized EBITDA": 2008000000.0,
        "Total Unusual Items": 19000000.0,
        "Total Unusual Items Excluding Goodwill": 19000000.0,
        "Net Income From Continuing Operation Net Minority Interest": 213000000.0,
        "Reconciled Depreciation": 22000000.0,
        "Reconciled Cost Of Revenue": 277000000.0,
        "EBITDA": 2027000000.0,
        "EBIT": 2003000000.0,
        "Net Interest Income": -948000000.0,
        "Interest Expense": 948000000.0,
        "Normalized Income": 195638862.559242,
        "Net Income From Continuing And Discontinued Operation": 213000000.0,
        "Total Expenses": 371000000.0,
        "Diluted Average Shares": 439175258.0,
        "Basic Average Shares": 436923077.0,
        "Diluted EPS": 0.485,
        "Basic EPS": 0.4875,
        "Diluted NI Availto Com Stockholders": 213000000.0,
        "Net Income Common Stockholders": 213000000.0,
        "Net Income": 213000000.0,
        "Minority Interests": -751000000.0,
        "Net Income Including Noncontrolling Interests": 964000000.0,
        "Net Income Continuous Operations": 964000000.0,
        "Tax Provision": 91000000.0,
        "Pretax Income": 1055000000.0,
        "Other Income Expense": 64000000.0,
        "Other Non Operating Income Expenses": 45000000.0,
        "Special Income Charges": -1000000.0,
        "Write Off": 1000000.0,
        "Gain On Sale Of Security": 20000000.0,
        "Net Non Operating Interest Income Expense": -948000000.0,
        "Interest Expense Non Operating": 948000000.0,
        "Operating Income": 1939000000.0,
        "Operating Expense": 96000000.0,
        "Depreciation Amortization Depletion Income Statement": 24000000.0,
        "Depreciation And Amortization In Income Statement": 24000000.0,
        "Selling General And Administration": 72000000.0,
        "General And Administrative Expense": 72000000.0,
        "Other Gand A": 72000000.0,
        "Gross Profit": 2035000000.0,
        "Cost Of Revenue": 275000000.0,
        "Total Revenue": 2310000000.0,
        "Operating Revenue": 2232000000.0
    },
    "2025-06-30": {
        "Tax Effect Of Unusual Items": -532608.695652,
        "Tax Rate For Calcs": 0.088768,
        "Normalized EBITDA": 2165000000.0,
        "Total Unusual Items": -6000000.0,
        "Total Unusual Items Excluding Goodwill": -6000000.0,
        "Net Income From Continuing Operation Net Minority Interest": 224000000.0,
        "Reconciled Depreciation": 23000000.0,
        "Reconciled Cost Of Revenue": 280000000.0,
        "EBITDA": 2159000000.0,
        "EBIT": 2135000000.0,
        "Net Interest Income": -1031000000.0,
        "Interest Expense": 1031000000.0,
        "Normalized Income": 229467391.304348,
        "Net Income From Continuing And Discontinued Operation": 224000000.0,
        "Total Expenses": 375000000.0,
        "Diluted Average Shares": 439215686.0,
        "Basic Average Shares": 439215686.0,
        "Diluted EPS": 0.51,
        "Basic EPS": 0.51,
        "Diluted NI Availto Com Stockholders": 224000000.0,
        "Net Income Common Stockholders": 224000000.0,
        "Net Income": 224000000.0,
        "Minority Interests": -782000000.0,
        "Net Income Including Noncontrolling Interests": 1006000000.0,
        "Net Income Continuous Operations": 1006000000.0,
        "Tax Provision": 98000000.0,
        "Pretax Income": 1104000000.0,
        "Other Income Expense": 41000000.0,
        "Other Non Operating Income Expenses": 47000000.0,
        "Special Income Charges": -1000000.0,
        "Write Off": 1000000.0,
        "Gain On Sale Of Security": -5000000.0,
        "Net Non Operating Interest Income Expense": -1031000000.0,
        "Interest Expense Non Operating": 1031000000.0,
        "Operating Income": 2094000000.0,
        "Operating Expense": 96000000.0,
        "Depreciation Amortization Depletion Income Statement": 24000000.0,
        "Depreciation And Amortization In Income Statement": 24000000.0,
        "Selling General And Administration": 72000000.0,
        "General And Administrative Expense": 72000000.0,
        "Other Gand A": 72000000.0,
        "Gross Profit": 2190000000.0,
        "Cost Of Revenue": 279000000.0,
        "Total Revenue": 2469000000.0,
        "Operating Revenue": 2407000000.0
    }
}