{
    "2023-03-31": {
        "Tax Effect Of Unusual Items": NaN,
        "Tax Rate For Calcs": NaN,
        "Normalized EBITDA": NaN,
        "Total Unusual Items": NaN,
        "Total Unusual Items Excluding Goodwill": NaN,
        "Net Income From Continuing Operation Net Minority Interest": NaN,
        "Reconciled Depreciation": NaN,
        "Reconciled Cost Of Revenue": NaN,
        "EBITDA": NaN,
        "EBIT": NaN,
        "Net Interest Income": NaN,
        "Interest Expense": NaN,
        "Normalized Income": NaN,
        "Net Income From Continuing And Discontinued Operation": NaN,
        "Total Expenses": NaN,
        "Total Operating Income As Reported": NaN,
        "Diluted Average Shares": 13881000.0,
        "Basic Average Shares": 13865000.0,
        "Diluted EPS": 0.000864,
        "Basic EPS": 0.000865,
        "Diluted NI Availto Com Stockholders": NaN,
        "Net Income Common Stockholders": NaN,
        "Net Income": NaN,
        "Net Income Including Noncontrolling Interests": NaN,
        "Net Income Continuous Operations": NaN,
        "Tax Provision": NaN,
        "Pretax Income": NaN,
        "Other Income Expense": NaN,
        "Special Income Charges": NaN,
        "Gain On Sale Of Ppe": NaN,
        "Other Special Charges": NaN,
        "Write Off": NaN,
        "Impairment Of Capital Assets": NaN,
        "Gain On Sale Of Security": NaN,
        "Net Non Operating Interest Income Expense": NaN,
        "Interest Expense Non Operating": NaN,
        "Operating Income": NaN,
        "Operating Expense": NaN,
        "Selling General And Administration": NaN,
        "Gross Profit": NaN,
        "Cost Of Revenue": NaN,
        "Total Revenue": NaN,
        "Operating Revenue": NaN
    },
    "2022-12-31": {
        "Tax Effect Of Unusual Items": NaN,
        "Tax Rate For Calcs": NaN,
        "Normalized EBITDA": NaN,
        "Total Unusual Items": NaN,
        "Total Unusual Items Excluding Goodwill": NaN,
        "Net Income From Continuing Operation Net Minority Interest": NaN,
        "Reconciled Depreciation": NaN,
        "Reconciled Cost Of Revenue": NaN,
        "EBITDA": NaN,
        "EBIT": NaN,
        "Net Interest Income": NaN,
        "Interest Expense": NaN,
        "Normalized Income": NaN,
        "Net Income From Continuing And Discontinued Operation": NaN,
        "Total Expenses": NaN,
        "Total Operating Income As Reported": NaN,
        "Diluted Average Shares": NaN,
        "Basic Average Shares": NaN,
        "Diluted EPS": NaN,
        "Basic EPS": NaN,
        "Diluted NI Availto Com Stockholders": NaN,
        "Net Income Common Stockholders": NaN,
        "Net Income": NaN,
        "Net Income Including Noncontrolling Interests": NaN,
        "Net Income Continuous Operations": NaN,
        "Tax Provision": NaN,
        "Pretax Income": NaN,
        "Other Income Expense": NaN,
        "Special Income Charges": NaN,
        "Gain On Sale Of Ppe": NaN,
        "Other Special Charges": 0.0,
        "Write Off": NaN,
        "Impairment Of Capital Assets": 350000.0,
        "Gain On Sale Of Security": 0.0,
        "Net Non Operating Interest Income Expense": NaN,
        "Interest Expense Non Operating": NaN,
        "Operating Income": NaN,
        "Operating Expense": NaN,
        "Selling General And Administration": NaN,
        "Gross Profit": NaN,
        "Cost Of Revenue": NaN,
        "Total Revenue": NaN,
        "Operating Revenue": NaN
    },
    "2022-09-30": {
        "Tax Effect Of Unusual Items": NaN,
        "Tax Rate For Calcs": NaN,
        "Normalized EBITDA": NaN,
        "Total Unusual Items": NaN,
        "Total Unusual Items Excluding Goodwill": NaN,
        "Net Income From Continuing Operation Net Minority Interest": NaN,
        "Reconciled Depreciation": NaN,
        "Reconciled Cost Of Revenue": NaN,
        "EBITDA": NaN,
        "EBIT": NaN,
        "Net Interest Income": NaN,
        "Interest Expense": NaN,
        "Normalized Income": NaN,
        "Net Income From Continuing And Discontinued Operation": NaN,
        "Total Expenses": NaN,
        "Total Operating Income As Reported": NaN,
        "Diluted Average Shares": NaN,
        "Basic Average Shares": NaN,
        "Diluted EPS": NaN,
        "Basic EPS": NaN,
        "Diluted NI Availto Com Stockholders": NaN,
        "Net Income Common Stockholders": NaN,
        "Net Income": NaN,
        "Net Income Including Noncontrolling Interests": NaN,
        "Net Income Continuous Operations": NaN,
        "Tax Provision": NaN,
        "Pretax Income": NaN,
        "Other Income Expense": NaN,
        "Special Income Charges": NaN,
        "Gain On Sale Of Ppe": NaN,
        "Other Special Charges": NaN,
        "Impairment Of Capital Assets": 0.0,
        "Gain On Sale Of Security": NaN,
        "Net Non Operating Interest Income Expense": NaN,
        "Interest Expense Non Operating": NaN,
        "Operating Income": NaN,
        "Operating Expense": NaN,
        "Selling General And Administration": NaN,
        "Gross Profit": NaN,
        "Cost Of Revenue": NaN,
        "Total Revenue": NaN,
        "Operating Revenue": NaN
    },
    "2022-06-30": {
        "Tax Effect Of Unusual Items": 3575600.0,
        "Tax Rate For Calcs": 0.4,
        "Normalized EBITDA": 8549000.0,
        "Total Unusual Items": 8939000.0,
        "Total Unusual Items Excluding Goodwill": 8939000.0,
        "Net Income From Continuing Operation Net Minority Interest": -2791000.0,
        "Reconciled Depreciation": 9848000.0,
        "Reconciled Cost Of Revenue": 38752000.0,
        "EBITDA": 17488000.0,
        "EBIT": 7640000.0,
        "Net Interest Income": -8232000.0,
        "Interest Expense": 8232000.0,
        "Normalized Income": -8154400.0,
        "Net Income From Continuing And Discontinued Operation": -2791000.0,
        "Total Expenses": 43612000.0,
        "Total Operating Income As Reported": -717000.0,
        "Diluted Average Shares": 13590000.0,
        "Basic Average Shares": 13590000.0,
        "Diluted EPS": -0.21,
        "Basic EPS": -0.21,
        "Diluted NI Availto Com Stockholders": -2791000.0,
        "Net Income Common Stockholders": -2791000.0,
        "Net Income": -2791000.0,
        "Net Income Including Noncontrolling Interests": -2791000.0,
        "Net Income Continuous Operations": -2791000.0,
        "Tax Provision": 2199000.0,
        "Pretax Income": -592000.0,
        "Other Income Expense": 8939000.0,
        "Special Income Charges": 582000.0,
        "Gain On Sale Of Ppe": 582000.0,
        "Other Special Charges": NaN,
        "Impairment Of Capital Assets": 0.0,
        "Gain On Sale Of Security": 8357000.0,
        "Net Non Operating Interest Income Expense": -8232000.0,
        "Interest Expense Non Operating": 8232000.0,
        "Operating Income": -1299000.0,
        "Operating Expense": 4860000.0,
        "Selling General And Administration": 4860000.0,
        "Gross Profit": 3561000.0,
        "Cost Of Revenue": 38752000.0,
        "Total Revenue": 42313000.0,
        "Operating Revenue": 40060000.0
    },
    "2022-03-31": {
        "Diluted EPS": -5.2,
        "Total Revenue": 35,
        "Gross Profit": 8,
        "Operating Income": -7,
        "EBIT": 4,
        "Net Income": -59
    },
    "2021-12-31": {
        "Diluted EPS": -3.5,
        "Total Revenue": 29,
        "Gross Profit": 5,
        "Operating Income": -9,
        "EBIT": 1,
        "Net Income": -31
    },
    "2021-09-30": {
        "Diluted EPS": -0.59,
        "Total Revenue": 24,
        "Gross Profit": 4,
        "Operating Income": -11,
        "EBIT": -1,
        "Net Income": -4
    },
    "2021-06-30": {
        "Diluted EPS": -2.22,
        "Total Revenue": 20,
        "Gross Profit": 3,
        "Operating Income": -11,
        "EBIT": -1,
        "Net Income": -15
    },
    "2021-03-31": {
        "Diluted EPS": -2.58,
        "Total Revenue": 16,
        "Gross Profit": 1,
        "Operating Income": -12,
        "EBIT": -2,
        "Net Income": -16
    },
    "2020-12-31": {
        "Diluted EPS": -6.97,
        "Total Revenue": 13,
        "Gross Profit": 1,
        "Operating Income": -39,
        "EBIT": -28,
        "Net Income": -43
    },
    "2020-09-30": {
        "Diluted EPS": -2.67,
        "Total Revenue": 10,
        "Gross Profit": 2,
        "Operating Income": -12,
        "EBIT": -1,
        "Net Income": -15
    },
    "2020-06-30": {
        "Diluted EPS": -2.52,
        "Total Revenue": 21,
        "Gross Profit": 7,
        "Operating Income": -6,
        "EBIT": 5,
        "Net Income": -10
    },
    "2020-03-31": {
        "Diluted EPS": -7.53,
        "Total Revenue": 38,
        "Gross Profit": 8,
        "Operating Income": -25,
        "EBIT": -13,
        "Net Income": -28
    },
    "2019-12-31": {
        "Diluted EPS": -9.28,
        "Total Revenue": 45,
        "Gross Profit": 11,
        "Operating Income": -32,
        "EBIT": -20,
        "Net Income": -35
    },
    "2019-09-30": {
        "Diluted EPS": -2.8,
        "Total Revenue": 45,
        "Gross Profit": 11,
        "Operating Income": -7,
        "EBIT": 5,
        "Net Income": -11
    },
    "2019-06-30": {
        "Diluted EPS": -3.4,
        "Total Revenue": 53,
        "Gross Profit": 15,
        "Operating Income": -6,
        "EBIT": 5,
        "Net Income": -13
    },
    "2019-03-31": {
        "Diluted EPS": -0.63,
        "Total Revenue": 60,
        "Gross Profit": 21,
        "Operating Income": -1,
        "EBIT": 10,
        "Net Income": -2
    },
    "2018-12-31": {
        "Diluted EPS": -2.4,
        "Total Revenue": 63,
        "Gross Profit": 23,
        "Operating Income": -4,
        "EBIT": 7,
        "Net Income": -9
    },
    "2018-09-30": {
        "Diluted EPS": -2.0,
        "Total Revenue": 28,
        "Gross Profit": 10,
        "Operating Income": -3,
        "EBIT": 4,
        "Net Income": -4
    },
    "2018-06-30": {
        "Diluted EPS": -1.8,
        "Total Revenue": 26,
        "Gross Profit": 8,
        "Operating Income": -2,
        "EBIT": 4,
        "Net Income": -3
    },
    "2018-03-31": {
        "Diluted EPS": -2.2,
        "Total Revenue": 26,
        "Gross Profit": 7,
        "Operating Income": -3,
        "EBIT": 3,
        "Net Income": -4
    },
    "2017-12-31": {
        "Diluted EPS": -2.8,
        "Total Revenue": 25,
        "Gross Profit": 6,
        "Operating Income": -5,
        "EBIT": 2,
        "Net Income": -6
    },
    "2017-09-30": {
        "Diluted EPS": -3.2,
        "Total Revenue": 23,
        "Gross Profit": 5,
        "Operating Income": -5,
        "EBIT": 1,
        "Net Income": -6
    },
    "2017-06-30": {
        "Diluted EPS": -3.4,
        "Total Revenue": 21,
        "Gross Profit": 5,
        "Operating Income": -6,
        "EBIT": 1,
        "Net Income": -6
    },
    "2017-03-31": {
        "Diluted EPS": -3.4,
        "Total Revenue": 20,
        "Gross Profit": 5,
        "Operating Income": -6,
        "EBIT": 1,
        "Net Income": -6
    },
    "2016-12-31": {
        "Diluted EPS": -6.8,
        "Total Revenue": 18,
        "Gross Profit": 6,
        "Operating Income": -10,
        "EBIT": -3,
        "Net Income": -10
    },
    "2016-09-30": {
        "Diluted EPS": -3.8,
        "Total Revenue": 14,
        "Gross Profit": 3,
        "Operating Income": -7,
        "EBIT": -1,
        "Net Income": -7
    },
    "2016-06-30": {
        "Diluted EPS": -2.4,
        "Total Revenue": 15,
        "Gross Profit": 8,
        "Operating Income": -3,
        "EBIT": 3,
        "Net Income": -4
    },
    "2016-03-31": {
        "Diluted EPS": -0.4,
        "Total Revenue": 22,
        "Gross Profit": 10,
        "Operating Income": 1,
        "EBIT": 7,
        "Net Income": 0
    },
    "2015-12-31": {
        "Diluted EPS": -4.4,
        "Total Revenue": 24,
        "Gross Profit": 9,
        "Operating Income": -4,
        "EBIT": 2,
        "Net Income": -5
    },
    "2015-09-30": {
        "Diluted EPS": -2.8,
        "Total Revenue": 21,
        "Gross Profit": 9,
        "Operating Income": -3,
        "EBIT": 3,
        "Net Income": -3
    },
    "2015-06-30": {
        "Diluted EPS": -0.6,
        "Total Revenue": 21,
        "Gross Profit": 9,
        "Operating Income": 0,
        "EBIT": 5,
        "Net Income": -1
    },
    "2015-03-31": {
        "Diluted EPS": 1.2,
        "Total Revenue": 22,
        "Gross Profit": 9,
        "Operating Income": 2,
        "EBIT": 6,
        "Net Income": 1
    },
    "2014-12-31": {
        "Diluted EPS": -28.2,
        "Total Revenue": 23,
        "Gross Profit": 10,
        "Operating Income": -29,
        "EBIT": 7,
        "Net Income": -25
    },
    "2014-09-30": {
        "Diluted EPS": -1.4,
        "Total Revenue": 19,
        "Gross Profit": 7,
        "Operating Income": -1,
        "EBIT": 4,
        "Net Income": -1
    },
    "2014-06-30": {
        "Diluted EPS": 2.6,
        "Total Revenue": 15,
        "Gross Profit": 5,
        "Operating Income": 1,
        "EBIT": 6,
        "Net Income": 2
    },
    "2014-03-31": {
        "Diluted EPS": -6.0,
        "Total Revenue": 14,
        "Gross Profit": 5,
        "Operating Income": -5,
        "EBIT": -2,
        "Net Income": -4
    },
    "2013-12-31": {
        "Diluted EPS": -0.4,
        "Total Revenue": 13,
        "Gross Profit": 5,
        "Operating Income": -1,
        "EBIT": 2,
        "Net Income": 0
    },
    "2013-09-30": {
        "Diluted EPS": 1.0,
        "Total Revenue": 12,
        "Gross Profit": 4,
        "Operating Income": 0,
        "EBIT": 2,
        "Net Income": 1
    },
    "2013-06-30": {
        "Diluted EPS": -1.0,
        "Total Revenue": 10,
        "Gross Profit": 3,
        "Operating Income": -1,
        "EBIT": 1,
        "Net Income": -1
    },
    "2013-03-31": {
        "Diluted EPS": -2.8,
        "Total Revenue": 8,
        "Gross Profit": 2,
        "Operating Income": -2,
        "EBIT": 0,
        "Net Income": -2
    },
    "2012-12-31": {
        "Diluted EPS": 0.0,
        "Total Revenue": NaN,
        "Gross Profit": NaN,
        "Operating Income": NaN,
        "EBIT": NaN,
        "Net Income": NaN
    },
    "2023-06-30": {
        "Tax Effect Of Unusual Items": -90724.873795,
        "Tax Rate For Calcs": 0.045204,
        "Normalized EBITDA": 17305000.0,
        "Total Unusual Items": -2007000.0,
        "Total Unusual Items Excluding Goodwill": -2007000.0,
        "Net Income From Continuing Operation Net Minority Interest": -4161000.0,
        "Reconciled Depreciation": 11405000.0,
        "Reconciled Cost Of Revenue": 45232000.0,
        "EBITDA": 15298000.0,
        "EBIT": 3893000.0,
        "Net Interest Income": -8251000.0,
        "Interest Expense": 8251000.0,
        "Normalized Income": -2244724.873795,
        "Net Income From Continuing And Discontinued Operation": -4161000.0,
        "Total Expenses": 50456000.0,
        "Total Operating Income As Reported": 3893000.0,
        "Diluted Average Shares": 14050000.0,
        "Basic Average Shares": 14050000.0,
        "Diluted EPS": -0.3,
        "Basic EPS": -0.3,
        "Diluted NI Availto Com Stockholders": -4161000.0,
        "Net Income Common Stockholders": -4161000.0,
        "Net Income": -4161000.0,
        "Net Income Including Noncontrolling Interests": -4161000.0,
        "Net Income Continuous Operations": -4161000.0,
        "Tax Provision": -197000.0,
        "Pretax Income": -4358000.0,
        "Other Income Expense": -2007000.0,
        "Special Income Charges": -2007000.0,
        "Gain On Sale Of Ppe": -2007000.0,
        "Other Special Charges": NaN,
        "Write Off": 0.0,
        "Impairment Of Capital Assets": NaN,
        "Gain On Sale Of Security": NaN,
        "Net Non Operating Interest Income Expense": -8251000.0,
        "Interest Expense Non Operating": 8251000.0,
        "Operating Income": 5900000.0,
        "Operating Expense": 5224000.0,
        "Selling General And Administration": 5224000.0,
        "Gross Profit": 11124000.0,
        "Cost Of Revenue": 45232000.0,
        "Total Revenue": 56356000.0,
        "Operating Revenue": 48960000.0
    },
    "2023-09-30": {
        "Tax Effect Of Unusual Items": 120400.0,
        "Tax Rate For Calcs": 0.1,
        "Normalized EBITDA": 9805000.0,
        "Total Unusual Items": 1204000.0,
        "Total Unusual Items Excluding Goodwill": 1204000.0,
        "Net Income From Continuing Operation Net Minority Interest": -7598000.0,
        "Reconciled Depreciation": 10229000.0,
        "Reconciled Cost Of Revenue": 37723000.0,
        "EBITDA": 11009000.0,
        "EBIT": 780000.0,
        "Net Interest Income": -9222000.0,
        "Interest Expense": 9222000.0,
        "Normalized Income": -8681600.0,
        "Net Income From Continuing And Discontinued Operation": -7598000.0,
        "Total Expenses": 44588000.0,
        "Total Operating Income As Reported": 780000.0,
        "Diluted Average Shares": 14071000.0,
        "Basic Average Shares": 14071000.0,
        "Diluted EPS": -0.54,
        "Basic EPS": -0.54,
        "Diluted NI Availto Com Stockholders": -7598000.0,
        "Net Income Common Stockholders": -7598000.0,
        "Net Income": -7598000.0,
        "Net Income Including Noncontrolling Interests": -7598000.0,
        "Net Income Continuous Operations": -7598000.0,
        "Tax Provision": -844000.0,
        "Pretax Income": -8442000.0,
        "Other Income Expense": 1204000.0,
        "Special Income Charges": 1204000.0,
        "Gain On Sale Of Ppe": 1454000.0,
        "Other Special Charges": NaN,
        "Write Off": NaN,
        "Impairment Of Capital Assets": 250000.0,
        "Gain On Sale Of Security": NaN,
        "Net Non Operating Interest Income Expense": -9222000.0,
        "Interest Expense Non Operating": 9222000.0,
        "Operating Income": -424000.0,
        "Operating Expense": 6865000.0,
        "Selling General And Administration": 6865000.0,
        "Gross Profit": 6441000.0,
        "Cost Of Revenue": 37723000.0,
        "Total Revenue": 44164000.0,
        "Operating Revenue": 40779000.0
    },
    "2023-12-31": {
        "Tax Effect Of Unusual Items": -490193.214791,
        "Tax Rate For Calcs": 0.034633,
        "Normalized EBITDA": 8090000.0,
        "Total Unusual Items": -14154000.0,
        "Total Unusual Items Excluding Goodwill": -14154000.0,
        "Net Income From Continuing Operation Net Minority Interest": -25951000.0,
        "Reconciled Depreciation": 11055000.0,
        "Reconciled Cost Of Revenue": 42527000.0,
        "EBITDA": -6064000.0,
        "EBIT": -17119000.0,
        "Net Interest Income": -9763000.0,
        "Interest Expense": 9763000.0,
        "Normalized Income": -12287193.214791,
        "Net Income From Continuing And Discontinued Operation": -25951000.0,
        "Total Expenses": 48795000.0,
        "Total Operating Income As Reported": -17119000.0,
        "Diluted Average Shares": NaN,
        "Basic Average Shares": NaN,
        "Diluted EPS": NaN,
        "Basic EPS": NaN,
        "Diluted NI Availto Com Stockholders": -25951000.0,
        "Net Income Common Stockholders": -25951000.0,
        "Net Income": -25951000.0,
        "Net Income Including Noncontrolling Interests": -25951000.0,
        "Net Income Continuous Operations": -25951000.0,
        "Tax Provision": -931000.0,
        "Pretax Income": -26882000.0,
        "Other Income Expense": -14154000.0,
        "Special Income Charges": -14154000.0,
        "Gain On Sale Of Ppe": 501000.0,
        "Other Special Charges": NaN,
        "Write Off": NaN,
        "Impairment Of Capital Assets": 14655000.0,
        "Gain On Sale Of Security": NaN,
        "Net Non Operating Interest Income Expense": -9763000.0,
        "Interest Expense Non Operating": 9763000.0,
        "Operating Income": -2965000.0,
        "Operating Expense": 6268000.0,
        "Selling General And Administration": 5683000.0,
        "Gross Profit": 3303000.0,
        "Cost Of Revenue": 42527000.0,
        "Total Revenue": 45830000.0,
        "Operating Revenue": 43085000.0
    },
    "2024-03-31": {
        "Tax Effect Of Unusual Items": 25100.0,
        "Tax Rate For Calcs": 0.025,
        "Normalized EBITDA": 11483000.0,
        "Total Unusual Items": 1004000.0,
        "Total Unusual Items Excluding Goodwill": 1004000.0,
        "Net Income From Continuing Operation Net Minority Interest": -8986000.0,
        "Reconciled Depreciation": 11826000.0,
        "Reconciled Cost Of Revenue": 42642000.0,
        "EBITDA": 12487000.0,
        "EBIT": 661000.0,
        "Net Interest Income": -9878000.0,
        "Interest Expense": 9878000.0,
        "Normalized Income": -9964900.0,
        "Net Income From Continuing And Discontinued Operation": -8986000.0,
        "Total Expenses": 46979000.0,
        "Total Operating Income As Reported": 661000.0,
        "Diluted Average Shares": 14504000.0,
        "Basic Average Shares": 14504000.0,
        "Diluted EPS": -0.62,
        "Basic EPS": -0.62,
        "Diluted NI Availto Com Stockholders": -8986000.0,
        "Net Income Common Stockholders": -8986000.0,
        "Net Income": -8986000.0,
        "Net Income Including Noncontrolling Interests": -8986000.0,
        "Net Income Continuous Operations": -8986000.0,
        "Tax Provision": -231000.0,
        "Pretax Income": -9217000.0,
        "Other Income Expense": 1004000.0,
        "Special Income Charges": 1004000.0,
        "Gain On Sale Of Ppe": 1004000.0,
        "Other Special Charges": NaN,
        "Write Off": NaN,
        "Impairment Of Capital Assets": NaN,
        "Gain On Sale Of Security": NaN,
        "Net Non Operating Interest Income Expense": -9878000.0,
        "Interest Expense Non Operating": 9878000.0,
        "Operating Income": -343000.0,
        "Operating Expense": 4337000.0,
        "Selling General And Administration": 4337000.0,
        "Gross Profit": 3994000.0,
        "Cost Of Revenue": 42642000.0,
        "Total Revenue": 46636000.0,
        "Operating Revenue": 43476000.0
    },
    "2024-06-30": {
        "Tax Effect Of Unusual Items": -213400.078108,
        "Tax Rate For Calcs": 0.06734,
        "Normalized EBITDA": 8061000.0,
        "Total Unusual Items": -3169000.0,
        "Total Unusual Items Excluding Goodwill": -3169000.0,
        "Net Income From Continuing Operation Net Minority Interest": -16717000.0,
        "Reconciled Depreciation": 12571000.0,
        "Reconciled Cost Of Revenue": 44106000.0,
        "EBITDA": 4892000.0,
        "EBIT": -7679000.0,
        "Net Interest Income": -10245000.0,
        "Interest Expense": 10245000.0,
        "Normalized Income": -13761400.078108,
        "Net Income From Continuing And Discontinued Operation": -16717000.0,
        "Total Expenses": 47837000.0,
        "Total Operating Income As Reported": -7679000.0,
        "Diluted Average Shares": 14521000.0,
        "Basic Average Shares": 14521000.0,
        "Diluted EPS": -1.15,
        "Basic EPS": -1.15,
        "Diluted NI Availto Com Stockholders": -16717000.0,
        "Net Income Common Stockholders": -16717000.0,
        "Net Income": -16717000.0,
        "Net Income Including Noncontrolling Interests": -16717000.0,
        "Net Income Continuous Operations": -16717000.0,
        "Tax Provision": -1207000.0,
        "Pretax Income": -17924000.0,
        "Other Income Expense": -3169000.0,
        "Special Income Charges": -3169000.0,
        "Gain On Sale Of Ppe": 1130000.0,
        "Other Special Charges": NaN,
        "Write Off": 4299000.0,
        "Impairment Of Capital Assets": NaN,
        "Gain On Sale Of Security": NaN,
        "Net Non Operating Interest Income Expense": -10245000.0,
        "Interest Expense Non Operating": 10245000.0,
        "Operating Income": -4510000.0,
        "Operating Expense": 3731000.0,
        "Selling General And Administration": 3731000.0,
        "Gross Profit": -779000.0,
        "Cost Of Revenue": 44106000.0,
        "Total Revenue": 43327000.0,
        "Operating Revenue": 39151000.0
    }
}