{
    "2023-03-31": {
        "Tax Effect Of Unusual Items": NaN,
        "Tax Rate For Calcs": NaN,
        "Normalized EBITDA": NaN,
        "Net Income From Continuing Operation Net Minority Interest": NaN,
        "Reconciled Depreciation": NaN,
        "Reconciled Cost Of Revenue": NaN,
        "EBITDA": NaN,
        "EBIT": NaN,
        "Net Interest Income": NaN,
        "Interest Expense": NaN,
        "Normalized Income": NaN,
        "Net Income From Continuing And Discontinued Operation": NaN,
        "Total Expenses": NaN,
        "Total Operating Income As Reported": NaN,
        "Diluted Average Shares": 18949000.0,
        "Basic Average Shares": 18779000.0,
        "Diluted EPS": 0.87,
        "Basic EPS": 0.87,
        "Diluted NI Availto Com Stockholders": NaN,
        "Net Income Common Stockholders": NaN,
        "Net Income": NaN,
        "Net Income Including Noncontrolling Interests": NaN,
        "Net Income Continuous Operations": NaN,
        "Tax Provision": NaN,
        "Pretax Income": NaN,
        "Other Income Expense": NaN,
        "Other Non Operating Income Expenses": NaN,
        "Net Non Operating Interest Income Expense": NaN,
        "Interest Expense Non Operating": NaN,
        "Operating Income": NaN,
        "Operating Expense": NaN,
        "Depreciation Amortization Depletion Income Statement": NaN,
        "Depreciation And Amortization In Income Statement": NaN,
        "Amortization": NaN,
        "Amortization Of Intangibles Income Statement": NaN,
        "Depreciation Income Statement": NaN,
        "Selling General And Administration": NaN,
        "Gross Profit": NaN,
        "Cost Of Revenue": NaN,
        "Total Revenue": NaN,
        "Operating Revenue": NaN
    },
    "2022-12-31": {
        "Tax Effect Of Unusual Items": 0.0,
        "Tax Rate For Calcs": 0.25543,
        "Normalized EBITDA": 36710000.0,
        "Net Income From Continuing Operation Net Minority Interest": 8879000.0,
        "Reconciled Depreciation": 15778000.0,
        "Reconciled Cost Of Revenue": 300064000.0,
        "EBITDA": 36710000.0,
        "EBIT": 20932000.0,
        "Net Interest Income": -9007000.0,
        "Interest Expense": 9007000.0,
        "Normalized Income": 8879000.0,
        "Net Income From Continuing And Discontinued Operation": 8879000.0,
        "Total Expenses": 452560000.0,
        "Total Operating Income As Reported": 23049000.0,
        "Diluted Average Shares": 19065000.0,
        "Basic Average Shares": 18855000.0,
        "Diluted EPS": 0.47,
        "Basic EPS": 0.47,
        "Diluted NI Availto Com Stockholders": 8879000.0,
        "Net Income Common Stockholders": 8879000.0,
        "Net Income": 8879000.0,
        "Net Income Including Noncontrolling Interests": 8879000.0,
        "Net Income Continuous Operations": 8879000.0,
        "Tax Provision": 3046000.0,
        "Pretax Income": 11925000.0,
        "Other Income Expense": -2117000.0,
        "Other Non Operating Income Expenses": -2117000.0,
        "Net Non Operating Interest Income Expense": -9007000.0,
        "Interest Expense Non Operating": 9007000.0,
        "Operating Income": 23049000.0,
        "Operating Expense": 152496000.0,
        "Depreciation Amortization Depletion Income Statement": 15778000.0,
        "Depreciation And Amortization In Income Statement": 15778000.0,
        "Amortization": 9494000.0,
        "Amortization Of Intangibles Income Statement": 9494000.0,
        "Depreciation Income Statement": 6284000.0,
        "Selling General And Administration": 136718000.0,
        "Gross Profit": 175545000.0,
        "Cost Of Revenue": 300064000.0,
        "Total Revenue": 475609000.0,
        "Operating Revenue": 475609000.0
    },
    "2022-09-30": {
        "Tax Effect Of Unusual Items": 0.0,
        "Tax Rate For Calcs": 0.117,
        "Normalized EBITDA": 43079000.0,
        "Net Income From Continuing Operation Net Minority Interest": 19105000.0,
        "Reconciled Depreciation": 13958000.0,
        "Reconciled Cost Of Revenue": 307295000.0,
        "EBITDA": 43079000.0,
        "EBIT": 29121000.0,
        "Net Interest Income": -7474000.0,
        "Interest Expense": 7474000.0,
        "Normalized Income": 19105000.0,
        "Net Income From Continuing And Discontinued Operation": 19105000.0,
        "Total Expenses": 439543000.0,
        "Total Operating Income As Reported": 28234000.0,
        "Diluted Average Shares": 19009000.0,
        "Basic Average Shares": 18826000.0,
        "Diluted EPS": 1.01,
        "Basic EPS": 1.01,
        "Diluted NI Availto Com Stockholders": 19105000.0,
        "Net Income Common Stockholders": 19105000.0,
        "Net Income": 19105000.0,
        "Net Income Including Noncontrolling Interests": 19105000.0,
        "Net Income Continuous Operations": 19105000.0,
        "Tax Provision": 2542000.0,
        "Pretax Income": 21647000.0,
        "Other Income Expense": 887000.0,
        "Other Non Operating Income Expenses": 887000.0,
        "Net Non Operating Interest Income Expense": -7474000.0,
        "Interest Expense Non Operating": 7474000.0,
        "Operating Income": 28234000.0,
        "Operating Expense": 132248000.0,
        "Depreciation Amortization Depletion Income Statement": 13958000.0,
        "Depreciation And Amortization In Income Statement": 13958000.0,
        "Amortization": 8661000.0,
        "Amortization Of Intangibles Income Statement": 8661000.0,
        "Depreciation Income Statement": 5297000.0,
        "Selling General And Administration": 118290000.0,
        "Gross Profit": 160482000.0,
        "Cost Of Revenue": 307295000.0,
        "Total Revenue": 467777000.0,
        "Operating Revenue": 467777000.0
    },
    "2022-06-30": {
        "Tax Effect Of Unusual Items": 0.0,
        "Tax Rate For Calcs": 0.286,
        "Normalized EBITDA": 39900000.0,
        "Net Income From Continuing Operation Net Minority Interest": 18397000.0,
        "Reconciled Depreciation": 10026000.0,
        "Reconciled Cost Of Revenue": 268905000.0,
        "EBITDA": 39900000.0,
        "EBIT": 29874000.0,
        "Net Interest Income": -4103000.0,
        "Interest Expense": 4103000.0,
        "Normalized Income": 18397000.0,
        "Net Income From Continuing And Discontinued Operation": 18397000.0,
        "Total Expenses": 393334000.0,
        "Total Operating Income As Reported": 29776000.0,
        "Diluted Average Shares": 18954000.0,
        "Basic Average Shares": 18796000.0,
        "Diluted EPS": 0.97,
        "Basic EPS": 0.98,
        "Diluted NI Availto Com Stockholders": 18397000.0,
        "Net Income Common Stockholders": 18397000.0,
        "Net Income": 18397000.0,
        "Net Income Including Noncontrolling Interests": 18397000.0,
        "Net Income Continuous Operations": 18397000.0,
        "Tax Provision": 7374000.0,
        "Pretax Income": 25771000.0,
        "Other Income Expense": 98000.0,
        "Other Non Operating Income Expenses": 98000.0,
        "Net Non Operating Interest Income Expense": -4103000.0,
        "Interest Expense Non Operating": 4103000.0,
        "Operating Income": 29776000.0,
        "Operating Expense": 124429000.0,
        "Depreciation Amortization Depletion Income Statement": 10026000.0,
        "Depreciation And Amortization In Income Statement": 10026000.0,
        "Amortization": 4963000.0,
        "Amortization Of Intangibles Income Statement": 4963000.0,
        "Depreciation Income Statement": 5063000.0,
        "Selling General And Administration": 114403000.0,
        "Gross Profit": 154205000.0,
        "Cost Of Revenue": 268905000.0,
        "Total Revenue": 423110000.0,
        "Operating Revenue": 423110000.0
    },
    "2022-03-31": {
        "Diluted EPS": 0.94,
        "Total Revenue": 413,
        "Gross Profit": 155,
        "Operating Income": 28,
        "EBIT": 38,
        "Net Income": 18
    },
    "2021-12-31": {
        "Diluted EPS": 0.62,
        "Total Revenue": 388,
        "Gross Profit": 141,
        "Operating Income": 19,
        "EBIT": 27,
        "Net Income": 12
    },
    "2021-09-30": {
        "Diluted EPS": 1.07,
        "Total Revenue": 394,
        "Gross Profit": 140,
        "Operating Income": 32,
        "EBIT": 40,
        "Net Income": 20
    },
    "2021-06-30": {
        "Diluted EPS": 1.07,
        "Total Revenue": 393,
        "Gross Profit": 146,
        "Operating Income": 32,
        "EBIT": 40,
        "Net Income": 20
    },
    "2021-03-31": {
        "Diluted EPS": 0.96,
        "Total Revenue": 378,
        "Gross Profit": 146,
        "Operating Income": 28,
        "EBIT": 37,
        "Net Income": 18
    },
    "2020-12-31": {
        "Diluted EPS": 0.66,
        "Total Revenue": 434,
        "Gross Profit": 139,
        "Operating Income": 22,
        "EBIT": 30,
        "Net Income": 13
    },
    "2020-09-30": {
        "Diluted EPS": 0.94,
        "Total Revenue": 360,
        "Gross Profit": 137,
        "Operating Income": 28,
        "EBIT": 37,
        "Net Income": 18
    },
    "2020-06-30": {
        "Diluted EPS": 0.72,
        "Total Revenue": 354,
        "Gross Profit": 131,
        "Operating Income": 23,
        "EBIT": 31,
        "Net Income": 14
    },
    "2020-03-31": {
        "Diluted EPS": 0.55,
        "Total Revenue": 358,
        "Gross Profit": 128,
        "Operating Income": 16,
        "EBIT": 25,
        "Net Income": 11
    },
    "2019-12-31": {
        "Diluted EPS": 1.01,
        "Total Revenue": 397,
        "Gross Profit": 133,
        "Operating Income": 28,
        "EBIT": 35,
        "Net Income": 19
    },
    "2019-09-30": {
        "Diluted EPS": 1.02,
        "Total Revenue": 374,
        "Gross Profit": 136,
        "Operating Income": 29,
        "EBIT": 36,
        "Net Income": 20
    },
    "2019-06-30": {
        "Diluted EPS": 0.76,
        "Total Revenue": 367,
        "Gross Profit": 132,
        "Operating Income": 23,
        "EBIT": 30,
        "Net Income": 15
    },
    "2019-03-31": {
        "Diluted EPS": 0.8,
        "Total Revenue": 341,
        "Gross Profit": 125,
        "Operating Income": 22,
        "EBIT": 29,
        "Net Income": 15
    },
    "2018-12-31": {
        "Diluted EPS": 0.96,
        "Total Revenue": 378,
        "Gross Profit": 129,
        "Operating Income": 29,
        "EBIT": 37,
        "Net Income": 19
    },
    "2018-09-30": {
        "Diluted EPS": 0.86,
        "Total Revenue": 333,
        "Gross Profit": 120,
        "Operating Income": 24,
        "EBIT": 31,
        "Net Income": 17
    },
    "2018-06-30": {
        "Diluted EPS": 0.71,
        "Total Revenue": 324,
        "Gross Profit": 118,
        "Operating Income": 21,
        "EBIT": 27,
        "Net Income": 14
    },
    "2018-03-31": {
        "Diluted EPS": 0.65,
        "Total Revenue": 303,
        "Gross Profit": 114,
        "Operating Income": 18,
        "EBIT": 24,
        "Net Income": 12
    },
    "2017-12-31": {
        "Diluted EPS": 1.4,
        "Total Revenue": 321,
        "Gross Profit": 114,
        "Operating Income": 20,
        "EBIT": 28,
        "Net Income": 27
    },
    "2017-09-30": {
        "Diluted EPS": 0.72,
        "Total Revenue": 305,
        "Gross Profit": 115,
        "Operating Income": 23,
        "EBIT": 31,
        "Net Income": 14
    },
    "2017-06-30": {
        "Diluted EPS": 0.63,
        "Total Revenue": 306,
        "Gross Profit": 115,
        "Operating Income": 22,
        "EBIT": 29,
        "Net Income": 12
    },
    "2017-03-31": {
        "Diluted EPS": 0.52,
        "Total Revenue": 296,
        "Gross Profit": 113,
        "Operating Income": 17,
        "EBIT": 24,
        "Net Income": 10
    },
    "2016-12-31": {
        "Diluted EPS": 0.64,
        "Total Revenue": 290,
        "Gross Profit": 107,
        "Operating Income": 22,
        "EBIT": 30,
        "Net Income": 13
    },
    "2016-09-30": {
        "Diluted EPS": 0.7,
        "Total Revenue": 307,
        "Gross Profit": 115,
        "Operating Income": 24,
        "EBIT": 31,
        "Net Income": 13
    },
    "2016-06-30": {
        "Diluted EPS": 0.55,
        "Total Revenue": 305,
        "Gross Profit": 111,
        "Operating Income": 19,
        "EBIT": 27,
        "Net Income": 11
    },
    "2016-03-31": {
        "Diluted EPS": 0.51,
        "Total Revenue": 284,
        "Gross Profit": 106,
        "Operating Income": 18,
        "EBIT": 25,
        "Net Income": 10
    },
    "2015-12-31": {
        "Diluted EPS": 0.54,
        "Total Revenue": 281,
        "Gross Profit": 107,
        "Operating Income": 19,
        "EBIT": 28,
        "Net Income": 11
    },
    "2015-09-30": {
        "Diluted EPS": 0.59,
        "Total Revenue": 289,
        "Gross Profit": 111,
        "Operating Income": 21,
        "EBIT": 30,
        "Net Income": 12
    },
    "2015-06-30": {
        "Diluted EPS": 0.47,
        "Total Revenue": 289,
        "Gross Profit": 111,
        "Operating Income": 19,
        "EBIT": 27,
        "Net Income": 9
    },
    "2015-03-31": {
        "Diluted EPS": 0.4,
        "Total Revenue": 274,
        "Gross Profit": 109,
        "Operating Income": 16,
        "EBIT": 24,
        "Net Income": 8
    },
    "2014-12-31": {
        "Diluted EPS": 0.43,
        "Total Revenue": 276,
        "Gross Profit": 108,
        "Operating Income": 17,
        "EBIT": 24,
        "Net Income": 9
    },
    "2014-09-30": {
        "Diluted EPS": 0.59,
        "Total Revenue": 265,
        "Gross Profit": 99,
        "Operating Income": 19,
        "EBIT": 24,
        "Net Income": 12
    },
    "2014-06-30": {
        "Diluted EPS": 0.5,
        "Total Revenue": 264,
        "Gross Profit": 97,
        "Operating Income": 18,
        "EBIT": 23,
        "Net Income": 10
    },
    "2014-03-31": {
        "Diluted EPS": 0.48,
        "Total Revenue": 245,
        "Gross Profit": 91,
        "Operating Income": 17,
        "EBIT": 22,
        "Net Income": 10
    },
    "2013-12-31": {
        "Diluted EPS": 0.37,
        "Total Revenue": 230,
        "Gross Profit": 87,
        "Operating Income": 13,
        "EBIT": 18,
        "Net Income": 8
    },
    "2013-09-30": {
        "Diluted EPS": 0.55,
        "Total Revenue": 244,
        "Gross Profit": 90,
        "Operating Income": 17,
        "EBIT": 22,
        "Net Income": 11
    },
    "2013-06-30": {
        "Diluted EPS": 0.52,
        "Total Revenue": 242,
        "Gross Profit": 90,
        "Operating Income": 17,
        "EBIT": 22,
        "Net Income": 10
    },
    "2013-03-31": {
        "Diluted EPS": 0.51,
        "Total Revenue": 234,
        "Gross Profit": 91,
        "Operating Income": 18,
        "EBIT": 23,
        "Net Income": 10
    },
    "2012-12-31": {
        "Diluted EPS": 0.46,
        "Total Revenue": 232,
        "Gross Profit": 85,
        "Operating Income": 15,
        "EBIT": 20,
        "Net Income": 9
    },
    "2012-09-30": {
        "Diluted EPS": 0.48,
        "Total Revenue": 238,
        "Gross Profit": 90,
        "Operating Income": 17,
        "EBIT": 23,
        "Net Income": 10
    },
    "2012-06-30": {
        "Diluted EPS": 0.52,
        "Total Revenue": 240,
        "Gross Profit": 92,
        "Operating Income": 18,
        "EBIT": 25,
        "Net Income": 10
    },
    "2012-03-31": {
        "Diluted EPS": 0.45,
        "Total Revenue": 228,
        "Gross Profit": 87,
        "Operating Income": 16,
        "EBIT": 22,
        "Net Income": 9
    },
    "2011-12-31": {
        "Diluted EPS": 0.44,
        "Total Revenue": 214,
        "Gross Profit": 83,
        "Operating Income": 14,
        "EBIT": 20,
        "Net Income": 9
    },
    "2011-09-30": {
        "Diluted EPS": 0.47,
        "Total Revenue": 219,
        "Gross Profit": 81,
        "Operating Income": 16,
        "EBIT": 21,
        "Net Income": 9
    },
    "2011-06-30": {
        "Diluted EPS": 0.45,
        "Total Revenue": 213,
        "Gross Profit": 80,
        "Operating Income": 16,
        "EBIT": 21,
        "Net Income": 9
    },
    "2011-03-31": {
        "Diluted EPS": 0.39,
        "Total Revenue": 195,
        "Gross Profit": 77,
        "Operating Income": 13,
        "EBIT": 19,
        "Net Income": 8
    },
    "2010-12-31": {
        "Diluted EPS": 0.35,
        "Total Revenue": 193,
        "Gross Profit": 74,
        "Operating Income": 12,
        "EBIT": 17,
        "Net Income": 7
    },
    "2010-09-30": {
        "Diluted EPS": 0.38,
        "Total Revenue": 198,
        "Gross Profit": 74,
        "Operating Income": 13,
        "EBIT": 18,
        "Net Income": 7
    },
    "2010-06-30": {
        "Diluted EPS": 0.37,
        "Total Revenue": 200,
        "Gross Profit": 75,
        "Operating Income": 13,
        "EBIT": 18,
        "Net Income": 7
    },
    "2010-03-31": {
        "Diluted EPS": 0.28,
        "Total Revenue": 174,
        "Gross Profit": 67,
        "Operating Income": 10,
        "EBIT": 16,
        "Net Income": 5
    },
    "2009-12-31": {
        "Diluted EPS": 0.37,
        "Total Revenue": 174,
        "Gross Profit": 67,
        "Operating Income": 4,
        "EBIT": 10,
        "Net Income": 6
    },
    "2009-09-30": {
        "Diluted EPS": 0.32,
        "Total Revenue": 167,
        "Gross Profit": 65,
        "Operating Income": 9,
        "EBIT": 15,
        "Net Income": 5
    },
    "2009-06-30": {
        "Diluted EPS": 0.33,
        "Total Revenue": 175,
        "Gross Profit": 71,
        "Operating Income": 10,
        "EBIT": 16,
        "Net Income": 5
    },
    "2009-03-31": {
        "Diluted EPS": 0.38,
        "Total Revenue": 158,
        "Gross Profit": 59,
        "Operating Income": 10,
        "EBIT": 13,
        "Net Income": 6
    },
    "2023-06-30": {
        "Tax Effect Of Unusual Items": 0.0,
        "Tax Rate For Calcs": 0.044,
        "Normalized EBITDA": 47483000.0,
        "Net Income From Continuing Operation Net Minority Interest": 20312000.0,
        "Reconciled Depreciation": 16113000.0,
        "Reconciled Cost Of Revenue": 325403000.0,
        "EBITDA": 47483000.0,
        "EBIT": 31370000.0,
        "Net Interest Income": -10132000.0,
        "Interest Expense": 10132000.0,
        "Normalized Income": 20312000.0,
        "Net Income From Continuing And Discontinued Operation": 20312000.0,
        "Total Expenses": 468038000.0,
        "Total Operating Income As Reported": 32047000.0,
        "Diluted Average Shares": 18919000.0,
        "Basic Average Shares": 18791000.0,
        "Diluted EPS": 1.07,
        "Basic EPS": 1.08,
        "Diluted NI Availto Com Stockholders": 20312000.0,
        "Net Income Common Stockholders": 20312000.0,
        "Net Income": 20312000.0,
        "Net Income Including Noncontrolling Interests": 20312000.0,
        "Net Income Continuous Operations": 20312000.0,
        "Tax Provision": 926000.0,
        "Pretax Income": 21238000.0,
        "Other Income Expense": -677000.0,
        "Other Non Operating Income Expenses": -677000.0,
        "Net Non Operating Interest Income Expense": -10132000.0,
        "Interest Expense Non Operating": 10132000.0,
        "Operating Income": 32047000.0,
        "Operating Expense": 142634000.0,
        "Depreciation Amortization Depletion Income Statement": 16112000.0,
        "Depreciation And Amortization In Income Statement": 16112000.0,
        "Amortization": 9286000.0,
        "Amortization Of Intangibles Income Statement": 9286000.0,
        "Depreciation Income Statement": 6826000.0,
        "Selling General And Administration": 126522000.0,
        "Gross Profit": 174681000.0,
        "Cost Of Revenue": 325404000.0,
        "Total Revenue": 500085000.0,
        "Operating Revenue": 500085000.0
    },
    "2023-09-30": {
        "Tax Effect Of Unusual Items": 0.0,
        "Tax Rate For Calcs": 0.014,
        "Normalized EBITDA": 49198000.0,
        "Net Income From Continuing Operation Net Minority Interest": 23740000.0,
        "Reconciled Depreciation": 14561000.0,
        "Reconciled Cost Of Revenue": 323504000.0,
        "EBITDA": 49198000.0,
        "EBIT": 34637000.0,
        "Net Interest Income": -10557000.0,
        "Interest Expense": 10557000.0,
        "Normalized Income": 23740000.0,
        "Net Income From Continuing And Discontinued Operation": 23740000.0,
        "Total Expenses": 469618000.0,
        "Total Operating Income As Reported": 31901000.0,
        "Diluted Average Shares": 18974000.0,
        "Basic Average Shares": 18815000.0,
        "Diluted EPS": 1.25,
        "Basic EPS": 1.26,
        "Diluted NI Availto Com Stockholders": 23740000.0,
        "Net Income Common Stockholders": 23740000.0,
        "Net Income": 23740000.0,
        "Net Income Including Noncontrolling Interests": 23740000.0,
        "Net Income Continuous Operations": 23740000.0,
        "Tax Provision": 340000.0,
        "Pretax Income": 24080000.0,
        "Other Income Expense": 2736000.0,
        "Other Non Operating Income Expenses": 2736000.0,
        "Net Non Operating Interest Income Expense": -10557000.0,
        "Interest Expense Non Operating": 10557000.0,
        "Operating Income": 31901000.0,
        "Operating Expense": 146114000.0,
        "Depreciation Amortization Depletion Income Statement": 14561000.0,
        "Depreciation And Amortization In Income Statement": 14561000.0,
        "Amortization": 8644000.0,
        "Amortization Of Intangibles Income Statement": 8644000.0,
        "Depreciation Income Statement": 5917000.0,
        "Selling General And Administration": 131553000.0,
        "Gross Profit": 178015000.0,
        "Cost Of Revenue": 323504000.0,
        "Total Revenue": 501519000.0,
        "Operating Revenue": 501519000.0
    },
    "2023-12-31": {
        "Tax Effect Of Unusual Items": 0.0,
        "Tax Rate For Calcs": 0.256134,
        "Normalized EBITDA": 53860000.0,
        "Net Income From Continuing Operation Net Minority Interest": 22162000.0,
        "Reconciled Depreciation": 14531000.0,
        "Reconciled Cost Of Revenue": 303546000.0,
        "EBITDA": 53860000.0,
        "EBIT": 39328000.0,
        "Net Interest Income": -9535000.0,
        "Interest Expense": 9535000.0,
        "Normalized Income": 22162000.0,
        "Net Income From Continuing And Discontinued Operation": 22162000.0,
        "Total Expenses": 441431000.0,
        "Total Operating Income As Reported": 36921000.0,
        "Diluted Average Shares": 19025000.0,
        "Basic Average Shares": 18823000.0,
        "Diluted EPS": 1.16,
        "Basic EPS": 1.18,
        "Diluted NI Availto Com Stockholders": 22162000.0,
        "Net Income Common Stockholders": 22162000.0,
        "Net Income": 22162000.0,
        "Net Income Including Noncontrolling Interests": 22162000.0,
        "Net Income Continuous Operations": 22162000.0,
        "Tax Provision": 7631000.0,
        "Pretax Income": 29793000.0,
        "Other Income Expense": 2407000.0,
        "Other Non Operating Income Expenses": 2407000.0,
        "Net Non Operating Interest Income Expense": -9535000.0,
        "Interest Expense Non Operating": 9535000.0,
        "Operating Income": 36921000.0,
        "Operating Expense": 137886000.0,
        "Depreciation Amortization Depletion Income Statement": 14532000.0,
        "Depreciation And Amortization In Income Statement": 14532000.0,
        "Amortization": 8307000.0,
        "Amortization Of Intangibles Income Statement": 8307000.0,
        "Depreciation Income Statement": 6225000.0,
        "Selling General And Administration": 123354000.0,
        "Gross Profit": 174807000.0,
        "Cost Of Revenue": 303545000.0,
        "Total Revenue": 478352000.0,
        "Operating Revenue": 478352000.0
    },
    "2024-03-31": {
        "Tax Effect Of Unusual Items": 0.0,
        "Tax Rate For Calcs": 0.204,
        "Normalized EBITDA": 56439000.0,
        "Net Income From Continuing Operation Net Minority Interest": 27317000.0,
        "Reconciled Depreciation": 13865000.0,
        "Reconciled Cost Of Revenue": 310533000.0,
        "EBITDA": 56439000.0,
        "EBIT": 42574000.0,
        "Net Interest Income": -8238000.0,
        "Interest Expense": 8238000.0,
        "Normalized Income": 27317000.0,
        "Net Income From Continuing And Discontinued Operation": 27317000.0,
        "Total Expenses": 453492000.0,
        "Total Operating Income As Reported": 40944000.0,
        "Diluted Average Shares": 18946000.0,
        "Basic Average Shares": 18757000.0,
        "Diluted EPS": 1.44,
        "Basic EPS": 1.46,
        "Diluted NI Availto Com Stockholders": 27317000.0,
        "Net Income Common Stockholders": 27317000.0,
        "Net Income": 27317000.0,
        "Net Income Including Noncontrolling Interests": 27317000.0,
        "Net Income Continuous Operations": 27317000.0,
        "Tax Provision": 7019000.0,
        "Pretax Income": 34336000.0,
        "Other Income Expense": 1630000.0,
        "Other Non Operating Income Expenses": 1630000.0,
        "Net Non Operating Interest Income Expense": -8238000.0,
        "Interest Expense Non Operating": 8238000.0,
        "Operating Income": 40944000.0,
        "Operating Expense": 142959000.0,
        "Depreciation Amortization Depletion Income Statement": 13865000.0,
        "Depreciation And Amortization In Income Statement": 13865000.0,
        "Amortization": 8291000.0,
        "Amortization Of Intangibles Income Statement": 8291000.0,
        "Depreciation Income Statement": 5574000.0,
        "Selling General And Administration": 129094000.0,
        "Gross Profit": 183903000.0,
        "Cost Of Revenue": 310533000.0,
        "Total Revenue": 494436000.0,
        "Operating Revenue": 494436000.0
    },
    "2024-06-30": {
        "Tax Effect Of Unusual Items": 0.0,
        "Tax Rate For Calcs": 0.263,
        "Normalized EBITDA": 55644000.0,
        "Net Income From Continuing Operation Net Minority Interest": 25611000.0,
        "Reconciled Depreciation": 13201000.0,
        "Reconciled Cost Of Revenue": 329330000.0,
        "EBITDA": 55644000.0,
        "EBIT": 42443000.0,
        "Net Interest Income": -7703000.0,
        "Interest Expense": 7703000.0,
        "Normalized Income": 25611000.0,
        "Net Income From Continuing And Discontinued Operation": 25611000.0,
        "Total Expenses": 469622000.0,
        "Total Operating Income As Reported": 42407000.0,
        "Diluted Average Shares": 18861000.0,
        "Basic Average Shares": 18738000.0,
        "Diluted EPS": 1.36,
        "Basic EPS": 1.37,
        "Diluted NI Availto Com Stockholders": 25611000.0,
        "Net Income Common Stockholders": 25611000.0,
        "Net Income": 25611000.0,
        "Net Income Including Noncontrolling Interests": 25611000.0,
        "Net Income Continuous Operations": 25611000.0,
        "Tax Provision": 9129000.0,
        "Pretax Income": 34740000.0,
        "Other Income Expense": 36000.0,
        "Other Non Operating Income Expenses": 36000.0,
        "Net Non Operating Interest Income Expense": -7703000.0,
        "Interest Expense Non Operating": 7703000.0,
        "Operating Income": 42407000.0,
        "Operating Expense": 140291000.0,
        "Depreciation Amortization Depletion Income Statement": 13200000.0,
        "Depreciation And Amortization In Income Statement": 13200000.0,
        "Amortization": 8291000.0,
        "Amortization Of Intangibles Income Statement": 8291000.0,
        "Depreciation Income Statement": 4909000.0,
        "Selling General And Administration": 127091000.0,
        "Gross Profit": 182698000.0,
        "Cost Of Revenue": 329331000.0,
        "Total Revenue": 512029000.0,
        "Operating Revenue": 512029000.0
    },
    "2024-09-30": {
        "Tax Effect Of Unusual Items": 0.0,
        "Tax Rate For Calcs": 0.138,
        "Normalized EBITDA": 58236000.0,
        "Net Income From Continuing Operation Net Minority Interest": 32679000.0,
        "Reconciled Depreciation": 13111000.0,
        "Reconciled Cost Of Revenue": 325047000.0,
        "EBITDA": 58236000.0,
        "EBIT": 45125000.0,
        "Net Interest Income": -7195000.0,
        "Interest Expense": 7195000.0,
        "Normalized Income": 32679000.0,
        "Net Income From Continuing And Discontinued Operation": 32679000.0,
        "Total Expenses": 470974000.0,
        "Total Operating Income As Reported": 46024000.0,
        "Diluted Average Shares": 18910000.0,
        "Basic Average Shares": 18760000.0,
        "Diluted EPS": 1.73,
        "Basic EPS": 1.74,
        "Diluted NI Availto Com Stockholders": 32679000.0,
        "Net Income Common Stockholders": 32679000.0,
        "Net Income": 32679000.0,
        "Net Income Including Noncontrolling Interests": 32679000.0,
        "Net Income Continuous Operations": 32679000.0,
        "Tax Provision": 5251000.0,
        "Pretax Income": 37930000.0,
        "Other Income Expense": -899000.0,
        "Other Non Operating Income Expenses": -899000.0,
        "Net Non Operating Interest Income Expense": -7195000.0,
        "Interest Expense Non Operating": 7195000.0,
        "Operating Income": 46024000.0,
        "Operating Expense": 145927000.0,
        "Depreciation Amortization Depletion Income Statement": 13111000.0,
        "Depreciation And Amortization In Income Statement": 13111000.0,
        "Amortization": 8291000.0,
        "Amortization Of Intangibles Income Statement": 8291000.0,
        "Depreciation Income Statement": 4820000.0,
        "Selling General And Administration": 132816000.0,
        "Gross Profit": 191951000.0,
        "Cost Of Revenue": 325047000.0,
        "Total Revenue": 516998000.0,
        "Operating Revenue": 516998000.0
    },
    "2024-12-31": {
        "Tax Effect Of Unusual Items": 0.0,
        "Tax Rate For Calcs": 0.208972,
        "Normalized EBITDA": 50806000.0,
        "Net Income From Continuing Operation Net Minority Interest": 24563000.0,
        "Reconciled Depreciation": 13299000.0,
        "Reconciled Cost Of Revenue": 317106000.0,
        "EBITDA": 50806000.0,
        "EBIT": 37506000.0,
        "Net Interest Income": -6454000.0,
        "Interest Expense": 6454000.0,
        "Normalized Income": 24563000.0,
        "Net Income From Continuing And Discontinued Operation": 24563000.0,
        "Total Expenses": 459857000.0,
        "Total Operating Income As Reported": 36467000.0,
        "Diluted Average Shares": 18897000.0,
        "Basic Average Shares": 18733000.0,
        "Diluted EPS": 1.3,
        "Basic EPS": 1.31,
        "Diluted NI Availto Com Stockholders": 24563000.0,
        "Net Income Common Stockholders": 24563000.0,
        "Net Income": 24563000.0,
        "Net Income Including Noncontrolling Interests": 24563000.0,
        "Net Income Continuous Operations": 24563000.0,
        "Tax Provision": 6489000.0,
        "Pretax Income": 31052000.0,
        "Other Income Expense": 1039000.0,
        "Other Non Operating Income Expenses": 1039000.0,
        "Net Non Operating Interest Income Expense": -6454000.0,
        "Interest Expense Non Operating": 6454000.0,
        "Operating Income": 36467000.0,
        "Operating Expense": 142752000.0,
        "Depreciation Amortization Depletion Income Statement": 13300000.0,
        "Depreciation And Amortization In Income Statement": 13300000.0,
        "Amortization": 8119000.0,
        "Amortization Of Intangibles Income Statement": 8119000.0,
        "Depreciation Income Statement": 5181000.0,
        "Selling General And Administration": 129452000.0,
        "Gross Profit": 179219000.0,
        "Cost Of Revenue": 317105000.0,
        "Total Revenue": 496324000.0,
        "Operating Revenue": 496324000.0
    },
    "2025-03-31": {
        "Tax Effect Of Unusual Items": 0.0,
        "Tax Rate For Calcs": 0.104997,
        "Normalized EBITDA": 52133000.0,
        "Net Income From Continuing Operation Net Minority Interest": 26851000.0,
        "Reconciled Depreciation": 14795000.0,
        "Reconciled Cost Of Revenue": 302542000.0,
        "EBITDA": 52133000.0,
        "EBIT": 37338000.0,
        "Net Interest Income": -7337000.0,
        "Interest Expense": 7337000.0,
        "Normalized Income": 26851000.0,
        "Net Income From Continuing And Discontinued Operation": 26851000.0,
        "Total Expenses": 449228000.0,
        "Total Operating Income As Reported": 38390000.0,
        "Diluted Average Shares": 18613000.0,
        "Basic Average Shares": 18506000.0,
        "Diluted EPS": 1.44,
        "Basic EPS": 1.45,
        "Diluted NI Availto Com Stockholders": 26851000.0,
        "Net Income Common Stockholders": 26851000.0,
        "Net Income": 26851000.0,
        "Net Income Including Noncontrolling Interests": 26851000.0,
        "Net Income Continuous Operations": 26851000.0,
        "Tax Provision": 3150000.0,
        "Pretax Income": 30001000.0,
        "Other Income Expense": -1052000.0,
        "Other Non Operating Income Expenses": -1052000.0,
        "Net Non Operating Interest Income Expense": -7337000.0,
        "Interest Expense Non Operating": 7337000.0,
        "Operating Income": 38390000.0,
        "Operating Expense": 146686000.0,
        "Depreciation Amortization Depletion Income Statement": 14795000.0,
        "Depreciation And Amortization In Income Statement": 14795000.0,
        "Amortization": 9477000.0,
        "Amortization Of Intangibles Income Statement": 9477000.0,
        "Depreciation Income Statement": 5318000.0,
        "Selling General And Administration": 131891000.0,
        "Gross Profit": 185076000.0,
        "Cost Of Revenue": 302542000.0,
        "Total Revenue": 487618000.0,
        "Operating Revenue": 487618000.0
    }
}