{
    "2023-03-31": {
        "Tax Effect Of Unusual Items": 0.0,
        "Tax Rate For Calcs": 0.21,
        "Normalized EBITDA": 12499000.0,
        "Net Income From Continuing Operation Net Minority Interest": -5000.0,
        "Reconciled Depreciation": 8489000.0,
        "Reconciled Cost Of Revenue": 188107000.0,
        "EBITDA": 12499000.0,
        "EBIT": 4010000.0,
        "Net Interest Income": -4550000.0,
        "Interest Expense": 4550000.0,
        "Normalized Income": -5000.0,
        "Net Income From Continuing And Discontinued Operation": -5000.0,
        "Total Expenses": 221076000.0,
        "Total Operating Income As Reported": 4794000.0,
        "Diluted Average Shares": 28984878.0,
        "Basic Average Shares": 28984878.0,
        "Diluted EPS": -0.000173,
        "Basic EPS": -0.000173,
        "Diluted NI Availto Com Stockholders": -5000.0,
        "Net Income Common Stockholders": -5000.0,
        "Net Income": -5000.0,
        "Net Income Including Noncontrolling Interests": -5000.0,
        "Net Income Continuous Operations": -5000.0,
        "Tax Provision": -535000.0,
        "Pretax Income": -540000.0,
        "Other Income Expense": -784000.0,
        "Other Non Operating Income Expenses": -784000.0,
        "Net Non Operating Interest Income Expense": -4550000.0,
        "Interest Expense Non Operating": 4550000.0,
        "Operating Income": 4794000.0,
        "Operating Expense": 28446000.0,
        "Depreciation Amortization Depletion Income Statement": 3966000.0,
        "Depreciation And Amortization In Income Statement": 3966000.0,
        "Amortization": 3966000.0,
        "Amortization Of Intangibles Income Statement": 3966000.0,
        "Research And Development": 4313000.0,
        "Selling General And Administration": 20167000.0,
        "Gross Profit": 33240000.0,
        "Cost Of Revenue": 192630000.0,
        "Total Revenue": 225870000.0,
        "Operating Revenue": 225870000.0
    },
    "2022-12-31": {
        "Tax Effect Of Unusual Items": 0.0,
        "Tax Rate For Calcs": 0.21,
        "Normalized EBITDA": 26261000.0,
        "Net Income From Continuing Operation Net Minority Interest": 14197000.0,
        "Reconciled Depreciation": 8357000.0,
        "Reconciled Cost Of Revenue": 248394000.0,
        "EBITDA": 26261000.0,
        "EBIT": 17904000.0,
        "Net Interest Income": -4212000.0,
        "Interest Expense": 4212000.0,
        "Normalized Income": 14197000.0,
        "Net Income From Continuing And Discontinued Operation": 14197000.0,
        "Total Expenses": 283705000.0,
        "Total Operating Income As Reported": 18015000.0,
        "Diluted Average Shares": 29046802.0,
        "Basic Average Shares": 28830505.0,
        "Diluted EPS": 0.49,
        "Basic EPS": 0.49,
        "Diluted NI Availto Com Stockholders": 14197000.0,
        "Net Income Common Stockholders": 14197000.0,
        "Net Income": 14197000.0,
        "Net Income Including Noncontrolling Interests": 14197000.0,
        "Net Income Continuous Operations": 14197000.0,
        "Tax Provision": -505000.0,
        "Pretax Income": 13692000.0,
        "Other Income Expense": -111000.0,
        "Other Non Operating Income Expenses": -111000.0,
        "Net Non Operating Interest Income Expense": -4212000.0,
        "Interest Expense Non Operating": 4212000.0,
        "Operating Income": 18015000.0,
        "Operating Expense": 30896000.0,
        "Depreciation Amortization Depletion Income Statement": 3942000.0,
        "Depreciation And Amortization In Income Statement": 3942000.0,
        "Amortization": 3942000.0,
        "Amortization Of Intangibles Income Statement": 3942000.0,
        "Research And Development": 4947000.0,
        "Selling General And Administration": 22007000.0,
        "Gross Profit": 48911000.0,
        "Cost Of Revenue": 252809000.0,
        "Total Revenue": 301720000.0,
        "Operating Revenue": 301720000.0
    },
    "2022-09-30": {
        "Tax Effect Of Unusual Items": 0.0,
        "Tax Rate For Calcs": 0.016,
        "Normalized EBITDA": 41106000.0,
        "Net Income From Continuing Operation Net Minority Interest": 29031000.0,
        "Reconciled Depreciation": 8349000.0,
        "Reconciled Cost Of Revenue": 287693000.0,
        "EBITDA": 41106000.0,
        "EBIT": 32757000.0,
        "Net Interest Income": -3249000.0,
        "Interest Expense": 3249000.0,
        "Normalized Income": 29031000.0,
        "Net Income From Continuing And Discontinued Operation": 29031000.0,
        "Total Expenses": 323096000.0,
        "Total Operating Income As Reported": 32547000.0,
        "Diluted Average Shares": 29050396.0,
        "Basic Average Shares": 28769135.0,
        "Diluted EPS": 1.0,
        "Basic EPS": 1.01,
        "Diluted NI Availto Com Stockholders": 29031000.0,
        "Net Income Common Stockholders": 29031000.0,
        "Net Income": 29031000.0,
        "Net Income Including Noncontrolling Interests": 29031000.0,
        "Net Income Continuous Operations": 29031000.0,
        "Tax Provision": 477000.0,
        "Pretax Income": 29508000.0,
        "Other Income Expense": 210000.0,
        "Other Non Operating Income Expenses": 210000.0,
        "Net Non Operating Interest Income Expense": -3249000.0,
        "Interest Expense Non Operating": 3249000.0,
        "Operating Income": 32547000.0,
        "Operating Expense": 31013000.0,
        "Depreciation Amortization Depletion Income Statement": 3959000.0,
        "Depreciation And Amortization In Income Statement": 3959000.0,
        "Amortization": 3959000.0,
        "Amortization Of Intangibles Income Statement": 3959000.0,
        "Research And Development": 4859000.0,
        "Selling General And Administration": 22195000.0,
        "Gross Profit": 63560000.0,
        "Cost Of Revenue": 292083000.0,
        "Total Revenue": 355643000.0,
        "Operating Revenue": 355643000.0
    },
    "2022-06-30": {
        "Tax Effect Of Unusual Items": 0.0,
        "Tax Rate For Calcs": 0.074911,
        "Normalized EBITDA": 34423000.0,
        "Net Income From Continuing Operation Net Minority Interest": 21537000.0,
        "Reconciled Depreciation": 9079000.0,
        "Reconciled Cost Of Revenue": 269675000.0,
        "EBITDA": 34423000.0,
        "EBIT": 25344000.0,
        "Net Interest Income": -2063000.0,
        "Interest Expense": 2063000.0,
        "Normalized Income": 21537000.0,
        "Net Income From Continuing And Discontinued Operation": 21537000.0,
        "Total Expenses": 304764000.0,
        "Total Operating Income As Reported": 24796000.0,
        "Diluted Average Shares": 29042519.0,
        "Basic Average Shares": 28665930.0,
        "Diluted EPS": 0.74,
        "Basic EPS": 0.75,
        "Diluted NI Availto Com Stockholders": 21537000.0,
        "Net Income Common Stockholders": 21537000.0,
        "Net Income": 21537000.0,
        "Net Income Including Noncontrolling Interests": 21537000.0,
        "Net Income Continuous Operations": 21537000.0,
        "Tax Provision": 1744000.0,
        "Pretax Income": 23281000.0,
        "Other Income Expense": 548000.0,
        "Other Non Operating Income Expenses": 548000.0,
        "Net Non Operating Interest Income Expense": -2063000.0,
        "Interest Expense Non Operating": 2063000.0,
        "Operating Income": 24796000.0,
        "Operating Expense": 30665000.0,
        "Depreciation Amortization Depletion Income Statement": 4655000.0,
        "Depreciation And Amortization In Income Statement": 4655000.0,
        "Amortization": 4655000.0,
        "Amortization Of Intangibles Income Statement": 4655000.0,
        "Research And Development": 4907000.0,
        "Selling General And Administration": 21103000.0,
        "Gross Profit": 55461000.0,
        "Cost Of Revenue": 274099000.0,
        "Total Revenue": 329560000.0,
        "Operating Revenue": 329560000.0
    },
    "2022-03-31": {
        "Diluted EPS": 0.28,
        "Total Revenue": 293,
        "Gross Profit": 44,
        "Operating Income": 10,
        "EBIT": 20,
        "Net Income": 8
    },
    "2021-12-31": {
        "Diluted EPS": 0.51,
        "Total Revenue": 287,
        "Gross Profit": 47,
        "Operating Income": 16,
        "EBIT": 25,
        "Net Income": 15
    },
    "2021-09-30": {
        "Diluted EPS": 0.64,
        "Total Revenue": 263,
        "Gross Profit": 44,
        "Operating Income": 21,
        "EBIT": 28,
        "Net Income": 19
    },
    "2021-06-30": {
        "Diluted EPS": 0.79,
        "Total Revenue": 282,
        "Gross Profit": 47,
        "Operating Income": 25,
        "EBIT": 31,
        "Net Income": 23
    },
    "2021-03-31": {
        "Diluted EPS": 0.51,
        "Total Revenue": 265,
        "Gross Profit": 40,
        "Operating Income": 18,
        "EBIT": 24,
        "Net Income": 15
    },
    "2020-12-31": {
        "Diluted EPS": 0.52,
        "Total Revenue": 245,
        "Gross Profit": 34,
        "Operating Income": 14,
        "EBIT": 21,
        "Net Income": 13
    },
    "2020-09-30": {
        "Diluted EPS": 0.45,
        "Total Revenue": 228,
        "Gross Profit": 33,
        "Operating Income": 13,
        "EBIT": 19,
        "Net Income": 11
    },
    "2020-06-30": {
        "Diluted EPS": 0.3,
        "Total Revenue": 222,
        "Gross Profit": 29,
        "Operating Income": 9,
        "EBIT": 15,
        "Net Income": 7
    },
    "2020-03-31": {
        "Diluted EPS": 0.15,
        "Total Revenue": 220,
        "Gross Profit": 29,
        "Operating Income": 6,
        "EBIT": 11,
        "Net Income": 3
    },
    "2019-12-31": {
        "Diluted EPS": 0.35,
        "Total Revenue": 189,
        "Gross Profit": 26,
        "Operating Income": 6,
        "EBIT": 12,
        "Net Income": 8
    },
    "2019-09-30": {
        "Diluted EPS": 0.04,
        "Total Revenue": 154,
        "Gross Profit": 21,
        "Operating Income": 3,
        "EBIT": 9,
        "Net Income": 1
    },
    "2019-06-30": {
        "Diluted EPS": 0.01,
        "Total Revenue": 139,
        "Gross Profit": 20,
        "Operating Income": 3,
        "EBIT": 9,
        "Net Income": 0
    },
    "2019-03-31": {
        "Diluted EPS": 0.07,
        "Total Revenue": 138,
        "Gross Profit": 20,
        "Operating Income": 3,
        "EBIT": 8,
        "Net Income": 2
    },
    "2018-12-31": {
        "Diluted EPS": 0.21,
        "Total Revenue": 141,
        "Gross Profit": 21,
        "Operating Income": 6,
        "EBIT": 12,
        "Net Income": 3
    },
    "2018-09-30": {
        "Diluted EPS": 0.39,
        "Total Revenue": 175,
        "Gross Profit": 28,
        "Operating Income": 12,
        "EBIT": 18,
        "Net Income": 10
    },
    "2018-06-30": {
        "Diluted EPS": 1.07,
        "Total Revenue": 249,
        "Gross Profit": 44,
        "Operating Income": 26,
        "EBIT": 32,
        "Net Income": 28
    },
    "2018-03-31": {
        "Diluted EPS": 0.63,
        "Total Revenue": 258,
        "Gross Profit": 43,
        "Operating Income": 21,
        "EBIT": 27,
        "Net Income": 17
    },
    "2017-12-31": {
        "Diluted EPS": 0.73,
        "Total Revenue": 183,
        "Gross Profit": 29,
        "Operating Income": 12,
        "EBIT": 17,
        "Net Income": 19
    },
    "2017-09-30": {
        "Diluted EPS": 0.54,
        "Total Revenue": 165,
        "Gross Profit": 24,
        "Operating Income": 9,
        "EBIT": 12,
        "Net Income": 14
    },
    "2017-06-30": {
        "Diluted EPS": 0.38,
        "Total Revenue": 160,
        "Gross Profit": 24,
        "Operating Income": 12,
        "EBIT": 15,
        "Net Income": 10
    },
    "2017-03-31": {
        "Diluted EPS": 0.5,
        "Total Revenue": 149,
        "Gross Profit": 24,
        "Operating Income": 14,
        "EBIT": 16,
        "Net Income": 13
    },
    "2016-12-31": {
        "Diluted EPS": 0.02,
        "Total Revenue": 131,
        "Gross Profit": 21,
        "Operating Income": 10,
        "EBIT": 12,
        "Net Income": 8
    },
    "2016-09-30": {
        "Diluted EPS": 0.08,
        "Total Revenue": 106,
        "Gross Profit": 17,
        "Operating Income": 7,
        "EBIT": 9,
        "Net Income": 0
    },
    "2016-06-30": {
        "Diluted EPS": 0.02,
        "Total Revenue": 95,
        "Gross Profit": 15,
        "Operating Income": 5,
        "EBIT": 8,
        "Net Income": 0
    },
    "2016-03-31": {
        "Diluted EPS": 0.0,
        "Total Revenue": 73,
        "Gross Profit": 12,
        "Operating Income": 3,
        "EBIT": 5,
        "Net Income": NaN
    },
    "2015-12-31": {
        "Diluted EPS": 0.0,
        "Total Revenue": NaN,
        "Gross Profit": NaN,
        "Operating Income": NaN,
        "EBIT": NaN,
        "Net Income": NaN
    },
    "2014-12-31": {
        "Diluted EPS": 0.0,
        "Total Revenue": NaN,
        "Gross Profit": NaN,
        "Operating Income": NaN,
        "EBIT": NaN,
        "Net Income": NaN
    },
    "2023-06-30": {
        "Tax Effect Of Unusual Items": 0.0,
        "Tax Rate For Calcs": 0.21,
        "Normalized EBITDA": 5650000.0,
        "Net Income From Continuing Operation Net Minority Interest": -20656000.0,
        "Reconciled Depreciation": 8656000.0,
        "Reconciled Cost Of Revenue": 154570000.0,
        "EBITDA": 5650000.0,
        "EBIT": -3006000.0,
        "Net Interest Income": -5030000.0,
        "Interest Expense": 5030000.0,
        "Normalized Income": -20656000.0,
        "Net Income From Continuing And Discontinued Operation": -20656000.0,
        "Total Expenses": 187914000.0,
        "Total Operating Income As Reported": -2906000.0,
        "Diluted Average Shares": 29116413.0,
        "Basic Average Shares": 29116413.0,
        "Diluted EPS": -0.71,
        "Basic EPS": -0.71,
        "Diluted NI Availto Com Stockholders": -20656000.0,
        "Net Income Common Stockholders": -20656000.0,
        "Net Income": -20656000.0,
        "Net Income Including Noncontrolling Interests": -20656000.0,
        "Net Income Continuous Operations": -20656000.0,
        "Tax Provision": 12620000.0,
        "Pretax Income": -8036000.0,
        "Other Income Expense": -100000.0,
        "Other Non Operating Income Expenses": -100000.0,
        "Net Non Operating Interest Income Expense": -5030000.0,
        "Interest Expense Non Operating": 5030000.0,
        "Operating Income": -2906000.0,
        "Operating Expense": 28648000.0,
        "Depreciation Amortization Depletion Income Statement": 3960000.0,
        "Depreciation And Amortization In Income Statement": 3960000.0,
        "Amortization": 3960000.0,
        "Amortization Of Intangibles Income Statement": 3960000.0,
        "Research And Development": 5188000.0,
        "Selling General And Administration": 19500000.0,
        "Gross Profit": 25742000.0,
        "Cost Of Revenue": 159266000.0,
        "Total Revenue": 185008000.0,
        "Operating Revenue": 185008000.0
    },
    "2023-09-30": {
        "Tax Effect Of Unusual Items": NaN,
        "Tax Rate For Calcs": NaN,
        "Normalized EBITDA": NaN,
        "Net Income From Continuing Operation Net Minority Interest": NaN,
        "Reconciled Depreciation": NaN,
        "Reconciled Cost Of Revenue": NaN,
        "EBITDA": NaN,
        "EBIT": NaN,
        "Net Interest Income": NaN,
        "Interest Expense": NaN,
        "Normalized Income": NaN,
        "Net Income From Continuing And Discontinued Operation": NaN,
        "Total Expenses": NaN,
        "Total Operating Income As Reported": NaN,
        "Diluted Average Shares": 29297347.0,
        "Basic Average Shares": 29297347.0,
        "Diluted EPS": -0.36,
        "Basic EPS": -0.36,
        "Diluted NI Availto Com Stockholders": NaN,
        "Net Income Common Stockholders": NaN,
        "Net Income": NaN,
        "Net Income Including Noncontrolling Interests": NaN,
        "Net Income Continuous Operations": NaN,
        "Tax Provision": NaN,
        "Pretax Income": NaN,
        "Other Income Expense": NaN,
        "Other Non Operating Income Expenses": NaN,
        "Net Non Operating Interest Income Expense": NaN,
        "Interest Expense Non Operating": NaN,
        "Operating Income": NaN,
        "Operating Expense": NaN,
        "Depreciation Amortization Depletion Income Statement": NaN,
        "Depreciation And Amortization In Income Statement": NaN,
        "Amortization": NaN,
        "Amortization Of Intangibles Income Statement": NaN,
        "Research And Development": NaN,
        "Selling General And Administration": NaN,
        "Gross Profit": NaN,
        "Cost Of Revenue": NaN,
        "Total Revenue": NaN,
        "Operating Revenue": NaN
    },
    "2023-12-31": {
        "Tax Effect Of Unusual Items": 0.0,
        "Tax Rate For Calcs": 0.049069,
        "Normalized EBITDA": 691000.0,
        "Net Income From Continuing Operation Net Minority Interest": -11899000.0,
        "Reconciled Depreciation": 8541000.0,
        "Reconciled Cost Of Revenue": 177764000.0,
        "EBITDA": 691000.0,
        "EBIT": -7850000.0,
        "Net Interest Income": -4663000.0,
        "Interest Expense": 4663000.0,
        "Normalized Income": -11899000.0,
        "Net Income From Continuing And Discontinued Operation": -11899000.0,
        "Total Expenses": 211440000.0,
        "Total Operating Income As Reported": -7959000.0,
        "Diluted Average Shares": 29404548.0,
        "Basic Average Shares": 29404548.0,
        "Diluted EPS": -0.4,
        "Basic EPS": -0.4,
        "Diluted NI Availto Com Stockholders": -11899000.0,
        "Net Income Common Stockholders": -11899000.0,
        "Net Income": -11899000.0,
        "Net Income Including Noncontrolling Interests": -11899000.0,
        "Net Income Continuous Operations": -11899000.0,
        "Tax Provision": -614000.0,
        "Pretax Income": -12513000.0,
        "Other Income Expense": 109000.0,
        "Other Non Operating Income Expenses": 109000.0,
        "Net Non Operating Interest Income Expense": -4663000.0,
        "Interest Expense Non Operating": 4663000.0,
        "Operating Income": -7959000.0,
        "Operating Expense": 28304000.0,
        "Depreciation Amortization Depletion Income Statement": 3169000.0,
        "Depreciation And Amortization In Income Statement": 3169000.0,
        "Amortization": 3169000.0,
        "Amortization Of Intangibles Income Statement": 3169000.0,
        "Research And Development": 5534000.0,
        "Selling General And Administration": 19601000.0,
        "Gross Profit": 20345000.0,
        "Cost Of Revenue": 183136000.0,
        "Total Revenue": 203481000.0,
        "Operating Revenue": 203481000.0
    },
    "2024-03-31": {
        "Tax Effect Of Unusual Items": 0.0,
        "Tax Rate For Calcs": 0.21,
        "Normalized EBITDA": 3576000.0,
        "Net Income From Continuing Operation Net Minority Interest": -8989000.0,
        "Reconciled Depreciation": 7556000.0,
        "Reconciled Cost Of Revenue": 172979000.0,
        "EBITDA": 3576000.0,
        "EBIT": -3980000.0,
        "Net Interest Income": -4096000.0,
        "Interest Expense": 4096000.0,
        "Normalized Income": -8989000.0,
        "Net Income From Continuing And Discontinued Operation": -8989000.0,
        "Total Expenses": 205124000.0,
        "Total Operating Income As Reported": -3741000.0,
        "Diluted Average Shares": 30010971.0,
        "Basic Average Shares": 30010971.0,
        "Diluted EPS": -0.3,
        "Basic EPS": -0.3,
        "Diluted NI Availto Com Stockholders": -8989000.0,
        "Net Income Common Stockholders": -8989000.0,
        "Net Income": -8989000.0,
        "Net Income Including Noncontrolling Interests": -8989000.0,
        "Net Income Continuous Operations": -8989000.0,
        "Tax Provision": 913000.0,
        "Pretax Income": -8076000.0,
        "Other Income Expense": -239000.0,
        "Other Non Operating Income Expenses": -239000.0,
        "Net Non Operating Interest Income Expense": -4096000.0,
        "Interest Expense Non Operating": 4096000.0,
        "Operating Income": -3741000.0,
        "Operating Expense": 26735000.0,
        "Depreciation Amortization Depletion Income Statement": 2146000.0,
        "Depreciation And Amortization In Income Statement": 2146000.0,
        "Amortization": 2146000.0,
        "Amortization Of Intangibles Income Statement": 2146000.0,
        "Research And Development": 5370000.0,
        "Selling General And Administration": 19219000.0,
        "Gross Profit": 22994000.0,
        "Cost Of Revenue": 178389000.0,
        "Total Revenue": 201383000.0,
        "Operating Revenue": 201383000.0
    },
    "2024-06-30": {
        "Tax Effect Of Unusual Items": 0.0,
        "Tax Rate For Calcs": 0.21,
        "Normalized EBITDA": 5811000.0,
        "Net Income From Continuing Operation Net Minority Interest": -5112000.0,
        "Reconciled Depreciation": 8123000.0,
        "Reconciled Cost Of Revenue": 171633000.0,
        "EBITDA": 5811000.0,
        "EBIT": -2312000.0,
        "Net Interest Income": -1858000.0,
        "Interest Expense": 1858000.0,
        "Normalized Income": -5112000.0,
        "Net Income From Continuing And Discontinued Operation": -5112000.0,
        "Total Expenses": 205489000.0,
        "Total Operating Income As Reported": -2262000.0,
        "Diluted Average Shares": 33548071.0,
        "Basic Average Shares": 33548071.0,
        "Diluted EPS": -0.15,
        "Basic EPS": -0.15,
        "Diluted NI Availto Com Stockholders": -5112000.0,
        "Net Income Common Stockholders": -5112000.0,
        "Net Income": -5112000.0,
        "Net Income Including Noncontrolling Interests": -5112000.0,
        "Net Income Continuous Operations": -5112000.0,
        "Tax Provision": 942000.0,
        "Pretax Income": -4170000.0,
        "Other Income Expense": -50000.0,
        "Other Non Operating Income Expenses": -50000.0,
        "Net Non Operating Interest Income Expense": -1858000.0,
        "Interest Expense Non Operating": 1858000.0,
        "Operating Income": -2262000.0,
        "Operating Expense": 27819000.0,
        "Depreciation Amortization Depletion Income Statement": 2086000.0,
        "Depreciation And Amortization In Income Statement": 2086000.0,
        "Amortization": 2086000.0,
        "Amortization Of Intangibles Income Statement": 2086000.0,
        "Research And Development": 5926000.0,
        "Selling General And Administration": 19807000.0,
        "Gross Profit": 25557000.0,
        "Cost Of Revenue": 177670000.0,
        "Total Revenue": 203227000.0,
        "Operating Revenue": 203227000.0
    },
    "2024-09-30": {
        "Tax Effect Of Unusual Items": 0.0,
        "Tax Rate For Calcs": 0.21,
        "Normalized EBITDA": 6117000.0,
        "Net Income From Continuing Operation Net Minority Interest": -2776000.0,
        "Reconciled Depreciation": 7089000.0,
        "Reconciled Cost Of Revenue": 178336000.0,
        "EBITDA": 6117000.0,
        "EBIT": -972000.0,
        "Net Interest Income": -1638000.0,
        "Interest Expense": 1638000.0,
        "Normalized Income": -2776000.0,
        "Net Income From Continuing And Discontinued Operation": -2776000.0,
        "Total Expenses": 211524000.0,
        "Total Operating Income As Reported": -385000.0,
        "Diluted Average Shares": 33700246.0,
        "Basic Average Shares": 33700246.0,
        "Diluted EPS": -0.08,
        "Basic EPS": -0.08,
        "Diluted NI Availto Com Stockholders": -2776000.0,
        "Net Income Common Stockholders": -2776000.0,
        "Net Income": -2776000.0,
        "Net Income Including Noncontrolling Interests": -2776000.0,
        "Net Income Continuous Operations": -2776000.0,
        "Tax Provision": 166000.0,
        "Pretax Income": -2610000.0,
        "Other Income Expense": -587000.0,
        "Other Non Operating Income Expenses": -587000.0,
        "Net Non Operating Interest Income Expense": -1638000.0,
        "Interest Expense Non Operating": 1638000.0,
        "Operating Income": -385000.0,
        "Operating Expense": 28176000.0,
        "Depreciation Amortization Depletion Income Statement": 2077000.0,
        "Depreciation And Amortization In Income Statement": 2077000.0,
        "Amortization": 2077000.0,
        "Amortization Of Intangibles Income Statement": 2077000.0,
        "Research And Development": 5872000.0,
        "Selling General And Administration": 20227000.0,
        "Gross Profit": 27791000.0,
        "Cost Of Revenue": 183348000.0,
        "Total Revenue": 211139000.0,
        "Operating Revenue": 211139000.0
    },
    "2024-12-31": {
        "Tax Effect Of Unusual Items": 0.0,
        "Tax Rate For Calcs": 0.21,
        "Normalized EBITDA": 6452000.0,
        "Net Income From Continuing Operation Net Minority Interest": -3943000.0,
        "Reconciled Depreciation": 7976000.0,
        "Reconciled Cost Of Revenue": 200586000.0,
        "EBITDA": 6452000.0,
        "EBIT": -1524000.0,
        "Net Interest Income": -1674000.0,
        "Interest Expense": 1674000.0,
        "Normalized Income": -3943000.0,
        "Net Income From Continuing And Discontinued Operation": -3943000.0,
        "Total Expenses": 234543000.0,
        "Total Operating Income As Reported": -1252000.0,
        "Diluted Average Shares": NaN,
        "Basic Average Shares": NaN,
        "Diluted EPS": NaN,
        "Basic EPS": NaN,
        "Diluted NI Availto Com Stockholders": -3943000.0,
        "Net Income Common Stockholders": -3943000.0,
        "Net Income": -3943000.0,
        "Net Income Including Noncontrolling Interests": -3943000.0,
        "Net Income Continuous Operations": -3943000.0,
        "Tax Provision": 745000.0,
        "Pretax Income": -3198000.0,
        "Other Income Expense": -272000.0,
        "Other Non Operating Income Expenses": -272000.0,
        "Net Non Operating Interest Income Expense": -1674000.0,
        "Interest Expense Non Operating": 1674000.0,
        "Operating Income": -1252000.0,
        "Operating Expense": 28244000.0,
        "Depreciation Amortization Depletion Income Statement": 2263000.0,
        "Depreciation And Amortization In Income Statement": 2263000.0,
        "Amortization": 2263000.0,
        "Amortization Of Intangibles Income Statement": 2263000.0,
        "Research And Development": 5850000.0,
        "Selling General And Administration": 20131000.0,
        "Gross Profit": 26992000.0,
        "Cost Of Revenue": 206299000.0,
        "Total Revenue": 233291000.0,
        "Operating Revenue": 233291000.0
    }
}