{
    "2022-12-31": {
        "Tax Effect Of Unusual Items": -5844585.752281,
        "Tax Rate For Calcs": 0.082506,
        "Normalized EBITDA": -68659000.0,
        "Total Unusual Items": -70838000.0,
        "Total Unusual Items Excluding Goodwill": -70838000.0,
        "Net Income From Continuing Operation Net Minority Interest": -128229000.0,
        "Reconciled Cost Of Revenue": 81182000.0,
        "EBITDA": -139497000.0,
        "EBIT": -139497000.0,
        "Net Interest Income": 103000.0,
        "Interest Expense": 371000.0,
        "Interest Income": 474000.0,
        "Normalized Income": -63235585.752281,
        "Net Income From Continuing And Discontinued Operation": -128229000.0,
        "Total Expenses": 109071000.0,
        "Total Operating Income As Reported": -155471000.0,
        "Diluted NI Availto Com Stockholders": -128229000.0,
        "Net Income Common Stockholders": -128229000.0,
        "Net Income": -128229000.0,
        "Minority Interests": 114000.0,
        "Net Income Including Noncontrolling Interests": -128343000.0,
        "Net Income Continuous Operations": -128343000.0,
        "Earnings From Equity Interest Net Of Tax": -15000.0,
        "Tax Provision": -11540000.0,
        "Pretax Income": -139868000.0,
        "Other Income Expense": -73498000.0,
        "Other Non Operating Income Expenses": -2660000.0,
        "Special Income Charges": -65287000.0,
        "Impairment Of Capital Assets": 55865000.0,
        "Net Non Operating Interest Income Expense": 103000.0,
        "Interest Expense Non Operating": 371000.0,
        "Interest Income Non Operating": 474000.0,
        "Operating Income": -66473000.0,
        "Operating Expense": 27889000.0,
        "Research And Development": 2428000.0,
        "Selling General And Administration": 29919000.0,
        "Selling And Marketing Expense": 11971000.0,
        "General And Administrative Expense": 17948000.0,
        "Other Gand A": 17948000.0,
        "Gross Profit": -38584000.0,
        "Cost Of Revenue": 81182000.0,
        "Total Revenue": 42598000.0,
        "Operating Revenue": 42598000.0
    },
    "2022-09-30": {
        "Tax Effect Of Unusual Items": -932500.0,
        "Tax Rate For Calcs": 0.25,
        "Normalized EBITDA": -15120000.0,
        "Total Unusual Items": -3730000.0,
        "Total Unusual Items Excluding Goodwill": -3730000.0,
        "Net Income From Continuing Operation Net Minority Interest": -18964000.0,
        "Reconciled Cost Of Revenue": 31827000.0,
        "EBITDA": -18850000.0,
        "EBIT": -18850000.0,
        "Net Interest Income": -18000.0,
        "Interest Expense": 373000.0,
        "Interest Income": 355000.0,
        "Normalized Income": -16166500.0,
        "Net Income From Continuing And Discontinued Operation": -18964000.0,
        "Total Expenses": 52646000.0,
        "Total Operating Income As Reported": -11618000.0,
        "Diluted Average Shares": 20254847.0,
        "Basic Average Shares": 20254847.0,
        "Diluted EPS": -0.95,
        "Basic EPS": -0.95,
        "Diluted NI Availto Com Stockholders": -18964000.0,
        "Net Income Common Stockholders": -18964000.0,
        "Net Income": -18964000.0,
        "Minority Interests": 436000.0,
        "Net Income Including Noncontrolling Interests": -19400000.0,
        "Net Income Continuous Operations": -19400000.0,
        "Earnings From Equity Interest Net Of Tax": -20000.0,
        "Tax Provision": 157000.0,
        "Pretax Income": -19223000.0,
        "Other Income Expense": -7587000.0,
        "Other Non Operating Income Expenses": -3857000.0,
        "Special Income Charges": -3730000.0,
        "Impairment Of Capital Assets": 3730000.0,
        "Net Non Operating Interest Income Expense": -18000.0,
        "Interest Expense Non Operating": 373000.0,
        "Interest Income Non Operating": 355000.0,
        "Operating Income": -11618000.0,
        "Operating Expense": 20819000.0,
        "Research And Development": 2370000.0,
        "Selling General And Administration": 18449000.0,
        "Selling And Marketing Expense": 10073000.0,
        "General And Administrative Expense": 8376000.0,
        "Other Gand A": 8376000.0,
        "Gross Profit": 9201000.0,
        "Cost Of Revenue": 31827000.0,
        "Total Revenue": 41028000.0,
        "Operating Revenue": 41028000.0
    },
    "2022-06-30": {
        "Tax Effect Of Unusual Items": -20157.795881,
        "Tax Rate For Calcs": 0.000808,
        "Normalized EBITDA": -20225000.0,
        "Total Unusual Items": -24945000.0,
        "Total Unusual Items Excluding Goodwill": -24945000.0,
        "Net Income From Continuing Operation Net Minority Interest": -45064000.0,
        "Reconciled Cost Of Revenue": 28823000.0,
        "EBITDA": -45170000.0,
        "EBIT": -45170000.0,
        "Net Interest Income": -339000.0,
        "Interest Expense": 617000.0,
        "Interest Income": 278000.0,
        "Normalized Income": -20139157.795881,
        "Net Income From Continuing And Discontinued Operation": -45064000.0,
        "Total Expenses": 55583000.0,
        "Total Operating Income As Reported": -17505000.0,
        "Diluted Average Shares": 10034895.0,
        "Basic Average Shares": 10034895.0,
        "Diluted EPS": -4.5,
        "Basic EPS": -4.5,
        "Diluted NI Availto Com Stockholders": -45064000.0,
        "Net Income Common Stockholders": -45064000.0,
        "Net Income": -45064000.0,
        "Minority Interests": 712000.0,
        "Net Income Including Noncontrolling Interests": -45776000.0,
        "Net Income Continuous Operations": -45776000.0,
        "Earnings From Equity Interest Net Of Tax": -26000.0,
        "Tax Provision": -37000.0,
        "Pretax Income": -45787000.0,
        "Other Income Expense": -27943000.0,
        "Other Non Operating Income Expenses": -2998000.0,
        "Special Income Charges": -24945000.0,
        "Impairment Of Capital Assets": 24945000.0,
        "Net Non Operating Interest Income Expense": -339000.0,
        "Interest Expense Non Operating": 617000.0,
        "Interest Income Non Operating": 278000.0,
        "Operating Income": -17505000.0,
        "Operating Expense": 26760000.0,
        "Research And Development": 2164000.0,
        "Selling General And Administration": 24596000.0,
        "Selling And Marketing Expense": 10685000.0,
        "General And Administrative Expense": 13911000.0,
        "Other Gand A": 13911000.0,
        "Gross Profit": 9255000.0,
        "Cost Of Revenue": 28823000.0,
        "Total Revenue": 38078000.0,
        "Operating Revenue": 38078000.0
    },
    "2022-03-31": {
        "Diluted EPS": -0.9,
        "Total Revenue": 47,
        "Gross Profit": 16,
        "Operating Income": -10,
        "EBIT": -10,
        "Net Income": -9
    },
    "2021-12-31": {
        "Diluted EPS": -0.78,
        "Total Revenue": 76,
        "Gross Profit": 24,
        "Operating Income": -5,
        "EBIT": -5,
        "Net Income": -6
    },
    "2021-09-30": {
        "Diluted EPS": -0.02,
        "Total Revenue": 87,
        "Gross Profit": 22,
        "Operating Income": -2,
        "EBIT": -2,
        "Net Income": -2
    },
    "2021-06-30": {
        "Diluted EPS": 0.2,
        "Total Revenue": 78,
        "Gross Profit": 24,
        "Operating Income": 1,
        "EBIT": 1,
        "Net Income": 2
    },
    "2021-03-31": {
        "Diluted EPS": -0.8,
        "Total Revenue": 67,
        "Gross Profit": 20,
        "Operating Income": -6,
        "EBIT": -6,
        "Net Income": -7
    },
    "2020-12-31": {
        "Diluted EPS": 0.3,
        "Total Revenue": 79,
        "Gross Profit": 23,
        "Operating Income": -1,
        "EBIT": -1,
        "Net Income": 1
    },
    "2020-09-30": {
        "Diluted EPS": -0.8,
        "Total Revenue": 69,
        "Gross Profit": 20,
        "Operating Income": 0,
        "EBIT": 0,
        "Net Income": -7
    },
    "2020-06-30": {
        "Diluted EPS": 0.1,
        "Total Revenue": 58,
        "Gross Profit": 17,
        "Operating Income": 1,
        "EBIT": 1,
        "Net Income": 0
    },
    "2020-03-31": {
        "Diluted EPS": -1.2,
        "Total Revenue": 49,
        "Gross Profit": 13,
        "Operating Income": -2,
        "EBIT": -2,
        "Net Income": -8
    },
    "2019-12-31": {
        "Diluted EPS": -0.7,
        "Total Revenue": 57,
        "Gross Profit": 17,
        "Operating Income": -5,
        "EBIT": -5,
        "Net Income": -6
    },
    "2019-09-30": {
        "Diluted EPS": -0.2,
        "Total Revenue": 54,
        "Gross Profit": 14,
        "Operating Income": -2,
        "EBIT": -2,
        "Net Income": 1
    },
    "2019-06-30": {
        "Diluted EPS": -0.6,
        "Total Revenue": 49,
        "Gross Profit": 14,
        "Operating Income": -2,
        "EBIT": -2,
        "Net Income": -3
    },
    "2019-03-31": {
        "Diluted EPS": -0.2,
        "Total Revenue": 39,
        "Gross Profit": 12,
        "Operating Income": -2,
        "EBIT": -2,
        "Net Income": -2
    },
    "2018-12-31": {
        "Diluted EPS": -1.53,
        "Total Revenue": 40,
        "Gross Profit": 12,
        "Operating Income": -11,
        "EBIT": -11,
        "Net Income": -8
    },
    "2018-09-30": {
        "Diluted EPS": -4.1,
        "Total Revenue": 43,
        "Gross Profit": 9,
        "Operating Income": -14,
        "EBIT": -14,
        "Net Income": -22
    },
    "2018-06-30": {
        "Diluted EPS": -0.5,
        "Total Revenue": 43,
        "Gross Profit": 10,
        "Operating Income": -1,
        "EBIT": -1,
        "Net Income": -3
    },
    "2018-03-31": {
        "Diluted EPS": -0.02,
        "Total Revenue": 35,
        "Gross Profit": 8,
        "Operating Income": -2,
        "EBIT": -2,
        "Net Income": 0
    },
    "2017-12-31": {
        "Diluted EPS": -4.1,
        "Total Revenue": 40,
        "Gross Profit": 10,
        "Operating Income": -6,
        "EBIT": -4,
        "Net Income": -9
    },
    "2017-09-30": {
        "Diluted EPS": 0.0,
        "Total Revenue": NaN,
        "Gross Profit": NaN,
        "Operating Income": NaN,
        "Net Income": NaN
    },
    "2017-06-30": {
        "Diluted EPS": -4.0,
        "Total Revenue": 30,
        "Gross Profit": 7,
        "Operating Income": -2,
        "EBIT": -2,
        "Net Income": -11
    },
    "2017-03-31": {
        "Diluted EPS": -4.64,
        "Total Revenue": 26,
        "Gross Profit": 6,
        "Operating Income": -4,
        "EBIT": -4,
        "Net Income": -13
    },
    "2016-12-31": {
        "Diluted EPS": 0.0,
        "Total Revenue": NaN,
        "Gross Profit": NaN,
        "Operating Income": NaN,
        "EBIT": NaN,
        "Net Income": NaN
    },
    "2015-12-31": {
        "Diluted EPS": 0.0,
        "Total Revenue": NaN,
        "Gross Profit": NaN,
        "Operating Income": NaN,
        "EBIT": NaN,
        "Net Income": NaN
    }
}