{
    "2023-06-30": {
        "Tax Effect Of Unusual Items": -3718668.482037,
        "Tax Rate For Calcs": 0.076892,
        "Normalized EBITDA": 403854000.0,
        "Total Unusual Items": -48362000.0,
        "Total Unusual Items Excluding Goodwill": -48362000.0,
        "Net Income From Continuing Operation Net Minority Interest": 115598000.0,
        "Reconciled Depreciation": 145059000.0,
        "Reconciled Cost Of Revenue": 1429540000.0,
        "EBITDA": 355492000.0,
        "EBIT": 210433000.0,
        "Net Interest Income": -84257000.0,
        "Interest Expense": 85206000.0,
        "Interest Income": 949000.0,
        "Normalized Income": 160241331.517963,
        "Net Income From Continuing And Discontinued Operation": 115598000.0,
        "Total Expenses": 1762405000.0,
        "Total Operating Income As Reported": 209484000.0,
        "Diluted Average Shares": 82627933.0,
        "Basic Average Shares": 81999746.0,
        "Diluted EPS": 1.4,
        "Basic EPS": 1.41,
        "Diluted NI Availto Com Stockholders": 115598000.0,
        "Net Income Common Stockholders": 115598000.0,
        "Net Income": 115598000.0,
        "Net Income Including Noncontrolling Interests": 115598000.0,
        "Net Income Continuous Operations": 115598000.0,
        "Earnings From Equity Interest Net Of Tax": 0.0,
        "Tax Provision": 9629000.0,
        "Pretax Income": 125227000.0,
        "Other Income Expense": -48362000.0,
        "Special Income Charges": -48362000.0,
        "Restructuring And Mergern Acquisition": 48362000.0,
        "Net Non Operating Interest Income Expense": -84257000.0,
        "Interest Expense Non Operating": 85206000.0,
        "Interest Income Non Operating": 949000.0,
        "Operating Income": 257846000.0,
        "Operating Expense": 332865000.0,
        "Depreciation Amortization Depletion Income Statement": 145059000.0,
        "Depreciation And Amortization In Income Statement": 145059000.0,
        "Amortization": NaN,
        "Amortization Of Intangibles Income Statement": NaN,
        "Depreciation Income Statement": NaN,
        "Selling General And Administration": 187806000.0,
        "Gross Profit": 590711000.0,
        "Cost Of Revenue": 1429540000.0,
        "Total Revenue": 2020251000.0,
        "Operating Revenue": 2020251000.0
    },
    "2023-03-31": {
        "Tax Effect Of Unusual Items": -2294701.873429,
        "Tax Rate For Calcs": 0.108697,
        "Normalized EBITDA": 384098000.0,
        "Total Unusual Items": -21111000.0,
        "Total Unusual Items Excluding Goodwill": -21111000.0,
        "Net Income From Continuing Operation Net Minority Interest": 116654000.0,
        "Reconciled Depreciation": 145126000.0,
        "Reconciled Cost Of Revenue": 1395546000.0,
        "EBITDA": 362987000.0,
        "EBIT": 217861000.0,
        "Net Interest Income": -85479000.0,
        "Interest Expense": 86551000.0,
        "Interest Income": 1072000.0,
        "Normalized Income": 135470298.126571,
        "Net Income From Continuing And Discontinued Operation": 116654000.0,
        "Total Expenses": 1740678000.0,
        "Total Operating Income As Reported": 216789000.0,
        "Diluted Average Shares": 82605659.0,
        "Basic Average Shares": 81784389.0,
        "Diluted EPS": 1.41,
        "Basic EPS": 1.43,
        "Diluted NI Availto Com Stockholders": 116654000.0,
        "Net Income Common Stockholders": 116654000.0,
        "Net Income": 116654000.0,
        "Net Income Including Noncontrolling Interests": 116654000.0,
        "Net Income Continuous Operations": 116654000.0,
        "Earnings From Equity Interest Net Of Tax": -383000.0,
        "Tax Provision": 14273000.0,
        "Pretax Income": 131310000.0,
        "Other Income Expense": -21111000.0,
        "Special Income Charges": -21111000.0,
        "Restructuring And Mergern Acquisition": 21111000.0,
        "Net Non Operating Interest Income Expense": -85479000.0,
        "Interest Expense Non Operating": 86551000.0,
        "Interest Income Non Operating": 1072000.0,
        "Operating Income": 237900000.0,
        "Operating Expense": 345132000.0,
        "Depreciation Amortization Depletion Income Statement": 145126000.0,
        "Depreciation And Amortization In Income Statement": 145126000.0,
        "Amortization": NaN,
        "Amortization Of Intangibles Income Statement": NaN,
        "Depreciation Income Statement": NaN,
        "Selling General And Administration": 200006000.0,
        "Gross Profit": 583032000.0,
        "Cost Of Revenue": 1395546000.0,
        "Total Revenue": 1978578000.0,
        "Operating Revenue": 1978578000.0
    },
    "2022-12-31": {
        "Tax Effect Of Unusual Items": -756943.888445,
        "Tax Rate For Calcs": 0.084311,
        "Normalized EBITDA": 334646000.0,
        "Total Unusual Items": -8978000.0,
        "Total Unusual Items Excluding Goodwill": -8978000.0,
        "Net Income From Continuing Operation Net Minority Interest": 117445000.0,
        "Reconciled Depreciation": 142228000.0,
        "Reconciled Cost Of Revenue": 1380679000.0,
        "EBITDA": 325668000.0,
        "EBIT": 183440000.0,
        "Net Interest Income": -74567000.0,
        "Interest Expense": 54643000.0,
        "Interest Income": 618000.0,
        "Normalized Income": 125666056.111555,
        "Net Income From Continuing And Discontinued Operation": 117445000.0,
        "Total Expenses": 1749660000.0,
        "Total Operating Income As Reported": 203364000.0,
        "Diluted Average Shares": 82452097.0,
        "Basic Average Shares": 81683430.0,
        "Diluted EPS": 1.42,
        "Basic EPS": 1.44,
        "Diluted NI Availto Com Stockholders": 117445000.0,
        "Net Income Common Stockholders": 117445000.0,
        "Net Income": 117445000.0,
        "Net Income Including Noncontrolling Interests": 117445000.0,
        "Net Income Continuous Operations": 117445000.0,
        "Earnings From Equity Interest Net Of Tax": -493000.0,
        "Tax Provision": 10859000.0,
        "Pretax Income": 128797000.0,
        "Other Income Expense": -8978000.0,
        "Special Income Charges": -8978000.0,
        "Restructuring And Mergern Acquisition": 8978000.0,
        "Net Non Operating Interest Income Expense": -74567000.0,
        "Interest Expense Non Operating": 54643000.0,
        "Interest Income Non Operating": 618000.0,
        "Operating Income": 212342000.0,
        "Operating Expense": 368981000.0,
        "Depreciation Amortization Depletion Income Statement": 142228000.0,
        "Depreciation And Amortization In Income Statement": 142228000.0,
        "Amortization": NaN,
        "Amortization Of Intangibles Income Statement": NaN,
        "Depreciation Income Statement": NaN,
        "Selling General And Administration": 226753000.0,
        "Gross Profit": 581323000.0,
        "Cost Of Revenue": 1380679000.0,
        "Total Revenue": 1962002000.0,
        "Operating Revenue": 1962002000.0
    },
    "2022-09-30": {
        "Tax Effect Of Unusual Items": NaN,
        "Tax Rate For Calcs": NaN,
        "Normalized EBITDA": NaN,
        "Total Unusual Items": NaN,
        "Total Unusual Items Excluding Goodwill": NaN,
        "Net Income From Continuing Operation Net Minority Interest": NaN,
        "Reconciled Depreciation": NaN,
        "Reconciled Cost Of Revenue": NaN,
        "EBITDA": NaN,
        "EBIT": NaN,
        "Net Interest Income": NaN,
        "Interest Expense": NaN,
        "Interest Income": NaN,
        "Normalized Income": NaN,
        "Net Income From Continuing And Discontinued Operation": NaN,
        "Total Expenses": NaN,
        "Total Operating Income As Reported": NaN,
        "Diluted Average Shares": NaN,
        "Basic Average Shares": NaN,
        "Diluted EPS": NaN,
        "Basic EPS": NaN,
        "Diluted NI Availto Com Stockholders": NaN,
        "Net Income Common Stockholders": NaN,
        "Net Income": NaN,
        "Net Income Including Noncontrolling Interests": NaN,
        "Net Income Continuous Operations": NaN,
        "Earnings From Equity Interest Net Of Tax": NaN,
        "Tax Provision": NaN,
        "Pretax Income": NaN,
        "Other Income Expense": NaN,
        "Special Income Charges": NaN,
        "Restructuring And Mergern Acquisition": NaN,
        "Net Non Operating Interest Income Expense": NaN,
        "Interest Expense Non Operating": NaN,
        "Interest Income Non Operating": NaN,
        "Operating Income": NaN,
        "Operating Expense": NaN,
        "Depreciation Amortization Depletion Income Statement": NaN,
        "Depreciation And Amortization In Income Statement": NaN,
        "Amortization": 114991000.0,
        "Amortization Of Intangibles Income Statement": 114991000.0,
        "Depreciation Income Statement": 26870000.0,
        "Selling General And Administration": NaN,
        "Gross Profit": NaN,
        "Cost Of Revenue": NaN,
        "Total Revenue": NaN,
        "Operating Revenue": NaN
    },
    "2022-06-30": {
        "Tax Effect Of Unusual Items": -3417412.949772,
        "Tax Rate For Calcs": 0.108939,
        "Normalized EBITDA": 353344000.0,
        "Total Unusual Items": -31370000.0,
        "Total Unusual Items Excluding Goodwill": -31370000.0,
        "Net Income From Continuing Operation Net Minority Interest": 115734000.0,
        "Reconciled Depreciation": 144019000.0,
        "Reconciled Cost Of Revenue": 1392062000.0,
        "EBITDA": 321974000.0,
        "EBIT": 177955000.0,
        "Net Interest Income": -46945000.0,
        "Interest Expense": 47111000.0,
        "Interest Income": 166000.0,
        "Normalized Income": 143686587.050228,
        "Net Income From Continuing And Discontinued Operation": 115734000.0,
        "Total Expenses": 1726034000.0,
        "Total Operating Income As Reported": 177789000.0,
        "Diluted Average Shares": 82312946.0,
        "Basic Average Shares": 81398071.0,
        "Diluted EPS": 1.41,
        "Basic EPS": 1.42,
        "Diluted NI Availto Com Stockholders": 115734000.0,
        "Net Income Common Stockholders": 115734000.0,
        "Net Income": 115734000.0,
        "Net Income Including Noncontrolling Interests": 115734000.0,
        "Net Income Continuous Operations": 115734000.0,
        "Earnings From Equity Interest Net Of Tax": -856000.0,
        "Tax Provision": 14254000.0,
        "Pretax Income": 130844000.0,
        "Other Income Expense": -31370000.0,
        "Special Income Charges": -31370000.0,
        "Restructuring And Mergern Acquisition": 31370000.0,
        "Net Non Operating Interest Income Expense": -46945000.0,
        "Interest Expense Non Operating": 47111000.0,
        "Interest Income Non Operating": 166000.0,
        "Operating Income": 209159000.0,
        "Operating Expense": 333972000.0,
        "Depreciation Amortization Depletion Income Statement": 144019000.0,
        "Depreciation And Amortization In Income Statement": 144019000.0,
        "Amortization": NaN,
        "Amortization Of Intangibles Income Statement": NaN,
        "Depreciation Income Statement": NaN,
        "Selling General And Administration": 189953000.0,
        "Gross Profit": 543131000.0,
        "Cost Of Revenue": 1392062000.0,
        "Total Revenue": 1935193000.0,
        "Operating Revenue": 1935193000.0
    },
    "2022-03-31": {
        "Diluted EPS": 1.36,
        "Total Revenue": NaN,
        "Gross Profit": 523,
        "Operating Income": 170,
        "EBIT": 312,
        "Net Income": 112
    },
    "2021-12-31": {
        "Diluted EPS": 0.22,
        "Total Revenue": NaN,
        "Gross Profit": 528,
        "Operating Income": 145,
        "EBIT": 284,
        "Net Income": 76
    },
    "2021-09-30": {
        "Diluted EPS": -1.17,
        "Total Revenue": NaN,
        "Gross Profit": 508,
        "Operating Income": 5,
        "EBIT": 146,
        "Net Income": -94
    },
    "2021-06-30": {
        "Diluted EPS": 1.38,
        "Total Revenue": 871,
        "Gross Profit": 240,
        "Operating Income": 113,
        "EBIT": 128,
        "Net Income": 74
    },
    "2021-03-31": {
        "Diluted EPS": 1.82,
        "Total Revenue": 858,
        "Gross Profit": 232,
        "Operating Income": 116,
        "EBIT": 136,
        "Net Income": 97
    },
    "2020-12-31": {
        "Diluted EPS": 1.91,
        "Total Revenue": 760,
        "Gross Profit": 225,
        "Operating Income": 120,
        "EBIT": 137,
        "Net Income": 101
    },
    "2020-09-30": {
        "Diluted EPS": 1.72,
        "Total Revenue": 702,
        "Gross Profit": 208,
        "Operating Income": 108,
        "EBIT": 111,
        "Net Income": 92
    },
    "2020-06-30": {
        "Diluted EPS": 0.9,
        "Total Revenue": 620,
        "Gross Profit": 174,
        "Operating Income": 57,
        "EBIT": 87,
        "Net Income": 48
    },
    "2020-03-31": {
        "Diluted EPS": 1.62,
        "Total Revenue": 715,
        "Gross Profit": 210,
        "Operating Income": 106,
        "EBIT": 123,
        "Net Income": 92
    },
    "2019-12-31": {
        "Diluted EPS": 1.75,
        "Total Revenue": 725,
        "Gross Profit": 217,
        "Operating Income": 115,
        "EBIT": 139,
        "Net Income": 99
    },
    "2019-09-30": {
        "Diluted EPS": 1.72,
        "Total Revenue": 710,
        "Gross Profit": 211,
        "Operating Income": 110,
        "EBIT": 133,
        "Net Income": 95
    },
    "2019-06-30": {
        "Diluted EPS": 1.69,
        "Total Revenue": 695,
        "Gross Profit": 204,
        "Operating Income": 106,
        "EBIT": 129,
        "Net Income": 92
    },
    "2019-03-31": {
        "Diluted EPS": 1.63,
        "Total Revenue": 675,
        "Gross Profit": 199,
        "Operating Income": 102,
        "EBIT": 125,
        "Net Income": 88
    },
    "2018-12-31": {
        "Diluted EPS": 1.62,
        "Total Revenue": 679,
        "Gross Profit": 200,
        "Operating Income": 102,
        "EBIT": 117,
        "Net Income": 88
    },
    "2018-09-30": {
        "Diluted EPS": 1.54,
        "Total Revenue": 655,
        "Gross Profit": 196,
        "Operating Income": 98,
        "EBIT": 115,
        "Net Income": 85
    },
    "2018-06-30": {
        "Diluted EPS": 1.31,
        "Total Revenue": 642,
        "Gross Profit": 192,
        "Operating Income": 82,
        "EBIT": 99,
        "Net Income": 72
    },
    "2018-03-31": {
        "Diluted EPS": 1.42,
        "Total Revenue": 620,
        "Gross Profit": 190,
        "Operating Income": 92,
        "EBIT": 109,
        "Net Income": 78
    },
    "2017-12-31": {
        "Diluted EPS": 1.3,
        "Total Revenue": 455,
        "Gross Profit": 188,
        "Operating Income": 90,
        "EBIT": 106,
        "Net Income": 71
    },
    "2017-09-30": {
        "Diluted EPS": 1.35,
        "Total Revenue": 440,
        "Gross Profit": 181,
        "Operating Income": 85,
        "EBIT": 101,
        "Net Income": 74
    },
    "2017-06-30": {
        "Diluted EPS": 1.19,
        "Total Revenue": 431,
        "Gross Profit": 181,
        "Operating Income": 78,
        "EBIT": 92,
        "Net Income": 65
    },
    "2017-03-31": {
        "Diluted EPS": 1.29,
        "Total Revenue": 432,
        "Gross Profit": 181,
        "Operating Income": 86,
        "EBIT": 100,
        "Net Income": 71
    },
    "2016-12-31": {
        "Diluted EPS": 1.32,
        "Total Revenue": 435,
        "Gross Profit": 184,
        "Operating Income": 85,
        "EBIT": 100,
        "Net Income": 74
    },
    "2016-09-30": {
        "Diluted EPS": 1.13,
        "Total Revenue": 420,
        "Gross Profit": 177,
        "Operating Income": 77,
        "EBIT": 92,
        "Net Income": 64
    },
    "2016-06-30": {
        "Diluted EPS": 1.08,
        "Total Revenue": 411,
        "Gross Profit": 173,
        "Operating Income": 74,
        "EBIT": 88,
        "Net Income": 61
    },
    "2016-03-31": {
        "Diluted EPS": 1.12,
        "Total Revenue": 401,
        "Gross Profit": 172,
        "Operating Income": 76,
        "EBIT": 91,
        "Net Income": 63
    },
    "2015-12-31": {
        "Diluted EPS": 1.1,
        "Total Revenue": 403,
        "Gross Profit": 174,
        "Operating Income": 75,
        "EBIT": 91,
        "Net Income": 64
    },
    "2015-09-30": {
        "Diluted EPS": 1.02,
        "Total Revenue": 395,
        "Gross Profit": 168,
        "Operating Income": 71,
        "EBIT": 86,
        "Net Income": 62
    },
    "2015-06-30": {
        "Diluted EPS": 0.95,
        "Total Revenue": 389,
        "Gross Profit": 164,
        "Operating Income": 68,
        "EBIT": 82,
        "Net Income": 59
    },
    "2015-03-31": {
        "Diluted EPS": 0.9,
        "Total Revenue": 388,
        "Gross Profit": 160,
        "Operating Income": 67,
        "EBIT": 81,
        "Net Income": 56
    },
    "2014-12-31": {
        "Diluted EPS": 0.87,
        "Total Revenue": 390,
        "Gross Profit": 160,
        "Operating Income": 52,
        "EBIT": 66,
        "Net Income": 54
    },
    "2014-09-30": {
        "Diluted EPS": 0.79,
        "Total Revenue": 388,
        "Gross Profit": 158,
        "Operating Income": 59,
        "EBIT": 73,
        "Net Income": 50
    },
    "2014-06-30": {
        "Diluted EPS": 0.64,
        "Total Revenue": 376,
        "Gross Profit": 149,
        "Operating Income": 48,
        "EBIT": 61,
        "Net Income": 41
    },
    "2014-03-31": {
        "Diluted EPS": 0.57,
        "Total Revenue": 350,
        "Gross Profit": 133,
        "Operating Income": 43,
        "EBIT": 54,
        "Net Income": 36
    },
    "2013-12-31": {
        "Diluted EPS": 0.53,
        "Total Revenue": 345,
        "Gross Profit": 130,
        "Operating Income": 30,
        "EBIT": 41,
        "Net Income": 33
    },
    "2013-09-30": {
        "Diluted EPS": 0.45,
        "Total Revenue": 340,
        "Gross Profit": 126,
        "Operating Income": 33,
        "EBIT": 45,
        "Net Income": 28
    },
    "2013-06-30": {
        "Diluted EPS": 0.36,
        "Total Revenue": 334,
        "Gross Profit": 120,
        "Operating Income": 31,
        "EBIT": 42,
        "Net Income": 22
    },
    "2013-03-31": {
        "Diluted EPS": 0.31,
        "Total Revenue": 419,
        "Gross Profit": 217,
        "Operating Income": 130,
        "EBIT": 141,
        "Net Income": 19
    },
    "2012-12-31": {
        "Diluted EPS": 0.34,
        "Total Revenue": 300,
        "Gross Profit": 108,
        "Operating Income": 19,
        "EBIT": 29,
        "Net Income": 21
    },
    "2012-09-30": {
        "Diluted EPS": 0.29,
        "Total Revenue": 286,
        "Gross Profit": 102,
        "Operating Income": 21,
        "EBIT": 31,
        "Net Income": 18
    },
    "2012-06-30": {
        "Diluted EPS": 0.21,
        "Total Revenue": 277,
        "Gross Profit": 97,
        "Operating Income": 17,
        "EBIT": 28,
        "Net Income": 13
    },
    "2012-03-31": {
        "Diluted EPS": 0.15,
        "Total Revenue": 343,
        "Gross Profit": 181,
        "Operating Income": 102,
        "EBIT": 113,
        "Net Income": 9
    },
    "2011-12-31": {
        "Diluted EPS": 0.07,
        "Total Revenue": 243,
        "Gross Profit": 84,
        "Operating Income": 7,
        "EBIT": 17,
        "Net Income": 4
    },
    "2011-09-30": {
        "Diluted EPS": -0.04,
        "Total Revenue": 241,
        "Gross Profit": 82,
        "Operating Income": 1,
        "EBIT": 11,
        "Net Income": -3
    },
    "2011-06-30": {
        "Diluted EPS": 0.21,
        "Total Revenue": 233,
        "Gross Profit": 82,
        "Operating Income": 16,
        "EBIT": 25,
        "Net Income": 13
    },
    "2011-03-31": {
        "Diluted EPS": 0.14,
        "Total Revenue": 306,
        "Gross Profit": 161,
        "Operating Income": 92,
        "EBIT": 101,
        "Net Income": 8
    },
    "2010-12-31": {
        "Diluted EPS": 0.36,
        "Total Revenue": 232,
        "Gross Profit": 92,
        "Operating Income": 112,
        "EBIT": 121,
        "Net Income": 22
    },
    "2010-09-30": {
        "Diluted EPS": 0.33,
        "Total Revenue": 225,
        "Gross Profit": 86,
        "Operating Income": 18,
        "EBIT": 26,
        "Net Income": 20
    },
    "2010-06-30": {
        "Diluted EPS": 0.38,
        "Total Revenue": 224,
        "Gross Profit": 93,
        "Operating Income": 26,
        "EBIT": 34,
        "Net Income": 23
    },
    "2010-03-31": {
        "Diluted EPS": 0.37,
        "Total Revenue": 310,
        "Gross Profit": 178,
        "Operating Income": 27,
        "EBIT": 36,
        "Net Income": 22
    },
    "2009-12-31": {
        "Diluted EPS": 0.51,
        "Total Revenue": 227,
        "Gross Profit": 96,
        "Operating Income": 30,
        "EBIT": 39,
        "Net Income": 31
    },
    "2009-09-30": {
        "Diluted EPS": 0.4,
        "Total Revenue": 220,
        "Gross Profit": 93,
        "Operating Income": 30,
        "EBIT": 39,
        "Net Income": 24
    },
    "2009-06-30": {
        "Diluted EPS": 0.31,
        "Total Revenue": 220,
        "Gross Profit": 95,
        "Operating Income": 29,
        "EBIT": 37,
        "Net Income": 19
    },
    "2009-03-31": {
        "Diluted EPS": 0.35,
        "Total Revenue": 220,
        "Gross Profit": 96,
        "Operating Income": 27,
        "EBIT": 34,
        "Net Income": 21
    },
    "2023-09-30": {
        "Tax Effect Of Unusual Items": NaN,
        "Tax Rate For Calcs": NaN,
        "Normalized EBITDA": NaN,
        "Total Unusual Items": NaN,
        "Total Unusual Items Excluding Goodwill": NaN,
        "Net Income From Continuing Operation Net Minority Interest": NaN,
        "Reconciled Depreciation": NaN,
        "Reconciled Cost Of Revenue": NaN,
        "EBITDA": NaN,
        "EBIT": NaN,
        "Net Interest Income": NaN,
        "Interest Expense": NaN,
        "Interest Income": NaN,
        "Normalized Income": NaN,
        "Net Income From Continuing And Discontinued Operation": NaN,
        "Total Expenses": NaN,
        "Total Operating Income As Reported": NaN,
        "Diluted Average Shares": NaN,
        "Basic Average Shares": NaN,
        "Diluted EPS": NaN,
        "Basic EPS": NaN,
        "Diluted NI Availto Com Stockholders": NaN,
        "Net Income Common Stockholders": NaN,
        "Net Income": NaN,
        "Net Income Including Noncontrolling Interests": NaN,
        "Net Income Continuous Operations": NaN,
        "Earnings From Equity Interest Net Of Tax": NaN,
        "Tax Provision": NaN,
        "Pretax Income": NaN,
        "Other Income Expense": NaN,
        "Special Income Charges": NaN,
        "Restructuring And Mergern Acquisition": NaN,
        "Net Non Operating Interest Income Expense": NaN,
        "Interest Expense Non Operating": NaN,
        "Interest Income Non Operating": NaN,
        "Operating Income": NaN,
        "Operating Expense": NaN,
        "Depreciation Amortization Depletion Income Statement": NaN,
        "Depreciation And Amortization In Income Statement": NaN,
        "Amortization": 114573000.0,
        "Amortization Of Intangibles Income Statement": 114573000.0,
        "Depreciation Income Statement": 31459000.0,
        "Selling General And Administration": NaN,
        "Gross Profit": NaN,
        "Cost Of Revenue": NaN,
        "Total Revenue": NaN,
        "Operating Revenue": NaN
    },
    "2023-12-31": {
        "Tax Effect Of Unusual Items": NaN,
        "Tax Rate For Calcs": NaN,
        "Normalized EBITDA": NaN,
        "Total Unusual Items": NaN,
        "Total Unusual Items Excluding Goodwill": NaN,
        "Net Income From Continuing Operation Net Minority Interest": NaN,
        "Reconciled Depreciation": NaN,
        "Reconciled Cost Of Revenue": NaN,
        "EBITDA": NaN,
        "EBIT": NaN,
        "Net Interest Income": NaN,
        "Interest Expense": NaN,
        "Interest Income": NaN,
        "Normalized Income": NaN,
        "Net Income From Continuing And Discontinued Operation": NaN,
        "Total Expenses": NaN,
        "Total Operating Income As Reported": NaN,
        "Diluted Average Shares": NaN,
        "Basic Average Shares": NaN,
        "Diluted EPS": NaN,
        "Basic EPS": NaN,
        "Diluted NI Availto Com Stockholders": NaN,
        "Net Income Common Stockholders": NaN,
        "Net Income": NaN,
        "Net Income Including Noncontrolling Interests": NaN,
        "Net Income Continuous Operations": NaN,
        "Earnings From Equity Interest Net Of Tax": 0.0,
        "Tax Provision": NaN,
        "Pretax Income": NaN,
        "Other Income Expense": NaN,
        "Special Income Charges": NaN,
        "Restructuring And Mergern Acquisition": NaN,
        "Net Non Operating Interest Income Expense": NaN,
        "Interest Expense Non Operating": NaN,
        "Interest Income Non Operating": NaN,
        "Operating Income": NaN,
        "Operating Expense": NaN,
        "Depreciation Amortization Depletion Income Statement": NaN,
        "Depreciation And Amortization In Income Statement": NaN,
        "Amortization": NaN,
        "Amortization Of Intangibles Income Statement": NaN,
        "Depreciation Income Statement": NaN,
        "Selling General And Administration": NaN,
        "Gross Profit": NaN,
        "Cost Of Revenue": NaN,
        "Total Revenue": NaN,
        "Operating Revenue": NaN
    },
    "2024-03-31": {
        "Tax Effect Of Unusual Items": NaN,
        "Tax Rate For Calcs": NaN,
        "Normalized EBITDA": NaN,
        "Total Unusual Items": NaN,
        "Total Unusual Items Excluding Goodwill": NaN,
        "Net Income From Continuing Operation Net Minority Interest": NaN,
        "Reconciled Depreciation": NaN,
        "Reconciled Cost Of Revenue": NaN,
        "EBITDA": NaN,
        "EBIT": NaN,
        "Net Interest Income": NaN,
        "Interest Expense": NaN,
        "Interest Income": NaN,
        "Normalized Income": NaN,
        "Net Income From Continuing And Discontinued Operation": NaN,
        "Total Expenses": NaN,
        "Total Operating Income As Reported": NaN,
        "Diluted Average Shares": NaN,
        "Basic Average Shares": NaN,
        "Diluted EPS": NaN,
        "Basic EPS": NaN,
        "Diluted NI Availto Com Stockholders": NaN,
        "Net Income Common Stockholders": NaN,
        "Net Income": NaN,
        "Net Income Including Noncontrolling Interests": NaN,
        "Net Income Continuous Operations": NaN,
        "Earnings From Equity Interest Net Of Tax": 0.0,
        "Tax Provision": NaN,
        "Pretax Income": NaN,
        "Other Income Expense": NaN,
        "Special Income Charges": NaN,
        "Impairment Of Capital Assets": NaN,
        "Restructuring And Mergern Acquisition": NaN,
        "Net Non Operating Interest Income Expense": NaN,
        "Interest Expense Non Operating": NaN,
        "Interest Income Non Operating": NaN,
        "Operating Income": NaN,
        "Operating Expense": NaN,
        "Depreciation Amortization Depletion Income Statement": NaN,
        "Depreciation And Amortization In Income Statement": NaN,
        "Amortization": NaN,
        "Amortization Of Intangibles Income Statement": NaN,
        "Depreciation Income Statement": NaN,
        "Selling General And Administration": NaN,
        "Gross Profit": NaN,
        "Cost Of Revenue": NaN,
        "Total Revenue": NaN,
        "Operating Revenue": NaN
    },
    "2024-06-30": {
        "Tax Effect Of Unusual Items": NaN,
        "Tax Rate For Calcs": NaN,
        "Normalized EBITDA": NaN,
        "Total Unusual Items": NaN,
        "Total Unusual Items Excluding Goodwill": NaN,
        "Net Income From Continuing Operation Net Minority Interest": NaN,
        "Reconciled Depreciation": NaN,
        "Reconciled Cost Of Revenue": NaN,
        "EBITDA": NaN,
        "EBIT": NaN,
        "Net Interest Income": NaN,
        "Interest Expense": NaN,
        "Interest Income": NaN,
        "Normalized Income": NaN,
        "Net Income From Continuing And Discontinued Operation": NaN,
        "Total Expenses": NaN,
        "Total Operating Income As Reported": NaN,
        "Diluted Average Shares": NaN,
        "Basic Average Shares": NaN,
        "Diluted EPS": NaN,
        "Basic EPS": NaN,
        "Diluted NI Availto Com Stockholders": NaN,
        "Net Income Common Stockholders": NaN,
        "Net Income": NaN,
        "Net Income Including Noncontrolling Interests": NaN,
        "Net Income Continuous Operations": NaN,
        "Earnings From Equity Interest Net Of Tax": 0.0,
        "Tax Provision": NaN,
        "Pretax Income": NaN,
        "Other Income Expense": NaN,
        "Special Income Charges": NaN,
        "Impairment Of Capital Assets": NaN,
        "Restructuring And Mergern Acquisition": NaN,
        "Net Non Operating Interest Income Expense": NaN,
        "Interest Expense Non Operating": NaN,
        "Interest Income Non Operating": NaN,
        "Operating Income": NaN,
        "Operating Expense": NaN,
        "Depreciation Amortization Depletion Income Statement": NaN,
        "Depreciation And Amortization In Income Statement": NaN,
        "Amortization": NaN,
        "Amortization Of Intangibles Income Statement": NaN,
        "Depreciation Income Statement": NaN,
        "Selling General And Administration": NaN,
        "Gross Profit": NaN,
        "Cost Of Revenue": NaN,
        "Total Revenue": NaN,
        "Operating Revenue": NaN
    },
    "2024-09-30": {
        "Tax Effect Of Unusual Items": -1253831.867499,
        "Tax Rate For Calcs": 0.159602,
        "Normalized EBITDA": 388753000.0,
        "Total Unusual Items": -7856000.0,
        "Total Unusual Items Excluding Goodwill": -7856000.0,
        "Net Income From Continuing Operation Net Minority Interest": 197128000.0,
        "Reconciled Depreciation": 93029000.0,
        "Reconciled Cost Of Revenue": 1438616000.0,
        "EBITDA": 380897000.0,
        "EBIT": 287868000.0,
        "Net Interest Income": -50869000.0,
        "Interest Expense": 53303000.0,
        "Interest Income": 2434000.0,
        "Normalized Income": 203730168.132501,
        "Net Income From Continuing And Discontinued Operation": 197128000.0,
        "Total Expenses": 1736740000.0,
        "Total Operating Income As Reported": 285434000.0,
        "Diluted Average Shares": 83445827.0,
        "Basic Average Shares": 82831300.0,
        "Diluted EPS": 2.36,
        "Basic EPS": 2.38,
        "Diluted NI Availto Com Stockholders": 197128000.0,
        "Net Income Common Stockholders": 197128000.0,
        "Net Income": 197128000.0,
        "Net Income Including Noncontrolling Interests": 197128000.0,
        "Net Income Continuous Operations": 197128000.0,
        "Earnings From Equity Interest Net Of Tax": 0.0,
        "Tax Provision": 37437000.0,
        "Pretax Income": 234565000.0,
        "Other Income Expense": -7856000.0,
        "Special Income Charges": -7856000.0,
        "Impairment Of Capital Assets": NaN,
        "Restructuring And Mergern Acquisition": 7856000.0,
        "Net Non Operating Interest Income Expense": -50869000.0,
        "Interest Expense Non Operating": 53303000.0,
        "Interest Income Non Operating": 2434000.0,
        "Operating Income": 293290000.0,
        "Operating Expense": 298124000.0,
        "Depreciation Amortization Depletion Income Statement": 93029000.0,
        "Depreciation And Amortization In Income Statement": 93029000.0,
        "Amortization": 58026000.0,
        "Amortization Of Intangibles Income Statement": 58026000.0,
        "Depreciation Income Statement": 35003000.0,
        "Selling General And Administration": 205095000.0,
        "Gross Profit": 591414000.0,
        "Cost Of Revenue": 1438616000.0,
        "Total Revenue": 2030030000.0,
        "Operating Revenue": 2030030000.0
    },
    "2024-12-31": {
        "Tax Effect Of Unusual Items": -11390610.0,
        "Tax Rate For Calcs": 0.21,
        "Normalized EBITDA": 419889000.0,
        "Total Unusual Items": -54241000.0,
        "Total Unusual Items Excluding Goodwill": -54241000.0,
        "Net Income From Continuing Operation Net Minority Interest": 259998000.0,
        "Reconciled Depreciation": 96655000.0,
        "Reconciled Cost Of Revenue": 1441736000.0,
        "EBITDA": 365648000.0,
        "EBIT": 268993000.0,
        "Net Interest Income": -48421000.0,
        "Interest Expense": 20390000.0,
        "Interest Income": 3008000.0,
        "Normalized Income": 302848390.0,
        "Net Income From Continuing And Discontinued Operation": 259998000.0,
        "Total Expenses": 1689836000.0,
        "Total Operating Income As Reported": 297024000.0,
        "Diluted Average Shares": 82236018.0,
        "Basic Average Shares": 81785620.0,
        "Diluted EPS": 3.16,
        "Basic EPS": 3.18,
        "Diluted NI Availto Com Stockholders": 259998000.0,
        "Net Income Common Stockholders": 259998000.0,
        "Net Income": 259998000.0,
        "Net Income Including Noncontrolling Interests": 259998000.0,
        "Net Income Continuous Operations": 259998000.0,
        "Earnings From Equity Interest Net Of Tax": 0.0,
        "Tax Provision": -11395000.0,
        "Pretax Income": 248603000.0,
        "Other Income Expense": -54241000.0,
        "Special Income Charges": -54241000.0,
        "Impairment Of Capital Assets": NaN,
        "Restructuring And Mergern Acquisition": 54241000.0,
        "Net Non Operating Interest Income Expense": -48421000.0,
        "Interest Expense Non Operating": 20390000.0,
        "Interest Income Non Operating": 3008000.0,
        "Operating Income": 351265000.0,
        "Operating Expense": 248100000.0,
        "Depreciation Amortization Depletion Income Statement": 96655000.0,
        "Depreciation And Amortization In Income Statement": 96655000.0,
        "Amortization": NaN,
        "Amortization Of Intangibles Income Statement": NaN,
        "Depreciation Income Statement": NaN,
        "Selling General And Administration": 151445000.0,
        "Gross Profit": 599365000.0,
        "Cost Of Revenue": 1441736000.0,
        "Total Revenue": 2041101000.0,
        "Operating Revenue": 2041101000.0
    },
    "2025-03-31": {
        "Tax Effect Of Unusual Items": -7383750.0,
        "Tax Rate For Calcs": 0.165,
        "Normalized EBITDA": 362071000.0,
        "Total Unusual Items": -44750000.0,
        "Total Unusual Items Excluding Goodwill": -44750000.0,
        "Net Income From Continuing Operation Net Minority Interest": 154151000.0,
        "Reconciled Depreciation": 95958000.0,
        "Reconciled Cost Of Revenue": 1442679000.0,
        "EBITDA": 317321000.0,
        "EBIT": 221363000.0,
        "Net Interest Income": -45807000.0,
        "Interest Expense": 47609000.0,
        "Interest Income": 1802000.0,
        "Normalized Income": 191517250.0,
        "Net Income From Continuing And Discontinued Operation": 154151000.0,
        "Total Expenses": 1737021000.0,
        "Total Operating Income As Reported": 219561000.0,
        "Diluted Average Shares": 80924355.0,
        "Basic Average Shares": 80552734.0,
        "Diluted EPS": 1.9,
        "Basic EPS": 1.91,
        "Diluted NI Availto Com Stockholders": 154151000.0,
        "Net Income Common Stockholders": 154151000.0,
        "Net Income": 154151000.0,
        "Net Income Including Noncontrolling Interests": 154151000.0,
        "Net Income Continuous Operations": 154151000.0,
        "Earnings From Equity Interest Net Of Tax": NaN,
        "Tax Provision": 19603000.0,
        "Pretax Income": 173754000.0,
        "Other Income Expense": -44750000.0,
        "Special Income Charges": -44750000.0,
        "Impairment Of Capital Assets": NaN,
        "Restructuring And Mergern Acquisition": 44750000.0,
        "Net Non Operating Interest Income Expense": -45807000.0,
        "Interest Expense Non Operating": 47609000.0,
        "Interest Income Non Operating": 1802000.0,
        "Operating Income": 264311000.0,
        "Operating Expense": 294342000.0,
        "Depreciation Amortization Depletion Income Statement": 95958000.0,
        "Depreciation And Amortization In Income Statement": 95958000.0,
        "Amortization": NaN,
        "Amortization Of Intangibles Income Statement": NaN,
        "Depreciation Income Statement": NaN,
        "Selling General And Administration": 198384000.0,
        "Gross Profit": 558653000.0,
        "Cost Of Revenue": 1442679000.0,
        "Total Revenue": 2001332000.0,
        "Operating Revenue": 2001332000.0
    },
    "2025-06-30": {
        "Tax Effect Of Unusual Items": -10430070.0,
        "Tax Rate For Calcs": 0.21,
        "Normalized EBITDA": 358647000.0,
        "Total Unusual Items": -49667000.0,
        "Total Unusual Items Excluding Goodwill": -49667000.0,
        "Net Income From Continuing Operation Net Minority Interest": 182972000.0,
        "Reconciled Depreciation": 97718000.0,
        "Reconciled Cost Of Revenue": 1455758000.0,
        "EBITDA": 308980000.0,
        "EBIT": 211262000.0,
        "Net Interest Income": -48097000.0,
        "Interest Expense": 50151000.0,
        "Interest Income": 2054000.0,
        "Normalized Income": 222208930.0,
        "Net Income From Continuing And Discontinued Operation": 182972000.0,
        "Total Expenses": 1758482000.0,
        "Total Operating Income As Reported": 209208000.0,
        "Diluted Average Shares": 79547444.0,
        "Basic Average Shares": 79245448.0,
        "Diluted EPS": 2.3,
        "Basic EPS": 2.31,
        "Diluted NI Availto Com Stockholders": 182972000.0,
        "Net Income Common Stockholders": 182972000.0,
        "Net Income": 182972000.0,
        "Net Income Including Noncontrolling Interests": 182972000.0,
        "Net Income Continuous Operations": 182972000.0,
        "Earnings From Equity Interest Net Of Tax": NaN,
        "Tax Provision": -21861000.0,
        "Pretax Income": 161111000.0,
        "Other Income Expense": -49667000.0,
        "Special Income Charges": -49667000.0,
        "Impairment Of Capital Assets": NaN,
        "Restructuring And Mergern Acquisition": 49667000.0,
        "Net Non Operating Interest Income Expense": -48097000.0,
        "Interest Expense Non Operating": 50151000.0,
        "Interest Income Non Operating": 2054000.0,
        "Operating Income": 258875000.0,
        "Operating Expense": 302724000.0,
        "Depreciation Amortization Depletion Income Statement": 97718000.0,
        "Depreciation And Amortization In Income Statement": 97718000.0,
        "Amortization": NaN,
        "Amortization Of Intangibles Income Statement": NaN,
        "Depreciation Income Statement": NaN,
        "Selling General And Administration": 205006000.0,
        "Gross Profit": 561599000.0,
        "Cost Of Revenue": 1455758000.0,
        "Total Revenue": 2017357000.0,
        "Operating Revenue": 2017357000.0
    },
    "2025-09-30": {
        "Tax Effect Of Unusual Items": -36187200.0,
        "Tax Rate For Calcs": 0.21,
        "Normalized EBITDA": 359160000.0,
        "Total Unusual Items": -172320000.0,
        "Total Unusual Items Excluding Goodwill": -172320000.0,
        "Net Income From Continuing Operation Net Minority Interest": 2355000.0,
        "Reconciled Depreciation": 98495000.0,
        "Reconciled Cost Of Revenue": 1488364000.0,
        "EBITDA": 186840000.0,
        "EBIT": 88345000.0,
        "Net Interest Income": -48482000.0,
        "Interest Expense": 50243000.0,
        "Interest Income": 1761000.0,
        "Normalized Income": 138487800.0,
        "Net Income From Continuing And Discontinued Operation": 2355000.0,
        "Total Expenses": 1783908000.0,
        "Total Operating Income As Reported": 86584000.0,
        "Diluted Average Shares": 78082459.0,
        "Basic Average Shares": 77373534.0,
        "Diluted EPS": 0.03,
        "Basic EPS": 0.03,
        "Diluted NI Availto Com Stockholders": 2355000.0,
        "Net Income Common Stockholders": 2355000.0,
        "Net Income": 2355000.0,
        "Net Income Including Noncontrolling Interests": 2355000.0,
        "Net Income Continuous Operations": 2355000.0,
        "Earnings From Equity Interest Net Of Tax": NaN,
        "Tax Provision": 35747000.0,
        "Pretax Income": 38102000.0,
        "Other Income Expense": -172320000.0,
        "Special Income Charges": -172320000.0,
        "Impairment Of Capital Assets": 165300000.0,
        "Restructuring And Mergern Acquisition": 7020000.0,
        "Net Non Operating Interest Income Expense": -48482000.0,
        "Interest Expense Non Operating": 50243000.0,
        "Interest Income Non Operating": 1761000.0,
        "Operating Income": 258904000.0,
        "Operating Expense": 295544000.0,
        "Depreciation Amortization Depletion Income Statement": 98495000.0,
        "Depreciation And Amortization In Income Statement": 98495000.0,
        "Amortization": NaN,
        "Amortization Of Intangibles Income Statement": NaN,
        "Depreciation Income Statement": NaN,
        "Selling General And Administration": 197049000.0,
        "Gross Profit": 554448000.0,
        "Cost Of Revenue": 1488364000.0,
        "Total Revenue": 2042812000.0,
        "Operating Revenue": 2042812000.0
    }
}