{
    "2023-03-31": {
        "Tax Effect Of Unusual Items": 0.0,
        "Tax Rate For Calcs": 0.0,
        "Normalized EBITDA": -29072000.0,
        "Total Unusual Items": NaN,
        "Total Unusual Items Excluding Goodwill": NaN,
        "Net Income From Continuing Operation Net Minority Interest": -31881000.0,
        "Reconciled Depreciation": 89000.0,
        "Reconciled Cost Of Revenue": 222000.0,
        "EBITDA": -29072000.0,
        "EBIT": -29072000.0,
        "Net Interest Income": -2809000.0,
        "Interest Expense": 2809000.0,
        "Normalized Income": -31881000.0,
        "Net Income From Continuing And Discontinued Operation": -32135000.0,
        "Total Expenses": 99590000.0,
        "Total Operating Income As Reported": -31632000.0,
        "Diluted Average Shares": 41670000.0,
        "Basic Average Shares": 41670000.0,
        "Diluted EPS": -0.77,
        "Basic EPS": -0.77,
        "Diluted NI Availto Com Stockholders": -32135000.0,
        "Net Income Common Stockholders": -32135000.0,
        "Net Income": -32135000.0,
        "Net Income Including Noncontrolling Interests": -32135000.0,
        "Net Income Discontinuous Operations": -254000.0,
        "Net Income Continuous Operations": -31881000.0,
        "Pretax Income": -31881000.0,
        "Other Income Expense": 2560000.0,
        "Other Non Operating Income Expenses": 2560000.0,
        "Special Income Charges": NaN,
        "Other Special Charges": NaN,
        "Restructuring And Mergern Acquisition": NaN,
        "Net Non Operating Interest Income Expense": -2809000.0,
        "Total Other Finance Cost": NaN,
        "Interest Expense Non Operating": 2809000.0,
        "Operating Income": -31632000.0,
        "Operating Expense": 99368000.0,
        "Research And Development": 41711000.0,
        "Selling General And Administration": 57657000.0,
        "Gross Profit": 67736000.0,
        "Cost Of Revenue": 222000.0,
        "Total Revenue": 67958000.0,
        "Operating Revenue": 67958000.0
    },
    "2022-12-31": {
        "Tax Effect Of Unusual Items": 0.0,
        "Tax Rate For Calcs": 0.0,
        "Normalized EBITDA": -14737000.0,
        "Total Unusual Items": 0.0,
        "Total Unusual Items Excluding Goodwill": 0.0,
        "Net Income From Continuing Operation Net Minority Interest": -17543000.0,
        "Reconciled Depreciation": 101000.0,
        "Reconciled Cost Of Revenue": 29000.0,
        "EBITDA": -14737000.0,
        "EBIT": -14737000.0,
        "Net Interest Income": -2806000.0,
        "Interest Expense": 2806000.0,
        "Normalized Income": -17543000.0,
        "Net Income From Continuing And Discontinued Operation": -20824000.0,
        "Total Expenses": 96128000.0,
        "Total Operating Income As Reported": -18909000.0,
        "Diluted Average Shares": 41479000.0,
        "Basic Average Shares": 41479000.0,
        "Diluted EPS": -0.5,
        "Basic EPS": -0.5,
        "Diluted NI Availto Com Stockholders": -20824000.0,
        "Net Income Common Stockholders": -20824000.0,
        "Net Income": -20824000.0,
        "Net Income Including Noncontrolling Interests": -20824000.0,
        "Net Income Discontinuous Operations": -3281000.0,
        "Net Income Continuous Operations": -17543000.0,
        "Pretax Income": -17543000.0,
        "Other Income Expense": 4172000.0,
        "Other Non Operating Income Expenses": 4172000.0,
        "Special Income Charges": 0.0,
        "Other Special Charges": 39000.0,
        "Restructuring And Mergern Acquisition": 0.0,
        "Net Non Operating Interest Income Expense": -2806000.0,
        "Total Other Finance Cost": 364000.0,
        "Interest Expense Non Operating": 2806000.0,
        "Operating Income": -18909000.0,
        "Operating Expense": 96099000.0,
        "Research And Development": 40681000.0,
        "Selling General And Administration": 55418000.0,
        "Gross Profit": 77190000.0,
        "Cost Of Revenue": 29000.0,
        "Total Revenue": 77219000.0,
        "Operating Revenue": 77219000.0
    },
    "2022-09-30": {
        "Tax Effect Of Unusual Items": 0.0,
        "Tax Rate For Calcs": 0.0,
        "Normalized EBITDA": -7652000.0,
        "Total Unusual Items": -91759000.0,
        "Total Unusual Items Excluding Goodwill": -91759000.0,
        "Net Income From Continuing Operation Net Minority Interest": -104087000.0,
        "Reconciled Depreciation": 80000.0,
        "Reconciled Cost Of Revenue": 424000.0,
        "EBITDA": -99411000.0,
        "EBIT": -99491000.0,
        "Net Interest Income": -5237000.0,
        "Interest Expense": 4596000.0,
        "Normalized Income": -12328000.0,
        "Net Income From Continuing And Discontinued Operation": 267453000.0,
        "Total Expenses": 87732000.0,
        "Total Operating Income As Reported": -10144000.0,
        "Diluted Average Shares": 34293000.0,
        "Basic Average Shares": 34293000.0,
        "Diluted EPS": 7.8,
        "Basic EPS": 7.8,
        "Diluted NI Availto Com Stockholders": 267453000.0,
        "Net Income Common Stockholders": 267453000.0,
        "Net Income": 267453000.0,
        "Net Income Including Noncontrolling Interests": 267453000.0,
        "Net Income Discontinuous Operations": 371540000.0,
        "Net Income Continuous Operations": -104087000.0,
        "Pretax Income": -104087000.0,
        "Other Income Expense": -88706000.0,
        "Other Non Operating Income Expenses": 3053000.0,
        "Special Income Charges": -91759000.0,
        "Other Special Charges": 91759000.0,
        "Restructuring And Mergern Acquisition": 0.0,
        "Net Non Operating Interest Income Expense": -5237000.0,
        "Total Other Finance Cost": 641000.0,
        "Interest Expense Non Operating": 4596000.0,
        "Operating Income": -10144000.0,
        "Operating Expense": 87308000.0,
        "Research And Development": 44034000.0,
        "Selling General And Administration": 43274000.0,
        "Gross Profit": 77164000.0,
        "Cost Of Revenue": 424000.0,
        "Total Revenue": 77588000.0,
        "Operating Revenue": 77588000.0
    },
    "2022-06-30": {
        "Tax Effect Of Unusual Items": 0.0,
        "Tax Rate For Calcs": 0.0,
        "Normalized EBITDA": -14420000.0,
        "Total Unusual Items": 0.0,
        "Total Unusual Items Excluding Goodwill": 0.0,
        "Net Income From Continuing Operation Net Minority Interest": -20321000.0,
        "Reconciled Depreciation": 36000.0,
        "Reconciled Cost Of Revenue": 309000.0,
        "EBITDA": -14420000.0,
        "EBIT": -14456000.0,
        "Net Interest Income": -6669000.0,
        "Interest Expense": 5865000.0,
        "Normalized Income": -20321000.0,
        "Net Income From Continuing And Discontinued Operation": -7528000.0,
        "Total Expenses": 85120000.0,
        "Total Operating Income As Reported": -13363000.0,
        "Diluted Average Shares": 29747000.0,
        "Basic Average Shares": 29747000.0,
        "Diluted EPS": -0.25,
        "Basic EPS": -0.25,
        "Diluted NI Availto Com Stockholders": -7528000.0,
        "Net Income Common Stockholders": -7528000.0,
        "Net Income": -7528000.0,
        "Net Income Including Noncontrolling Interests": -7528000.0,
        "Net Income Discontinuous Operations": 12793000.0,
        "Net Income Continuous Operations": -20321000.0,
        "Pretax Income": -20321000.0,
        "Other Income Expense": -289000.0,
        "Other Non Operating Income Expenses": -289000.0,
        "Special Income Charges": 0.0,
        "Other Special Charges": NaN,
        "Restructuring And Mergern Acquisition": 0.0,
        "Net Non Operating Interest Income Expense": -6669000.0,
        "Total Other Finance Cost": 804000.0,
        "Interest Expense Non Operating": 5865000.0,
        "Operating Income": -13363000.0,
        "Operating Expense": 84811000.0,
        "Research And Development": 44826000.0,
        "Selling General And Administration": 39985000.0,
        "Gross Profit": 71448000.0,
        "Cost Of Revenue": 309000.0,
        "Total Revenue": 71757000.0,
        "Operating Revenue": 71757000.0
    },
    "2023-06-30": {
        "Tax Effect Of Unusual Items": 0.0,
        "Tax Rate For Calcs": 0.0,
        "Normalized EBITDA": -3014000.0,
        "Total Unusual Items": NaN,
        "Total Unusual Items Excluding Goodwill": NaN,
        "Net Income From Continuing Operation Net Minority Interest": -5826000.0,
        "Reconciled Depreciation": 90000.0,
        "Reconciled Cost Of Revenue": 185000.0,
        "EBITDA": -3014000.0,
        "EBIT": -3014000.0,
        "Net Interest Income": -2812000.0,
        "Interest Expense": 2812000.0,
        "Normalized Income": -5826000.0,
        "Net Income From Continuing And Discontinued Operation": -5862000.0,
        "Total Expenses": 90837000.0,
        "Total Operating Income As Reported": -7119000.0,
        "Diluted Average Shares": 41731000.0,
        "Basic Average Shares": 41731000.0,
        "Diluted EPS": -0.14,
        "Basic EPS": -0.14,
        "Diluted NI Availto Com Stockholders": -5862000.0,
        "Net Income Common Stockholders": -5862000.0,
        "Net Income": -5862000.0,
        "Net Income Including Noncontrolling Interests": -5862000.0,
        "Net Income Discontinuous Operations": -36000.0,
        "Net Income Continuous Operations": -5826000.0,
        "Pretax Income": -5826000.0,
        "Other Income Expense": 4105000.0,
        "Other Non Operating Income Expenses": 4105000.0,
        "Special Income Charges": NaN,
        "Other Special Charges": NaN,
        "Restructuring And Mergern Acquisition": NaN,
        "Net Non Operating Interest Income Expense": -2812000.0,
        "Total Other Finance Cost": 371000.0,
        "Interest Expense Non Operating": 2812000.0,
        "Operating Income": -7119000.0,
        "Operating Expense": 90652000.0,
        "Research And Development": 37306000.0,
        "Selling General And Administration": 53346000.0,
        "Gross Profit": 83533000.0,
        "Cost Of Revenue": 185000.0,
        "Total Revenue": 83718000.0,
        "Operating Revenue": 83718000.0
    },
    "2022-03-31": {
        "Diluted EPS": -0.58,
        "Total Revenue": 59,
        "Gross Profit": 59,
        "Operating Income": -26,
        "EBIT": -24,
        "Net Income": -17
    },
    "2021-12-31": {
        "Diluted EPS": -1.21,
        "Total Revenue": 44,
        "Gross Profit": 44,
        "Operating Income": -38,
        "EBIT": -27,
        "Net Income": -36
    },
    "2021-09-30": {
        "Diluted EPS": -0.11,
        "Total Revenue": 67,
        "Gross Profit": 66,
        "Operating Income": -20,
        "EBIT": -9,
        "Net Income": -4
    },
    "2021-06-30": {
        "Diluted EPS": -0.33,
        "Total Revenue": 68,
        "Gross Profit": 68,
        "Operating Income": -13,
        "EBIT": -4,
        "Net Income": -11
    },
    "2021-03-31": {
        "Diluted EPS": -1.22,
        "Total Revenue": 82,
        "Gross Profit": 81,
        "Operating Income": -29,
        "EBIT": -20,
        "Net Income": -40
    },
    "2020-12-31": {
        "Diluted EPS": -1.55,
        "Total Revenue": 5,
        "Gross Profit": 7,
        "Operating Income": -39,
        "EBIT": -30,
        "Net Income": -52
    },
    "2020-09-30": {
        "Diluted EPS": -2.01,
        "Total Revenue": 80,
        "Gross Profit": 78,
        "Operating Income": -55,
        "EBIT": -46,
        "Net Income": -66
    },
    "2020-06-30": {
        "Diluted EPS": -1.92,
        "Total Revenue": 77,
        "Gross Profit": 75,
        "Operating Income": -52,
        "EBIT": -43,
        "Net Income": -63
    },
    "2020-03-31": {
        "Diluted EPS": -2.86,
        "Total Revenue": 73,
        "Gross Profit": 72,
        "Operating Income": -83,
        "EBIT": -75,
        "Net Income": -93
    },
    "2019-12-31": {
        "Diluted EPS": -2.99,
        "Total Revenue": 72,
        "Gross Profit": 69,
        "Operating Income": -89,
        "EBIT": -81,
        "Net Income": -98
    },
    "2019-09-30": {
        "Diluted EPS": -2.59,
        "Total Revenue": 62,
        "Gross Profit": 61,
        "Operating Income": -76,
        "EBIT": -68,
        "Net Income": -85
    },
    "2019-06-30": {
        "Diluted EPS": -2.28,
        "Total Revenue": 66,
        "Gross Profit": 66,
        "Operating Income": -64,
        "EBIT": -57,
        "Net Income": -71
    },
    "2019-03-31": {
        "Diluted EPS": -3.03,
        "Total Revenue": 52,
        "Gross Profit": 52,
        "Operating Income": -84,
        "EBIT": -79,
        "Net Income": -90
    },
    "2018-12-31": {
        "Diluted EPS": -2.88,
        "Total Revenue": 53,
        "Gross Profit": 52,
        "Operating Income": -82,
        "EBIT": -77,
        "Net Income": -88
    },
    "2018-09-30": {
        "Diluted EPS": -2.18,
        "Total Revenue": 47,
        "Gross Profit": 46,
        "Operating Income": -58,
        "EBIT": -53,
        "Net Income": -64
    },
    "2018-06-30": {
        "Diluted EPS": -2.58,
        "Total Revenue": 44,
        "Gross Profit": 43,
        "Operating Income": -70,
        "EBIT": -65,
        "Net Income": -75
    },
    "2018-03-31": {
        "Diluted EPS": -3.22,
        "Total Revenue": 36,
        "Gross Profit": 36,
        "Operating Income": -75,
        "EBIT": -70,
        "Net Income": -82
    },
    "2017-12-31": {
        "Diluted EPS": -4.42,
        "Total Revenue": 38,
        "Gross Profit": 37,
        "Operating Income": -105,
        "EBIT": -99,
        "Net Income": -111
    },
    "2017-09-30": {
        "Diluted EPS": -2.89,
        "Total Revenue": 41,
        "Gross Profit": 41,
        "Operating Income": -66,
        "EBIT": -60,
        "Net Income": -73
    },
    "2017-06-30": {
        "Diluted EPS": -3.46,
        "Total Revenue": 31,
        "Gross Profit": 31,
        "Operating Income": -81,
        "EBIT": -75,
        "Net Income": -87
    },
    "2017-03-31": {
        "Diluted EPS": -3.61,
        "Total Revenue": 21,
        "Gross Profit": 21,
        "Operating Income": -84,
        "EBIT": -79,
        "Net Income": -90
    },
    "2016-12-31": {
        "Diluted EPS": -4.84,
        "Total Revenue": 14,
        "Gross Profit": 14,
        "Operating Income": -114,
        "EBIT": -108,
        "Net Income": -120
    },
    "2016-09-30": {
        "Diluted EPS": -3.59,
        "Total Revenue": 5,
        "Gross Profit": 5,
        "Operating Income": -83,
        "EBIT": -78,
        "Net Income": -89
    },
    "2016-06-30": {
        "Diluted EPS": -3.14,
        "Total Revenue": 6,
        "Gross Profit": 6,
        "Operating Income": -78,
        "EBIT": -76,
        "Net Income": -77
    },
    "2016-03-31": {
        "Diluted EPS": -5.17,
        "Total Revenue": 0,
        "Gross Profit": 0,
        "Operating Income": -127,
        "EBIT": -125,
        "Net Income": -127
    },
    "2015-12-31": {
        "Diluted EPS": -3.69,
        "Total Revenue": 0,
        "Gross Profit": 0,
        "Operating Income": -89,
        "EBIT": -86,
        "Net Income": -88
    },
    "2015-09-30": {
        "Diluted EPS": -2.1,
        "Total Revenue": 0,
        "Gross Profit": 0,
        "Operating Income": -52,
        "EBIT": -49,
        "Net Income": -51
    },
    "2015-06-30": {
        "Diluted EPS": -1.99,
        "Total Revenue": 0,
        "Gross Profit": 0,
        "Operating Income": -49,
        "EBIT": -47,
        "Net Income": -48
    },
    "2015-03-31": {
        "Diluted EPS": -1.78,
        "Total Revenue": 1,
        "Gross Profit": 1,
        "Operating Income": -40,
        "EBIT": -39,
        "Net Income": -39
    },
    "2014-12-31": {
        "Diluted EPS": -0.84,
        "Total Revenue": 0,
        "Gross Profit": 0,
        "Operating Income": -35,
        "EBIT": -34,
        "Net Income": -35
    },
    "2014-09-30": {
        "Diluted EPS": -1.69,
        "Total Revenue": 0,
        "Gross Profit": 0,
        "Operating Income": -36,
        "EBIT": -35,
        "Net Income": -36
    },
    "2014-06-30": {
        "Diluted EPS": 1.51,
        "Total Revenue": 0,
        "Gross Profit": 0,
        "Operating Income": -22,
        "EBIT": -22,
        "Net Income": 33
    },
    "2014-03-31": {
        "Diluted EPS": -12.61,
        "Total Revenue": 0,
        "Gross Profit": 0,
        "Operating Income": -20,
        "EBIT": -19,
        "Net Income": -246
    },
    "2013-12-31": {
        "Diluted EPS": -0.7,
        "Total Revenue": 0,
        "Gross Profit": 0,
        "Operating Income": -14,
        "EBIT": -13,
        "Net Income": -12
    },
    "2013-09-30": {
        "Diluted EPS": -1.65,
        "Total Revenue": 0,
        "Gross Profit": 0,
        "Operating Income": -11,
        "EBIT": -11,
        "Net Income": -32
    },
    "2013-06-30": {
        "Diluted EPS": -0.79,
        "Total Revenue": 0,
        "Gross Profit": 0,
        "Operating Income": -8,
        "EBIT": -7,
        "Net Income": -13
    },
    "2013-03-31": {
        "Diluted EPS": -0.62,
        "Total Revenue": 0,
        "Gross Profit": 0,
        "Operating Income": -7,
        "EBIT": -7,
        "Net Income": -10
    },
    "2012-12-31": {
        "Diluted EPS": -2.02,
        "Total Revenue": 0,
        "Gross Profit": 0,
        "Operating Income": -7,
        "EBIT": -6,
        "Net Income": -31
    },
    "2012-09-30": {
        "Diluted EPS": -1.86,
        "Total Revenue": 1,
        "Gross Profit": 1,
        "Operating Income": -4,
        "EBIT": -4,
        "Net Income": -6
    },
    "2012-06-30": {
        "Diluted EPS": -1.75,
        "Total Revenue": 1,
        "Gross Profit": 1,
        "Operating Income": -5,
        "EBIT": -5,
        "Net Income": -6
    },
    "2012-03-31": {
        "Diluted EPS": -1.03,
        "Total Revenue": 1,
        "Gross Profit": 1,
        "Operating Income": -3,
        "EBIT": -3,
        "Net Income": -3
    },
    "2011-12-31": {
        "Diluted EPS": 0.0,
        "Total Revenue": NaN,
        "Gross Profit": NaN,
        "Operating Income": NaN,
        "EBIT": NaN,
        "Net Income": NaN
    },
    "2011-09-30": {
        "Diluted EPS": -1.08,
        "Total Revenue": 1,
        "Gross Profit": 1,
        "Operating Income": 1,
        "EBIT": 1,
        "Net Income": -3
    },
    "2010-12-31": {
        "Diluted EPS": 0.0,
        "Total Revenue": NaN,
        "Gross Profit": NaN,
        "Operating Income": NaN,
        "EBIT": NaN,
        "Net Income": NaN
    }
}