{
    "2023-03-31": {
        "Tax Effect Of Unusual Items": NaN,
        "Tax Rate For Calcs": NaN,
        "Normalized EBITDA": NaN,
        "Total Unusual Items": NaN,
        "Total Unusual Items Excluding Goodwill": NaN,
        "Net Income From Continuing Operation Net Minority Interest": NaN,
        "Reconciled Depreciation": NaN,
        "Reconciled Cost Of Revenue": NaN,
        "EBITDA": NaN,
        "EBIT": NaN,
        "Net Interest Income": NaN,
        "Interest Expense": NaN,
        "Interest Income": NaN,
        "Normalized Income": NaN,
        "Net Income From Continuing And Discontinued Operation": NaN,
        "Total Expenses": NaN,
        "Total Operating Income As Reported": NaN,
        "Diluted Average Shares": 24014000.0,
        "Basic Average Shares": 24014000.0,
        "Diluted EPS": -0.41,
        "Basic EPS": -0.41,
        "Diluted NI Availto Com Stockholders": NaN,
        "Net Income Common Stockholders": NaN,
        "Net Income": NaN,
        "Net Income Including Noncontrolling Interests": NaN,
        "Net Income Continuous Operations": NaN,
        "Tax Provision": NaN,
        "Pretax Income": NaN,
        "Other Income Expense": NaN,
        "Other Non Operating Income Expenses": NaN,
        "Special Income Charges": NaN,
        "Gain On Sale Of Ppe": NaN,
        "Restructuring And Mergern Acquisition": NaN,
        "Gain On Sale Of Security": NaN,
        "Net Non Operating Interest Income Expense": NaN,
        "Interest Expense Non Operating": NaN,
        "Interest Income Non Operating": NaN,
        "Operating Income": NaN,
        "Operating Expense": NaN,
        "Research And Development": NaN,
        "Selling General And Administration": NaN,
        "Gross Profit": NaN,
        "Cost Of Revenue": NaN,
        "Total Revenue": NaN,
        "Operating Revenue": NaN
    },
    "2022-12-31": {
        "Tax Effect Of Unusual Items": NaN,
        "Tax Rate For Calcs": NaN,
        "Normalized EBITDA": NaN,
        "Total Unusual Items": NaN,
        "Total Unusual Items Excluding Goodwill": NaN,
        "Net Income From Continuing Operation Net Minority Interest": NaN,
        "Reconciled Depreciation": NaN,
        "Reconciled Cost Of Revenue": NaN,
        "EBITDA": NaN,
        "EBIT": NaN,
        "Net Interest Income": NaN,
        "Interest Expense": NaN,
        "Interest Income": NaN,
        "Normalized Income": NaN,
        "Net Income From Continuing And Discontinued Operation": NaN,
        "Total Expenses": NaN,
        "Total Operating Income As Reported": NaN,
        "Diluted Average Shares": 23988000.0,
        "Basic Average Shares": 23988000.0,
        "Diluted EPS": -0.65,
        "Basic EPS": -0.65,
        "Diluted NI Availto Com Stockholders": NaN,
        "Net Income Common Stockholders": NaN,
        "Net Income": NaN,
        "Net Income Including Noncontrolling Interests": NaN,
        "Net Income Continuous Operations": NaN,
        "Tax Provision": NaN,
        "Pretax Income": NaN,
        "Other Income Expense": NaN,
        "Other Non Operating Income Expenses": NaN,
        "Special Income Charges": NaN,
        "Gain On Sale Of Ppe": NaN,
        "Restructuring And Mergern Acquisition": NaN,
        "Gain On Sale Of Security": NaN,
        "Net Non Operating Interest Income Expense": NaN,
        "Interest Expense Non Operating": NaN,
        "Interest Income Non Operating": NaN,
        "Operating Income": NaN,
        "Operating Expense": NaN,
        "Research And Development": NaN,
        "Selling General And Administration": NaN,
        "Gross Profit": NaN,
        "Cost Of Revenue": NaN,
        "Total Revenue": NaN,
        "Operating Revenue": NaN
    },
    "2022-09-30": {
        "Tax Effect Of Unusual Items": -3917411.836486,
        "Tax Rate For Calcs": 0.38011,
        "Normalized EBITDA": 68791000.0,
        "Total Unusual Items": -10306000.0,
        "Total Unusual Items Excluding Goodwill": -10306000.0,
        "Net Income From Continuing Operation Net Minority Interest": -13208000.0,
        "Reconciled Depreciation": 58641000.0,
        "Reconciled Cost Of Revenue": 411461000.0,
        "EBITDA": 58485000.0,
        "EBIT": -156000.0,
        "Net Interest Income": -21151000.0,
        "Interest Expense": 21151000.0,
        "Interest Income": NaN,
        "Normalized Income": -6819411.836486,
        "Net Income From Continuing And Discontinued Operation": -13208000.0,
        "Total Expenses": 588018000.0,
        "Total Operating Income As Reported": -467000.0,
        "Diluted Average Shares": 23908000.0,
        "Basic Average Shares": 23908000.0,
        "Diluted EPS": -0.55,
        "Basic EPS": -0.55,
        "Diluted NI Availto Com Stockholders": -13208000.0,
        "Net Income Common Stockholders": -13208000.0,
        "Net Income": -13208000.0,
        "Net Income Including Noncontrolling Interests": -13208000.0,
        "Net Income Continuous Operations": -13208000.0,
        "Tax Provision": -8099000.0,
        "Pretax Income": -21307000.0,
        "Other Income Expense": -9995000.0,
        "Other Non Operating Income Expenses": 311000.0,
        "Special Income Charges": -10306000.0,
        "Gain On Sale Of Ppe": NaN,
        "Restructuring And Mergern Acquisition": 10306000.0,
        "Gain On Sale Of Security": NaN,
        "Net Non Operating Interest Income Expense": -21151000.0,
        "Interest Expense Non Operating": 21151000.0,
        "Interest Income Non Operating": NaN,
        "Operating Income": 9839000.0,
        "Operating Expense": 176557000.0,
        "Research And Development": 23105000.0,
        "Selling General And Administration": 153452000.0,
        "Gross Profit": 186396000.0,
        "Cost Of Revenue": 411461000.0,
        "Total Revenue": 597857000.0,
        "Operating Revenue": 597857000.0
    },
    "2022-06-30": {
        "Tax Effect Of Unusual Items": 5467600.0,
        "Tax Rate For Calcs": 0.4,
        "Normalized EBITDA": -14250000.0,
        "Total Unusual Items": 13669000.0,
        "Total Unusual Items Excluding Goodwill": 13669000.0,
        "Net Income From Continuing Operation Net Minority Interest": -7474000.0,
        "Reconciled Depreciation": 66559000.0,
        "Reconciled Cost Of Revenue": 393411000.0,
        "EBITDA": -581000.0,
        "EBIT": -581000.0,
        "Net Interest Income": -16273000.0,
        "Interest Expense": 16273000.0,
        "Interest Income": 800000.0,
        "Normalized Income": -15675400.0,
        "Net Income From Continuing And Discontinued Operation": -7474000.0,
        "Total Expenses": 574721000.0,
        "Total Operating Income As Reported": -48000.0,
        "Diluted Average Shares": 23897000.0,
        "Basic Average Shares": 23897000.0,
        "Diluted EPS": -0.31,
        "Basic EPS": -0.31,
        "Diluted NI Availto Com Stockholders": -7474000.0,
        "Net Income Common Stockholders": -7474000.0,
        "Net Income": -7474000.0,
        "Net Income Including Noncontrolling Interests": -7474000.0,
        "Net Income Continuous Operations": -7474000.0,
        "Tax Provision": -9380000.0,
        "Pretax Income": -16854000.0,
        "Other Income Expense": 13136000.0,
        "Other Non Operating Income Expenses": -533000.0,
        "Special Income Charges": 13669000.0,
        "Gain On Sale Of Ppe": -600000.0,
        "Restructuring And Mergern Acquisition": -13669000.0,
        "Gain On Sale Of Security": -2700000.0,
        "Net Non Operating Interest Income Expense": -16273000.0,
        "Interest Expense Non Operating": 16273000.0,
        "Interest Income Non Operating": 800000.0,
        "Operating Income": -13717000.0,
        "Operating Expense": 181310000.0,
        "Research And Development": 22562000.0,
        "Selling General And Administration": 158748000.0,
        "Gross Profit": 167593000.0,
        "Cost Of Revenue": 393411000.0,
        "Total Revenue": 561004000.0,
        "Operating Revenue": 561004000.0
    },
    "2022-03-31": {
        "Diluted EPS": -1.61,
        "Total Revenue": 543,
        "Gross Profit": 169,
        "Operating Income": -42,
        "EBIT": 27,
        "Net Income": -38
    },
    "2021-12-31": {
        "Diluted EPS": 0.91,
        "Total Revenue": 341,
        "Gross Profit": 127,
        "Operating Income": 24,
        "EBIT": 47,
        "Net Income": 20
    },
    "2021-09-30": {
        "Diluted EPS": 1.43,
        "Total Revenue": 336,
        "Gross Profit": 128,
        "Operating Income": 38,
        "EBIT": 61,
        "Net Income": 31
    },
    "2021-06-30": {
        "Diluted EPS": 1.31,
        "Total Revenue": 322,
        "Gross Profit": 124,
        "Operating Income": 34,
        "EBIT": 55,
        "Net Income": 28
    },
    "2021-03-31": {
        "Diluted EPS": 1.09,
        "Total Revenue": 318,
        "Gross Profit": 113,
        "Operating Income": 27,
        "EBIT": 51,
        "Net Income": 24
    },
    "2020-12-31": {
        "Diluted EPS": 1.2,
        "Total Revenue": 320,
        "Gross Profit": 120,
        "Operating Income": 27,
        "EBIT": 49,
        "Net Income": 26
    },
    "2020-09-30": {
        "Diluted EPS": 1.16,
        "Total Revenue": 319,
        "Gross Profit": 114,
        "Operating Income": 26,
        "EBIT": 43,
        "Net Income": 25
    },
    "2020-06-30": {
        "Diluted EPS": 0.88,
        "Total Revenue": 303,
        "Gross Profit": 106,
        "Operating Income": 20,
        "EBIT": 43,
        "Net Income": 19
    },
    "2020-03-31": {
        "Diluted EPS": 0.78,
        "Total Revenue": 329,
        "Gross Profit": 121,
        "Operating Income": 26,
        "EBIT": 49,
        "Net Income": 17
    },
    "2019-12-31": {
        "Diluted EPS": 0.95,
        "Total Revenue": 316,
        "Gross Profit": 114,
        "Operating Income": 18,
        "EBIT": 32,
        "Net Income": 21
    },
    "2019-09-30": {
        "Diluted EPS": 1.24,
        "Total Revenue": 307,
        "Gross Profit": 119,
        "Operating Income": 33,
        "EBIT": 54,
        "Net Income": 27
    },
    "2019-06-30": {
        "Diluted EPS": 1.06,
        "Total Revenue": 312,
        "Gross Profit": 104,
        "Operating Income": 26,
        "EBIT": 49,
        "Net Income": 23
    },
    "2019-03-31": {
        "Diluted EPS": 1.44,
        "Total Revenue": 331,
        "Gross Profit": 135,
        "Operating Income": 30,
        "EBIT": 50,
        "Net Income": 31
    },
    "2018-12-31": {
        "Diluted EPS": -0.35,
        "Total Revenue": 340,
        "Gross Profit": 135,
        "Operating Income": -9,
        "EBIT": 11,
        "Net Income": -7
    },
    "2018-09-30": {
        "Diluted EPS": 0.01,
        "Total Revenue": 327,
        "Gross Profit": 135,
        "Operating Income": 2,
        "EBIT": 21,
        "Net Income": 0
    },
    "2018-06-30": {
        "Diluted EPS": 1.44,
        "Total Revenue": 360,
        "Gross Profit": 152,
        "Operating Income": 32,
        "EBIT": 49,
        "Net Income": 31
    },
    "2018-03-31": {
        "Diluted EPS": 0.23,
        "Total Revenue": 372,
        "Gross Profit": 149,
        "Operating Income": 5,
        "EBIT": 23,
        "Net Income": 5
    },
    "2017-12-31": {
        "Diluted EPS": 2.29,
        "Total Revenue": 370,
        "Gross Profit": 137,
        "Operating Income": 43,
        "EBIT": 63,
        "Net Income": 50
    },
    "2017-09-30": {
        "Diluted EPS": 0.01,
        "Total Revenue": 343,
        "Gross Profit": 112,
        "Operating Income": -4,
        "EBIT": 14,
        "Net Income": 0
    },
    "2017-06-30": {
        "Diluted EPS": -1.87,
        "Total Revenue": 332,
        "Gross Profit": 88,
        "Operating Income": -36,
        "EBIT": -18,
        "Net Income": -37
    },
    "2017-03-31": {
        "Diluted EPS": 2.86,
        "Total Revenue": 248,
        "Gross Profit": 89,
        "Operating Income": -17,
        "EBIT": -5,
        "Net Income": 56
    },
    "2016-12-31": {
        "Diluted EPS": 0.51,
        "Total Revenue": 96,
        "Gross Profit": 51,
        "Operating Income": 14,
        "EBIT": 19,
        "Net Income": 10
    },
    "2016-09-30": {
        "Diluted EPS": 1.09,
        "Total Revenue": 97,
        "Gross Profit": 51,
        "Operating Income": 22,
        "EBIT": 28,
        "Net Income": 19
    },
    "2016-06-30": {
        "Diluted EPS": 0.98,
        "Total Revenue": 97,
        "Gross Profit": 50,
        "Operating Income": 23,
        "EBIT": 27,
        "Net Income": 17
    },
    "2016-03-31": {
        "Diluted EPS": 1.08,
        "Total Revenue": 90,
        "Gross Profit": 49,
        "Operating Income": 24,
        "EBIT": 29,
        "Net Income": 18
    },
    "2015-12-31": {
        "Diluted EPS": 0.32,
        "Total Revenue": 90,
        "Gross Profit": 48,
        "Operating Income": 13,
        "EBIT": 18,
        "Net Income": 5
    },
    "2015-09-30": {
        "Diluted EPS": 0.98,
        "Total Revenue": 86,
        "Gross Profit": 46,
        "Operating Income": 25,
        "EBIT": 29,
        "Net Income": 16
    },
    "2015-06-30": {
        "Diluted EPS": 0.83,
        "Total Revenue": 84,
        "Gross Profit": 44,
        "Operating Income": 20,
        "EBIT": 25,
        "Net Income": 14
    },
    "2015-03-31": {
        "Diluted EPS": 0.6,
        "Total Revenue": 81,
        "Gross Profit": 43,
        "Operating Income": 11,
        "EBIT": 17,
        "Net Income": 10
    },
    "2014-12-31": {
        "Diluted EPS": 0.45,
        "Total Revenue": 80,
        "Gross Profit": 40,
        "Operating Income": 12,
        "EBIT": 17,
        "Net Income": 7
    },
    "2014-09-30": {
        "Diluted EPS": 0.42,
        "Total Revenue": 77,
        "Gross Profit": 38,
        "Operating Income": 8,
        "EBIT": 14,
        "Net Income": 6
    },
    "2014-06-30": {
        "Diluted EPS": 0.38,
        "Total Revenue": 79,
        "Gross Profit": 38,
        "Operating Income": 9,
        "EBIT": 14,
        "Net Income": 6
    },
    "2014-03-31": {
        "Diluted EPS": 0.43,
        "Total Revenue": 73,
        "Gross Profit": 36,
        "Operating Income": 10,
        "EBIT": 15,
        "Net Income": 7
    },
    "2013-12-31": {
        "Diluted EPS": 0.87,
        "Total Revenue": 78,
        "Gross Profit": 39,
        "Operating Income": 14,
        "EBIT": 19,
        "Net Income": 13
    },
    "2013-09-30": {
        "Diluted EPS": 0.72,
        "Total Revenue": 83,
        "Gross Profit": 41,
        "Operating Income": 15,
        "EBIT": 21,
        "Net Income": 11
    },
    "2013-06-30": {
        "Diluted EPS": 0.48,
        "Total Revenue": 79,
        "Gross Profit": 38,
        "Operating Income": 11,
        "EBIT": 16,
        "Net Income": 7
    },
    "2013-03-31": {
        "Diluted EPS": 0.58,
        "Total Revenue": 74,
        "Gross Profit": 37,
        "Operating Income": 12,
        "EBIT": 17,
        "Net Income": 9
    },
    "2012-12-31": {
        "Diluted EPS": 0.82,
        "Total Revenue": 83,
        "Gross Profit": 42,
        "Operating Income": 19,
        "EBIT": 24,
        "Net Income": 12
    },
    "2012-09-30": {
        "Diluted EPS": 0.82,
        "Total Revenue": 81,
        "Gross Profit": 41,
        "Operating Income": 18,
        "EBIT": 23,
        "Net Income": 12
    },
    "2012-06-30": {
        "Diluted EPS": 0.63,
        "Total Revenue": 77,
        "Gross Profit": 39,
        "Operating Income": 14,
        "EBIT": 19,
        "Net Income": 9
    },
    "2012-03-31": {
        "Diluted EPS": 0.53,
        "Total Revenue": 76,
        "Gross Profit": 35,
        "Operating Income": 11,
        "EBIT": 17,
        "Net Income": 8
    },
    "2011-12-31": {
        "Diluted EPS": 1.26,
        "Total Revenue": 76,
        "Gross Profit": 36,
        "Operating Income": 26,
        "EBIT": 31,
        "Net Income": 18
    },
    "2011-09-30": {
        "Diluted EPS": 0.65,
        "Total Revenue": 76,
        "Gross Profit": 36,
        "Operating Income": 13,
        "EBIT": 18,
        "Net Income": 9
    },
    "2011-06-30": {
        "Diluted EPS": 0.67,
        "Total Revenue": 78,
        "Gross Profit": 36,
        "Operating Income": 14,
        "EBIT": 19,
        "Net Income": 9
    },
    "2011-03-31": {
        "Diluted EPS": 0.57,
        "Total Revenue": 71,
        "Gross Profit": 35,
        "Operating Income": 12,
        "EBIT": 17,
        "Net Income": 8
    },
    "2010-12-31": {
        "Diluted EPS": 0.65,
        "Total Revenue": 74,
        "Gross Profit": 36,
        "Operating Income": 15,
        "EBIT": 19,
        "Net Income": 9
    },
    "2010-09-30": {
        "Diluted EPS": 0.65,
        "Total Revenue": 76,
        "Gross Profit": 34,
        "Operating Income": 15,
        "EBIT": 19,
        "Net Income": 9
    },
    "2010-06-30": {
        "Diluted EPS": 0.56,
        "Total Revenue": 69,
        "Gross Profit": 32,
        "Operating Income": 12,
        "EBIT": 16,
        "Net Income": 8
    },
    "2010-03-31": {
        "Diluted EPS": 0.3,
        "Total Revenue": 64,
        "Gross Profit": 27,
        "Operating Income": 6,
        "EBIT": 11,
        "Net Income": 4
    },
    "2009-12-31": {
        "Diluted EPS": 0.4,
        "Total Revenue": 67,
        "Gross Profit": 29,
        "Operating Income": 8,
        "EBIT": 14,
        "Net Income": 6
    },
    "2009-09-30": {
        "Diluted EPS": 0.42,
        "Total Revenue": 54,
        "Gross Profit": 25,
        "Operating Income": 8,
        "EBIT": 12,
        "Net Income": 6
    },
    "2009-06-30": {
        "Diluted EPS": 0.38,
        "Total Revenue": 53,
        "Gross Profit": 26,
        "Operating Income": 9,
        "EBIT": 14,
        "Net Income": 6
    },
    "2009-03-31": {
        "Diluted EPS": 0.47,
        "Total Revenue": 54,
        "Gross Profit": 27,
        "Operating Income": 11,
        "EBIT": 14,
        "Net Income": 7
    },
    "2023-06-30": {
        "Tax Effect Of Unusual Items": NaN,
        "Tax Rate For Calcs": NaN,
        "Normalized EBITDA": NaN,
        "Total Unusual Items": NaN,
        "Total Unusual Items Excluding Goodwill": NaN,
        "Net Income From Continuing Operation Net Minority Interest": NaN,
        "Reconciled Depreciation": NaN,
        "Reconciled Cost Of Revenue": NaN,
        "EBITDA": NaN,
        "EBIT": NaN,
        "Net Interest Income": NaN,
        "Interest Expense": NaN,
        "Interest Income": NaN,
        "Normalized Income": NaN,
        "Net Income From Continuing And Discontinued Operation": NaN,
        "Total Expenses": NaN,
        "Total Operating Income As Reported": NaN,
        "Diluted Average Shares": 24075000.0,
        "Basic Average Shares": 24075000.0,
        "Diluted EPS": -0.41,
        "Basic EPS": -0.41,
        "Diluted NI Availto Com Stockholders": NaN,
        "Net Income Common Stockholders": NaN,
        "Net Income": NaN,
        "Net Income Including Noncontrolling Interests": NaN,
        "Net Income Continuous Operations": NaN,
        "Tax Provision": NaN,
        "Pretax Income": NaN,
        "Other Income Expense": NaN,
        "Other Non Operating Income Expenses": NaN,
        "Special Income Charges": NaN,
        "Gain On Sale Of Ppe": NaN,
        "Restructuring And Mergern Acquisition": NaN,
        "Gain On Sale Of Security": NaN,
        "Net Non Operating Interest Income Expense": NaN,
        "Interest Expense Non Operating": NaN,
        "Interest Income Non Operating": NaN,
        "Operating Income": NaN,
        "Operating Expense": NaN,
        "Research And Development": NaN,
        "Selling General And Administration": NaN,
        "Gross Profit": NaN,
        "Cost Of Revenue": NaN,
        "Total Revenue": NaN,
        "Operating Revenue": NaN
    },
    "2023-09-30": {
        "Tax Effect Of Unusual Items": NaN,
        "Tax Rate For Calcs": NaN,
        "Normalized EBITDA": NaN,
        "Total Unusual Items": NaN,
        "Total Unusual Items Excluding Goodwill": NaN,
        "Net Income From Continuing Operation Net Minority Interest": NaN,
        "Reconciled Depreciation": NaN,
        "Reconciled Cost Of Revenue": NaN,
        "EBITDA": NaN,
        "EBIT": NaN,
        "Net Interest Income": NaN,
        "Interest Expense": NaN,
        "Interest Income": NaN,
        "Normalized Income": NaN,
        "Net Income From Continuing And Discontinued Operation": NaN,
        "Total Expenses": NaN,
        "Total Operating Income As Reported": NaN,
        "Diluted Average Shares": 24368000.0,
        "Basic Average Shares": 24132000.0,
        "Diluted EPS": 0.3,
        "Basic EPS": 0.3,
        "Diluted NI Availto Com Stockholders": NaN,
        "Net Income Common Stockholders": NaN,
        "Net Income": NaN,
        "Net Income Including Noncontrolling Interests": NaN,
        "Net Income Continuous Operations": NaN,
        "Tax Provision": NaN,
        "Pretax Income": NaN,
        "Other Income Expense": NaN,
        "Other Non Operating Income Expenses": NaN,
        "Special Income Charges": NaN,
        "Gain On Sale Of Ppe": NaN,
        "Restructuring And Mergern Acquisition": NaN,
        "Gain On Sale Of Security": NaN,
        "Net Non Operating Interest Income Expense": NaN,
        "Interest Expense Non Operating": NaN,
        "Interest Income Non Operating": NaN,
        "Operating Income": NaN,
        "Operating Expense": NaN,
        "Research And Development": NaN,
        "Selling General And Administration": NaN,
        "Gross Profit": NaN,
        "Cost Of Revenue": NaN,
        "Total Revenue": NaN,
        "Operating Revenue": NaN
    },
    "2023-12-31": {
        "Tax Effect Of Unusual Items": -1782690.0,
        "Tax Rate For Calcs": 0.21,
        "Normalized EBITDA": 55673000.0,
        "Total Unusual Items": -8489000.0,
        "Total Unusual Items Excluding Goodwill": -8489000.0,
        "Net Income From Continuing Operation Net Minority Interest": -17147000.0,
        "Reconciled Depreciation": 57159000.0,
        "Reconciled Cost Of Revenue": 416271000.0,
        "EBITDA": 47184000.0,
        "EBIT": -9975000.0,
        "Net Interest Income": -24408000.0,
        "Interest Expense": 26706000.0,
        "Interest Income": 2298000.0,
        "Normalized Income": -10440690.0,
        "Net Income From Continuing And Discontinued Operation": -17147000.0,
        "Total Expenses": 593299000.0,
        "Total Operating Income As Reported": -12183000.0,
        "Diluted Average Shares": NaN,
        "Basic Average Shares": NaN,
        "Diluted EPS": NaN,
        "Basic EPS": NaN,
        "Diluted NI Availto Com Stockholders": -17147000.0,
        "Net Income Common Stockholders": -17147000.0,
        "Net Income": -17147000.0,
        "Net Income Including Noncontrolling Interests": -17147000.0,
        "Net Income Continuous Operations": -17147000.0,
        "Tax Provision": -19534000.0,
        "Pretax Income": -36681000.0,
        "Other Income Expense": -6830000.0,
        "Other Non Operating Income Expenses": 1659000.0,
        "Special Income Charges": -5920000.0,
        "Gain On Sale Of Ppe": 820000.0,
        "Restructuring And Mergern Acquisition": 6740000.0,
        "Gain On Sale Of Security": -2569000.0,
        "Net Non Operating Interest Income Expense": -24408000.0,
        "Interest Expense Non Operating": 26706000.0,
        "Interest Income Non Operating": 2298000.0,
        "Operating Income": -5443000.0,
        "Operating Expense": 177028000.0,
        "Research And Development": 22411000.0,
        "Selling General And Administration": 154617000.0,
        "Gross Profit": 171585000.0,
        "Cost Of Revenue": 416271000.0,
        "Total Revenue": 587856000.0,
        "Operating Revenue": 587856000.0
    },
    "2024-03-31": {
        "Tax Effect Of Unusual Items": -3792390.0,
        "Tax Rate For Calcs": 0.21,
        "Normalized EBITDA": 63234000.0,
        "Total Unusual Items": -18059000.0,
        "Total Unusual Items Excluding Goodwill": -18059000.0,
        "Net Income From Continuing Operation Net Minority Interest": -39471000.0,
        "Reconciled Depreciation": 55526000.0,
        "Reconciled Cost Of Revenue": 381411000.0,
        "EBITDA": 45175000.0,
        "EBIT": -10351000.0,
        "Net Interest Income": -23772000.0,
        "Interest Expense": 26417000.0,
        "Interest Income": 2645000.0,
        "Normalized Income": -25204390.0,
        "Net Income From Continuing And Discontinued Operation": -39471000.0,
        "Total Expenses": 560910000.0,
        "Total Operating Income As Reported": -10655000.0,
        "Diluted Average Shares": 24222000.0,
        "Basic Average Shares": 24222000.0,
        "Diluted EPS": -1.63,
        "Basic EPS": -1.63,
        "Diluted NI Availto Com Stockholders": -39471000.0,
        "Net Income Common Stockholders": -39471000.0,
        "Net Income": -39471000.0,
        "Net Income Including Noncontrolling Interests": -39471000.0,
        "Net Income Continuous Operations": -39471000.0,
        "Tax Provision": 2703000.0,
        "Pretax Income": -36768000.0,
        "Other Income Expense": -18741000.0,
        "Other Non Operating Income Expenses": -682000.0,
        "Special Income Charges": -16335000.0,
        "Gain On Sale Of Ppe": 65000.0,
        "Restructuring And Mergern Acquisition": 16400000.0,
        "Gain On Sale Of Security": -1724000.0,
        "Net Non Operating Interest Income Expense": -23772000.0,
        "Interest Expense Non Operating": 26417000.0,
        "Interest Income Non Operating": 2645000.0,
        "Operating Income": 5745000.0,
        "Operating Expense": 179499000.0,
        "Research And Development": 21842000.0,
        "Selling General And Administration": 157657000.0,
        "Gross Profit": 185244000.0,
        "Cost Of Revenue": 381411000.0,
        "Total Revenue": 566655000.0,
        "Operating Revenue": 566655000.0
    },
    "2024-06-30": {
        "Tax Effect Of Unusual Items": -4032840.0,
        "Tax Rate For Calcs": 0.21,
        "Normalized EBITDA": 81693000.0,
        "Total Unusual Items": -19204000.0,
        "Total Unusual Items Excluding Goodwill": -19204000.0,
        "Net Income From Continuing Operation Net Minority Interest": -21406000.0,
        "Reconciled Depreciation": 55374000.0,
        "Reconciled Cost Of Revenue": 389027000.0,
        "EBITDA": 62489000.0,
        "EBIT": 7115000.0,
        "Net Interest Income": -23841000.0,
        "Interest Expense": 26648000.0,
        "Interest Income": 2807000.0,
        "Normalized Income": -6234840.0,
        "Net Income From Continuing And Discontinued Operation": -21406000.0,
        "Total Expenses": 571966000.0,
        "Total Operating Income As Reported": 7692000.0,
        "Diluted Average Shares": 24393000.0,
        "Basic Average Shares": 24393000.0,
        "Diluted EPS": -0.88,
        "Basic EPS": -0.88,
        "Diluted NI Availto Com Stockholders": -21406000.0,
        "Net Income Common Stockholders": -21406000.0,
        "Net Income": -21406000.0,
        "Net Income Including Noncontrolling Interests": -21406000.0,
        "Net Income Continuous Operations": -21406000.0,
        "Tax Provision": 1873000.0,
        "Pretax Income": -19533000.0,
        "Other Income Expense": -20181000.0,
        "Other Non Operating Income Expenses": -977000.0,
        "Special Income Charges": -16785000.0,
        "Gain On Sale Of Ppe": 12000.0,
        "Restructuring And Mergern Acquisition": 16797000.0,
        "Gain On Sale Of Security": -2419000.0,
        "Net Non Operating Interest Income Expense": -23841000.0,
        "Interest Expense Non Operating": 26648000.0,
        "Interest Income Non Operating": 2807000.0,
        "Operating Income": 24489000.0,
        "Operating Expense": 182939000.0,
        "Research And Development": 23390000.0,
        "Selling General And Administration": 159549000.0,
        "Gross Profit": 207428000.0,
        "Cost Of Revenue": 389027000.0,
        "Total Revenue": 596455000.0,
        "Operating Revenue": 596455000.0
    },
    "2024-09-30": {
        "Tax Effect Of Unusual Items": -2948400.0,
        "Tax Rate For Calcs": 0.21,
        "Normalized EBITDA": 78999000.0,
        "Total Unusual Items": -14040000.0,
        "Total Unusual Items Excluding Goodwill": -14040000.0,
        "Net Income From Continuing Operation Net Minority Interest": -32983000.0,
        "Reconciled Depreciation": 55600000.0,
        "Reconciled Cost Of Revenue": 384279000.0,
        "EBITDA": 64959000.0,
        "EBIT": 9359000.0,
        "Net Interest Income": -24683000.0,
        "Interest Expense": 27287000.0,
        "Interest Income": 2604000.0,
        "Normalized Income": -21891400.0,
        "Net Income From Continuing And Discontinued Operation": -32983000.0,
        "Total Expenses": 568014000.0,
        "Total Operating Income As Reported": 8236000.0,
        "Diluted Average Shares": 24438000.0,
        "Basic Average Shares": 24438000.0,
        "Diluted EPS": -1.35,
        "Basic EPS": -1.35,
        "Diluted NI Availto Com Stockholders": -32983000.0,
        "Net Income Common Stockholders": -32983000.0,
        "Net Income": -32983000.0,
        "Net Income Including Noncontrolling Interests": -32983000.0,
        "Net Income Continuous Operations": -32983000.0,
        "Tax Provision": 15055000.0,
        "Pretax Income": -17928000.0,
        "Other Income Expense": -14362000.0,
        "Other Non Operating Income Expenses": -322000.0,
        "Special Income Charges": -12981000.0,
        "Gain On Sale Of Ppe": -100000.0,
        "Restructuring And Mergern Acquisition": 12881000.0,
        "Gain On Sale Of Security": -1059000.0,
        "Net Non Operating Interest Income Expense": -24683000.0,
        "Interest Expense Non Operating": 27287000.0,
        "Interest Income Non Operating": 2604000.0,
        "Operating Income": 21117000.0,
        "Operating Expense": 183735000.0,
        "Research And Development": 21028000.0,
        "Selling General And Administration": 162707000.0,
        "Gross Profit": 204852000.0,
        "Cost Of Revenue": 384279000.0,
        "Total Revenue": 589131000.0,
        "Operating Revenue": 589131000.0
    },
    "2024-12-31": {
        "Tax Effect Of Unusual Items": -3052980.0,
        "Tax Rate For Calcs": 0.21,
        "Normalized EBITDA": 101955000.0,
        "Total Unusual Items": -14538000.0,
        "Total Unusual Items Excluding Goodwill": -14538000.0,
        "Net Income From Continuing Operation Net Minority Interest": -23828000.0,
        "Reconciled Depreciation": 53012000.0,
        "Reconciled Cost Of Revenue": 402547000.0,
        "EBITDA": 87417000.0,
        "EBIT": 34405000.0,
        "Net Interest Income": -23457000.0,
        "Interest Expense": 26188000.0,
        "Interest Income": 2731000.0,
        "Normalized Income": -12342980.0,
        "Net Income From Continuing And Discontinued Operation": -23828000.0,
        "Total Expenses": 583751000.0,
        "Total Operating Income As Reported": 37691000.0,
        "Diluted Average Shares": 24492000.0,
        "Basic Average Shares": 24492000.0,
        "Diluted EPS": -0.97,
        "Basic EPS": -0.97,
        "Diluted NI Availto Com Stockholders": -23828000.0,
        "Net Income Common Stockholders": -23828000.0,
        "Net Income": -23828000.0,
        "Net Income Including Noncontrolling Interests": -23828000.0,
        "Net Income Continuous Operations": -23828000.0,
        "Tax Provision": 32045000.0,
        "Pretax Income": 8217000.0,
        "Other Income Expense": -14380000.0,
        "Other Non Operating Income Expenses": 158000.0,
        "Special Income Charges": -9948000.0,
        "Gain On Sale Of Ppe": -1585000.0,
        "Restructuring And Mergern Acquisition": 8363000.0,
        "Gain On Sale Of Security": -4590000.0,
        "Net Non Operating Interest Income Expense": -23457000.0,
        "Interest Expense Non Operating": 26188000.0,
        "Interest Income Non Operating": 2731000.0,
        "Operating Income": 46054000.0,
        "Operating Expense": 181204000.0,
        "Research And Development": 22355000.0,
        "Selling General And Administration": 158849000.0,
        "Gross Profit": 227258000.0,
        "Cost Of Revenue": 402547000.0,
        "Total Revenue": 629805000.0,
        "Operating Revenue": 629805000.0
    },
    "2025-03-31": {
        "Tax Effect Of Unusual Items": -3920490.0,
        "Tax Rate For Calcs": 0.21,
        "Normalized EBITDA": 82471000.0,
        "Total Unusual Items": -18669000.0,
        "Total Unusual Items Excluding Goodwill": -18669000.0,
        "Net Income From Continuing Operation Net Minority Interest": -15476000.0,
        "Reconciled Depreciation": 49445000.0,
        "Reconciled Cost Of Revenue": 394593000.0,
        "EBITDA": 63802000.0,
        "EBIT": 14357000.0,
        "Net Interest Income": -22031000.0,
        "Interest Expense": 25263000.0,
        "Interest Income": 3232000.0,
        "Normalized Income": -727490.0,
        "Net Income From Continuing And Discontinued Operation": -15476000.0,
        "Total Expenses": 575117000.0,
        "Total Operating Income As Reported": 12888000.0,
        "Diluted Average Shares": 24539000.0,
        "Basic Average Shares": 24539000.0,
        "Diluted EPS": -0.63,
        "Basic EPS": -0.63,
        "Diluted NI Availto Com Stockholders": -15476000.0,
        "Net Income Common Stockholders": -15476000.0,
        "Net Income": -15476000.0,
        "Net Income Including Noncontrolling Interests": -15476000.0,
        "Net Income Continuous Operations": -15476000.0,
        "Tax Provision": 4570000.0,
        "Pretax Income": -10906000.0,
        "Other Income Expense": -18460000.0,
        "Other Non Operating Income Expenses": 209000.0,
        "Special Income Charges": -16866000.0,
        "Gain On Sale Of Ppe": -169000.0,
        "Restructuring And Mergern Acquisition": 16697000.0,
        "Gain On Sale Of Security": -1803000.0,
        "Net Non Operating Interest Income Expense": -22031000.0,
        "Interest Expense Non Operating": 25263000.0,
        "Interest Income Non Operating": 3232000.0,
        "Operating Income": 29585000.0,
        "Operating Expense": 180524000.0,
        "Research And Development": 23291000.0,
        "Selling General And Administration": 157233000.0,
        "Gross Profit": 210109000.0,
        "Cost Of Revenue": 394593000.0,
        "Total Revenue": 604702000.0,
        "Operating Revenue": 604702000.0
    }
}