{
    "2023-04-30": {
        "Tax Effect Of Unusual Items": NaN,
        "Tax Rate For Calcs": NaN,
        "Normalized EBITDA": NaN,
        "Total Unusual Items": NaN,
        "Total Unusual Items Excluding Goodwill": NaN,
        "Net Income From Continuing Operation Net Minority Interest": NaN,
        "Reconciled Depreciation": NaN,
        "Reconciled Cost Of Revenue": NaN,
        "EBITDA": NaN,
        "EBIT": NaN,
        "Net Interest Income": NaN,
        "Interest Income": NaN,
        "Normalized Income": NaN,
        "Net Income From Continuing And Discontinued Operation": NaN,
        "Total Expenses": NaN,
        "Total Operating Income As Reported": NaN,
        "Diluted Average Shares": 25612000.0,
        "Basic Average Shares": 25518000.0,
        "Diluted EPS": 0.27,
        "Basic EPS": 0.27,
        "Diluted NI Availto Com Stockholders": NaN,
        "Net Income Common Stockholders": NaN,
        "Net Income": NaN,
        "Minority Interests": NaN,
        "Net Income Including Noncontrolling Interests": NaN,
        "Net Income Continuous Operations": NaN,
        "Tax Provision": NaN,
        "Pretax Income": NaN,
        "Other Income Expense": NaN,
        "Other Non Operating Income Expenses": NaN,
        "Special Income Charges": NaN,
        "Other Special Charges": 3575000.0,
        "Impairment Of Capital Assets": 0.0,
        "Restructuring And Mergern Acquisition": NaN,
        "Earnings From Equity Interest": NaN,
        "Gain On Sale Of Security": NaN,
        "Net Non Operating Interest Income Expense": NaN,
        "Interest Income Non Operating": NaN,
        "Operating Income": NaN,
        "Operating Expense": NaN,
        "Other Operating Expenses": 3912000.0,
        "Depreciation Amortization Depletion Income Statement": 5185000.0,
        "Depreciation And Amortization In Income Statement": 5185000.0,
        "Research And Development": 12145000.0,
        "Selling General And Administration": NaN,
        "General And Administrative Expense": NaN,
        "Other Gand A": NaN,
        "Gross Profit": NaN,
        "Cost Of Revenue": NaN,
        "Total Revenue": NaN,
        "Operating Revenue": NaN
    },
    "2023-01-31": {
        "Tax Effect Of Unusual Items": NaN,
        "Tax Rate For Calcs": NaN,
        "Normalized EBITDA": NaN,
        "Total Unusual Items": NaN,
        "Total Unusual Items Excluding Goodwill": NaN,
        "Net Income From Continuing Operation Net Minority Interest": NaN,
        "Reconciled Depreciation": NaN,
        "Reconciled Cost Of Revenue": NaN,
        "EBITDA": NaN,
        "EBIT": NaN,
        "Net Interest Income": NaN,
        "Interest Income": NaN,
        "Normalized Income": NaN,
        "Net Income From Continuing And Discontinued Operation": NaN,
        "Total Expenses": NaN,
        "Total Operating Income As Reported": NaN,
        "Diluted Average Shares": 25538000.0,
        "Basic Average Shares": 25510000.0,
        "Diluted EPS": 0.57,
        "Basic EPS": 0.57,
        "Diluted NI Availto Com Stockholders": NaN,
        "Net Income Common Stockholders": NaN,
        "Net Income": NaN,
        "Minority Interests": NaN,
        "Net Income Including Noncontrolling Interests": NaN,
        "Net Income Continuous Operations": NaN,
        "Tax Provision": NaN,
        "Pretax Income": NaN,
        "Other Income Expense": NaN,
        "Other Non Operating Income Expenses": NaN,
        "Special Income Charges": NaN,
        "Other Special Charges": NaN,
        "Impairment Of Capital Assets": NaN,
        "Restructuring And Mergern Acquisition": NaN,
        "Earnings From Equity Interest": NaN,
        "Gain On Sale Of Security": NaN,
        "Net Non Operating Interest Income Expense": NaN,
        "Interest Income Non Operating": NaN,
        "Operating Income": NaN,
        "Operating Expense": NaN,
        "Other Operating Expenses": NaN,
        "Depreciation Amortization Depletion Income Statement": 5012000.0,
        "Depreciation And Amortization In Income Statement": 5012000.0,
        "Research And Development": NaN,
        "Selling General And Administration": NaN,
        "General And Administrative Expense": NaN,
        "Other Gand A": NaN,
        "Gross Profit": NaN,
        "Cost Of Revenue": NaN,
        "Total Revenue": NaN,
        "Operating Revenue": NaN
    },
    "2022-10-31": {
        "Tax Effect Of Unusual Items": NaN,
        "Tax Rate For Calcs": NaN,
        "Normalized EBITDA": NaN,
        "Total Unusual Items": NaN,
        "Total Unusual Items Excluding Goodwill": NaN,
        "Net Income From Continuing Operation Net Minority Interest": NaN,
        "Reconciled Depreciation": NaN,
        "Reconciled Cost Of Revenue": NaN,
        "EBITDA": NaN,
        "EBIT": NaN,
        "Net Interest Income": NaN,
        "Interest Income": NaN,
        "Normalized Income": NaN,
        "Net Income From Continuing And Discontinued Operation": NaN,
        "Total Expenses": NaN,
        "Total Operating Income As Reported": NaN,
        "Diluted Average Shares": NaN,
        "Basic Average Shares": NaN,
        "Diluted EPS": NaN,
        "Basic EPS": NaN,
        "Diluted NI Availto Com Stockholders": NaN,
        "Net Income Common Stockholders": NaN,
        "Net Income": NaN,
        "Minority Interests": NaN,
        "Net Income Including Noncontrolling Interests": NaN,
        "Net Income Continuous Operations": NaN,
        "Tax Provision": NaN,
        "Pretax Income": NaN,
        "Other Income Expense": NaN,
        "Other Non Operating Income Expenses": NaN,
        "Special Income Charges": NaN,
        "Other Special Charges": NaN,
        "Impairment Of Capital Assets": NaN,
        "Restructuring And Mergern Acquisition": NaN,
        "Earnings From Equity Interest": NaN,
        "Gain On Sale Of Security": NaN,
        "Net Non Operating Interest Income Expense": NaN,
        "Interest Income Non Operating": NaN,
        "Operating Income": NaN,
        "Operating Expense": NaN,
        "Other Operating Expenses": NaN,
        "Depreciation Amortization Depletion Income Statement": 4790000.0,
        "Depreciation And Amortization In Income Statement": 4790000.0,
        "Research And Development": NaN,
        "Selling General And Administration": NaN,
        "General And Administrative Expense": NaN,
        "Other Gand A": NaN,
        "Gross Profit": NaN,
        "Cost Of Revenue": NaN,
        "Total Revenue": NaN,
        "Operating Revenue": NaN
    },
    "2022-07-31": {
        "Tax Effect Of Unusual Items": 6679200.0,
        "Tax Rate For Calcs": 0.4,
        "Normalized EBITDA": 11675000.0,
        "Total Unusual Items": 16698000.0,
        "Total Unusual Items Excluding Goodwill": 16698000.0,
        "Net Income From Continuing Operation Net Minority Interest": 17242000.0,
        "Reconciled Depreciation": 4782000.0,
        "Reconciled Cost Of Revenue": 237914000.0,
        "EBITDA": 28373000.0,
        "EBIT": 23591000.0,
        "Net Interest Income": -71000.0,
        "Interest Income": -71000.0,
        "Normalized Income": 7223200.0,
        "Net Income From Continuing And Discontinued Operation": 17242000.0,
        "Total Expenses": 304972000.0,
        "Total Operating Income As Reported": 19168000.0,
        "Diluted Average Shares": 26059000.0,
        "Basic Average Shares": 26046000.0,
        "Diluted EPS": 0.66,
        "Basic EPS": 0.67,
        "Diluted NI Availto Com Stockholders": 17242000.0,
        "Net Income Common Stockholders": 17242000.0,
        "Net Income": 17242000.0,
        "Minority Interests": -746000.0,
        "Net Income Including Noncontrolling Interests": 17988000.0,
        "Net Income Continuous Operations": 17988000.0,
        "Tax Provision": -9000.0,
        "Pretax Income": 17979000.0,
        "Other Income Expense": -5541000.0,
        "Other Non Operating Income Expenses": -24447000.0,
        "Special Income Charges": -4423000.0,
        "Gain On Sale Of Ppe": 0.0,
        "Other Special Charges": -2468000.0,
        "Write Off": 0.0,
        "Restructuring And Mergern Acquisition": 49000.0,
        "Earnings From Equity Interest": -743000.0,
        "Gain On Sale Of Security": 131000.0,
        "Net Non Operating Interest Income Expense": -71000.0,
        "Interest Income Non Operating": -71000.0,
        "Operating Income": 23591000.0,
        "Operating Expense": 67058000.0,
        "Other Operating Expenses": 824000.0,
        "Depreciation Amortization Depletion Income Statement": 4782000.0,
        "Depreciation And Amortization In Income Statement": 4782000.0,
        "Selling General And Administration": 61452000.0,
        "General And Administrative Expense": 69123000.0,
        "Other Gand A": 69123000.0,
        "Salaries And Wages": NaN,
        "Gross Profit": 90649000.0,
        "Cost Of Revenue": 237914000.0,
        "Total Revenue": 328563000.0,
        "Operating Revenue": 328563000.0
    },
    "2022-04-30": {
        "Diluted EPS": 0.18,
        "Total Revenue": 328,
        "Gross Profit": 81,
        "Operating Income": 13,
        "EBIT": 18,
        "Net Income": 5
    },
    "2022-01-31": {
        "Diluted EPS": 0.28,
        "Total Revenue": 337,
        "Gross Profit": 80,
        "Operating Income": 14,
        "EBIT": 18,
        "Net Income": 7
    },
    "2021-10-31": {
        "Diluted EPS": -0.1,
        "Total Revenue": 370,
        "Gross Profit": 78,
        "Operating Income": 14,
        "EBIT": 18,
        "Net Income": -2
    },
    "2021-07-31": {
        "Diluted EPS": 1.48,
        "Total Revenue": 390,
        "Gross Profit": 79,
        "Operating Income": 17,
        "EBIT": 21,
        "Net Income": 39
    },
    "2021-04-30": {
        "Diluted EPS": 1.39,
        "Total Revenue": 374,
        "Gross Profit": 73,
        "Operating Income": 14,
        "EBIT": 18,
        "Net Income": 36
    },
    "2021-01-31": {
        "Diluted EPS": 0.51,
        "Total Revenue": 340,
        "Gross Profit": 71,
        "Operating Income": 13,
        "EBIT": 17,
        "Net Income": 13
    },
    "2020-10-31": {
        "Diluted EPS": 0.32,
        "Total Revenue": 343,
        "Gross Profit": 70,
        "Operating Income": 13,
        "EBIT": 18,
        "Net Income": 8
    },
    "2020-07-31": {
        "Diluted EPS": 0.81,
        "Total Revenue": 360,
        "Gross Profit": 77,
        "Operating Income": 14,
        "EBIT": 19,
        "Net Income": 21
    },
    "2020-04-30": {
        "Diluted EPS": 0.02,
        "Total Revenue": 321,
        "Gross Profit": 62,
        "Operating Income": 4,
        "EBIT": 9,
        "Net Income": 1
    },
    "2020-01-31": {
        "Diluted EPS": 0.04,
        "Total Revenue": 324,
        "Gross Profit": 61,
        "Operating Income": 1,
        "EBIT": 7,
        "Net Income": 1
    },
    "2019-10-31": {
        "Diluted EPS": -0.06,
        "Total Revenue": 340,
        "Gross Profit": 61,
        "Operating Income": -1,
        "EBIT": 4,
        "Net Income": -2
    },
    "2019-07-31": {
        "Diluted EPS": 0.08,
        "Total Revenue": 356,
        "Gross Profit": 61,
        "Operating Income": -1,
        "EBIT": 5,
        "Net Income": 2
    },
    "2019-04-30": {
        "Diluted EPS": 0.08,
        "Total Revenue": 341,
        "Gross Profit": 58,
        "Operating Income": 0,
        "EBIT": 6,
        "Net Income": 2
    },
    "2019-01-31": {
        "Diluted EPS": -0.05,
        "Total Revenue": 349,
        "Gross Profit": 58,
        "Operating Income": 0,
        "EBIT": 5,
        "Net Income": -1
    },
    "2018-10-31": {
        "Diluted EPS": -0.1,
        "Total Revenue": 362,
        "Gross Profit": 58,
        "Operating Income": 0,
        "EBIT": 6,
        "Net Income": -2
    },
    "2018-07-31": {
        "Diluted EPS": 0.33,
        "Total Revenue": 393,
        "Gross Profit": 68,
        "Operating Income": 10,
        "EBIT": 16,
        "Net Income": 8
    },
    "2018-04-30": {
        "Diluted EPS": -0.14,
        "Total Revenue": 365,
        "Gross Profit": 58,
        "Operating Income": -2,
        "EBIT": 4,
        "Net Income": -3
    },
    "2018-01-31": {
        "Diluted EPS": 0.06,
        "Total Revenue": 396,
        "Gross Profit": 59,
        "Operating Income": 0,
        "EBIT": 5,
        "Net Income": 2
    },
    "2017-10-31": {
        "Diluted EPS": -0.08,
        "Total Revenue": 394,
        "Gross Profit": 57,
        "Operating Income": 0,
        "EBIT": 6,
        "Net Income": -2
    },
    "2017-07-31": {
        "Diluted EPS": -0.44,
        "Total Revenue": 395,
        "Gross Profit": 58,
        "Operating Income": 4,
        "EBIT": 9,
        "Net Income": -10
    },
    "2017-04-30": {
        "Diluted EPS": -0.21,
        "Total Revenue": 370,
        "Gross Profit": 55,
        "Operating Income": -7,
        "EBIT": -1,
        "Net Income": -5
    },
    "2017-01-31": {
        "Diluted EPS": 0.04,
        "Total Revenue": 368,
        "Gross Profit": 57,
        "Operating Income": 3,
        "EBIT": 8,
        "Net Income": 1
    },
    "2016-10-31": {
        "Diluted EPS": 0.96,
        "Total Revenue": 369,
        "Gross Profit": 56,
        "Operating Income": 5,
        "EBIT": 10,
        "Net Income": 22
    },
    "2016-07-31": {
        "Diluted EPS": 0.48,
        "Total Revenue": 368,
        "Gross Profit": 59,
        "Operating Income": 6,
        "EBIT": 11,
        "Net Income": 11
    },
    "2016-04-30": {
        "Diluted EPS": 0.19,
        "Total Revenue": 355,
        "Gross Profit": 62,
        "Operating Income": 6,
        "EBIT": 11,
        "Net Income": 4
    },
    "2016-01-31": {
        "Diluted EPS": 0.18,
        "Total Revenue": 382,
        "Gross Profit": 63,
        "Operating Income": 6,
        "EBIT": 11,
        "Net Income": 4
    },
    "2015-10-31": {
        "Diluted EPS": 0.18,
        "Total Revenue": 391,
        "Gross Profit": 66,
        "Operating Income": 8,
        "EBIT": 13,
        "Net Income": 4
    },
    "2015-07-31": {
        "Diluted EPS": 0.03,
        "Total Revenue": 406,
        "Gross Profit": 66,
        "Operating Income": 7,
        "EBIT": 12,
        "Net Income": 1
    },
    "2015-04-30": {
        "Diluted EPS": 0.02,
        "Total Revenue": 384,
        "Gross Profit": 67,
        "Operating Income": 2,
        "EBIT": 7,
        "Net Income": 1
    },
    "2015-01-31": {
        "Diluted EPS": 0.11,
        "Total Revenue": 394,
        "Gross Profit": 65,
        "Operating Income": 4,
        "EBIT": 8,
        "Net Income": 3
    },
    "2014-10-31": {
        "Diluted EPS": 3.47,
        "Total Revenue": 413,
        "Gross Profit": 69,
        "Operating Income": 80,
        "EBIT": 84,
        "Net Income": 80
    },
    "2014-07-31": {
        "Diluted EPS": 0.34,
        "Total Revenue": 421,
        "Gross Profit": 71,
        "Operating Income": 6,
        "EBIT": 10,
        "Net Income": 8
    },
    "2014-04-30": {
        "Diluted EPS": 0.22,
        "Total Revenue": 404,
        "Gross Profit": 71,
        "Operating Income": 9,
        "EBIT": 13,
        "Net Income": 5
    },
    "2014-01-31": {
        "Diluted EPS": 0.11,
        "Total Revenue": 406,
        "Gross Profit": 71,
        "Operating Income": 8,
        "EBIT": 12,
        "Net Income": 3
    },
    "2013-10-31": {
        "Diluted EPS": 0.15,
        "Total Revenue": 421,
        "Gross Profit": 70,
        "Operating Income": 7,
        "EBIT": 11,
        "Net Income": 4
    },
    "2013-07-31": {
        "Diluted EPS": -0.16,
        "Total Revenue": 412,
        "Gross Profit": 67,
        "Operating Income": 1,
        "EBIT": 5,
        "Net Income": -4
    },
    "2013-04-30": {
        "Diluted EPS": 0.39,
        "Total Revenue": 397,
        "Gross Profit": 66,
        "Operating Income": 16,
        "EBIT": 20,
        "Net Income": 9
    },
    "2013-01-31": {
        "Diluted EPS": 0.13,
        "Total Revenue": 411,
        "Gross Profit": 67,
        "Operating Income": 6,
        "EBIT": 10,
        "Net Income": 3
    },
    "2012-10-31": {
        "Diluted EPS": 0.16,
        "Total Revenue": 400,
        "Gross Profit": 65,
        "Operating Income": 7,
        "EBIT": 10,
        "Net Income": 4
    },
    "2012-07-31": {
        "Diluted EPS": 1.7,
        "Total Revenue": 384,
        "Gross Profit": 60,
        "Operating Income": -2,
        "EBIT": 2,
        "Net Income": 37
    },
    "2012-04-30": {
        "Diluted EPS": 0.14,
        "Total Revenue": 380,
        "Gross Profit": 60,
        "Operating Income": 2,
        "EBIT": 6,
        "Net Income": 3
    },
    "2012-01-31": {
        "Diluted EPS": 0.12,
        "Total Revenue": 365,
        "Gross Profit": 59,
        "Operating Income": 4,
        "EBIT": 8,
        "Net Income": 3
    },
    "2011-10-31": {
        "Diluted EPS": -0.21,
        "Total Revenue": 377,
        "Gross Profit": 57,
        "Operating Income": -11,
        "EBIT": -7,
        "Net Income": -4
    },
    "2011-07-31": {
        "Diluted EPS": 0.0,
        "Total Revenue": 361,
        "Gross Profit": 59,
        "Operating Income": -3,
        "EBIT": 1,
        "Net Income": 0
    },
    "2011-04-30": {
        "Diluted EPS": 0.31,
        "Total Revenue": 340,
        "Gross Profit": 58,
        "Operating Income": 0,
        "EBIT": 6,
        "Net Income": 7
    },
    "2011-01-31": {
        "Diluted EPS": 0.18,
        "Total Revenue": 341,
        "Gross Profit": 58,
        "Operating Income": 6,
        "EBIT": 11,
        "Net Income": 4
    },
    "2010-10-31": {
        "Diluted EPS": 0.7,
        "Total Revenue": 310,
        "Gross Profit": 57,
        "Operating Income": 4,
        "EBIT": 10,
        "Net Income": 16
    },
    "2010-07-31": {
        "Diluted EPS": 0.36,
        "Total Revenue": 148,
        "Gross Profit": 9,
        "Operating Income": -24,
        "EBIT": -24,
        "Net Income": 7
    },
    "2010-04-30": {
        "Diluted EPS": 0.58,
        "Total Revenue": 355,
        "Gross Profit": 74,
        "Operating Income": 17,
        "EBIT": 17,
        "Net Income": 13
    },
    "2010-01-31": {
        "Diluted EPS": 0.17,
        "Total Revenue": 363,
        "Gross Profit": 74,
        "Operating Income": 8,
        "EBIT": 8,
        "Net Income": 4
    },
    "2009-10-31": {
        "Diluted EPS": -0.17,
        "Total Revenue": 327,
        "Gross Profit": 69,
        "Operating Income": 0,
        "EBIT": 0,
        "Net Income": -3
    },
    "2009-07-31": {
        "Diluted EPS": 0.22,
        "Total Revenue": 343,
        "Gross Profit": 78,
        "Operating Income": 0,
        "EBIT": 0,
        "Net Income": 7
    },
    "2009-04-30": {
        "Diluted EPS": -2.88,
        "Total Revenue": 357,
        "Gross Profit": 85,
        "Operating Income": -25,
        "EBIT": -25,
        "Net Income": -63
    },
    "2009-01-31": {
        "Diluted EPS": -2.71,
        "Total Revenue": 404,
        "Gross Profit": 94,
        "Operating Income": -6,
        "EBIT": -6,
        "Net Income": -62
    },
    "2023-07-31": {
        "Tax Effect Of Unusual Items": NaN,
        "Tax Rate For Calcs": NaN,
        "Normalized EBITDA": NaN,
        "Total Unusual Items": NaN,
        "Total Unusual Items Excluding Goodwill": NaN,
        "Net Income From Continuing Operation Net Minority Interest": NaN,
        "Reconciled Depreciation": NaN,
        "Reconciled Cost Of Revenue": NaN,
        "EBITDA": NaN,
        "EBIT": NaN,
        "Net Interest Income": NaN,
        "Interest Income": NaN,
        "Normalized Income": NaN,
        "Net Income From Continuing And Discontinued Operation": NaN,
        "Total Expenses": NaN,
        "Total Operating Income As Reported": NaN,
        "Diluted Average Shares": NaN,
        "Basic Average Shares": NaN,
        "Diluted EPS": NaN,
        "Basic EPS": NaN,
        "Diluted NI Availto Com Stockholders": NaN,
        "Net Income Common Stockholders": NaN,
        "Net Income": NaN,
        "Minority Interests": NaN,
        "Net Income Including Noncontrolling Interests": NaN,
        "Net Income Continuous Operations": NaN,
        "Tax Provision": NaN,
        "Pretax Income": NaN,
        "Other Income Expense": NaN,
        "Other Non Operating Income Expenses": NaN,
        "Special Income Charges": NaN,
        "Other Special Charges": 3405000.0,
        "Impairment Of Capital Assets": NaN,
        "Restructuring And Mergern Acquisition": NaN,
        "Earnings From Equity Interest": NaN,
        "Gain On Sale Of Security": NaN,
        "Net Non Operating Interest Income Expense": NaN,
        "Interest Income Non Operating": NaN,
        "Operating Income": NaN,
        "Operating Expense": NaN,
        "Other Operating Expenses": -5193000.0,
        "Depreciation Amortization Depletion Income Statement": 5150000.0,
        "Depreciation And Amortization In Income Statement": 5150000.0,
        "Research And Development": NaN,
        "Selling General And Administration": NaN,
        "General And Administrative Expense": NaN,
        "Other Gand A": NaN,
        "Gross Profit": NaN,
        "Cost Of Revenue": NaN,
        "Total Revenue": NaN,
        "Operating Revenue": NaN
    },
    "2023-10-31": {
        "Tax Effect Of Unusual Items": NaN,
        "Tax Rate For Calcs": NaN,
        "Normalized EBITDA": NaN,
        "Total Unusual Items": NaN,
        "Total Unusual Items Excluding Goodwill": NaN,
        "Net Income From Continuing Operation Net Minority Interest": NaN,
        "Reconciled Depreciation": NaN,
        "Reconciled Cost Of Revenue": NaN,
        "EBITDA": NaN,
        "EBIT": NaN,
        "Net Interest Income": NaN,
        "Interest Income": NaN,
        "Normalized Income": NaN,
        "Net Income From Continuing And Discontinued Operation": NaN,
        "Total Expenses": NaN,
        "Total Operating Income As Reported": NaN,
        "Diluted Average Shares": NaN,
        "Basic Average Shares": NaN,
        "Diluted EPS": NaN,
        "Basic EPS": NaN,
        "Diluted NI Availto Com Stockholders": NaN,
        "Net Income Common Stockholders": NaN,
        "Net Income": NaN,
        "Minority Interests": NaN,
        "Net Income Including Noncontrolling Interests": NaN,
        "Net Income Continuous Operations": NaN,
        "Tax Provision": NaN,
        "Pretax Income": NaN,
        "Other Income Expense": NaN,
        "Other Non Operating Income Expenses": NaN,
        "Special Income Charges": NaN,
        "Other Special Charges": -684000.0,
        "Impairment Of Capital Assets": NaN,
        "Restructuring And Mergern Acquisition": NaN,
        "Earnings From Equity Interest": NaN,
        "Gain On Sale Of Security": NaN,
        "Net Non Operating Interest Income Expense": NaN,
        "Interest Income Non Operating": NaN,
        "Operating Income": NaN,
        "Operating Expense": NaN,
        "Other Operating Expenses": -12000.0,
        "Research And Development": NaN,
        "Selling General And Administration": NaN,
        "General And Administrative Expense": NaN,
        "Other Gand A": NaN,
        "Gross Profit": NaN,
        "Cost Of Revenue": NaN,
        "Total Revenue": NaN,
        "Operating Revenue": NaN
    },
    "2024-01-31": {
        "Tax Effect Of Unusual Items": NaN,
        "Tax Rate For Calcs": NaN,
        "Normalized EBITDA": NaN,
        "Total Unusual Items": NaN,
        "Total Unusual Items Excluding Goodwill": NaN,
        "Net Income From Continuing Operation Net Minority Interest": NaN,
        "Reconciled Depreciation": NaN,
        "Reconciled Cost Of Revenue": NaN,
        "EBITDA": NaN,
        "EBIT": NaN,
        "Net Interest Income": NaN,
        "Interest Income": NaN,
        "Normalized Income": NaN,
        "Net Income From Continuing And Discontinued Operation": NaN,
        "Total Expenses": NaN,
        "Total Operating Income As Reported": NaN,
        "Diluted Average Shares": 25317000.0,
        "Basic Average Shares": 25175000.0,
        "Diluted EPS": 0.57,
        "Basic EPS": 0.57,
        "Diluted NI Availto Com Stockholders": NaN,
        "Net Income Common Stockholders": NaN,
        "Net Income": NaN,
        "Minority Interests": NaN,
        "Net Income Including Noncontrolling Interests": NaN,
        "Net Income Continuous Operations": NaN,
        "Tax Provision": NaN,
        "Pretax Income": NaN,
        "Other Income Expense": NaN,
        "Other Non Operating Income Expenses": NaN,
        "Special Income Charges": NaN,
        "Other Special Charges": -2186000.0,
        "Impairment Of Capital Assets": 0.0,
        "Restructuring And Mergern Acquisition": NaN,
        "Earnings From Equity Interest": NaN,
        "Gain On Sale Of Security": NaN,
        "Net Non Operating Interest Income Expense": NaN,
        "Interest Income Non Operating": NaN,
        "Operating Income": NaN,
        "Operating Expense": NaN,
        "Other Operating Expenses": 1000.0,
        "Research And Development": NaN,
        "Selling General And Administration": NaN,
        "General And Administrative Expense": NaN,
        "Other Gand A": NaN,
        "Gross Profit": NaN,
        "Cost Of Revenue": NaN,
        "Total Revenue": NaN,
        "Operating Revenue": NaN
    },
    "2024-04-30": {
        "Tax Effect Of Unusual Items": -1033269.71355,
        "Tax Rate For Calcs": 0.319601,
        "Normalized EBITDA": 20628000.0,
        "Total Unusual Items": -3233000.0,
        "Total Unusual Items Excluding Goodwill": -3233000.0,
        "Net Income From Continuing Operation Net Minority Interest": 5551000.0,
        "Reconciled Depreciation": 5110000.0,
        "Reconciled Cost Of Revenue": 202599000.0,
        "EBITDA": 17395000.0,
        "EBIT": 12285000.0,
        "Net Interest Income": 1162000.0,
        "Interest Income": 1162000.0,
        "Normalized Income": 7750730.28645,
        "Net Income From Continuing And Discontinued Operation": 5551000.0,
        "Total Expenses": 287358000.0,
        "Total Operating Income As Reported": 11432000.0,
        "Diluted Average Shares": 25516000.0,
        "Basic Average Shares": 25345000.0,
        "Diluted EPS": 0.22,
        "Basic EPS": 0.22,
        "Diluted NI Availto Com Stockholders": 5551000.0,
        "Net Income Common Stockholders": 5551000.0,
        "Net Income": 5551000.0,
        "Minority Interests": -791000.0,
        "Net Income Including Noncontrolling Interests": 6342000.0,
        "Net Income Continuous Operations": 6342000.0,
        "Tax Provision": 2979000.0,
        "Pretax Income": 9321000.0,
        "Other Income Expense": -4126000.0,
        "Other Non Operating Income Expenses": -22000.0,
        "Special Income Charges": -853000.0,
        "Other Special Charges": NaN,
        "Impairment Of Capital Assets": 74000.0,
        "Restructuring And Mergern Acquisition": 779000.0,
        "Earnings From Equity Interest": -871000.0,
        "Gain On Sale Of Security": -2380000.0,
        "Net Non Operating Interest Income Expense": 1162000.0,
        "Interest Income Non Operating": 1162000.0,
        "Operating Income": 12285000.0,
        "Operating Expense": 84759000.0,
        "Other Operating Expenses": NaN,
        "Research And Development": 12640000.0,
        "Selling General And Administration": 72119000.0,
        "General And Administrative Expense": 72119000.0,
        "Other Gand A": 72119000.0,
        "Gross Profit": 97044000.0,
        "Cost Of Revenue": 202599000.0,
        "Total Revenue": 299643000.0,
        "Operating Revenue": 299643000.0
    },
    "2024-07-31": {
        "Tax Effect Of Unusual Items": 303660.0,
        "Tax Rate For Calcs": 0.21,
        "Normalized EBITDA": 22354000.0,
        "Total Unusual Items": 1446000.0,
        "Total Unusual Items Excluding Goodwill": 1446000.0,
        "Net Income From Continuing Operation Net Minority Interest": 36819000.0,
        "Reconciled Depreciation": 5095000.0,
        "Reconciled Cost Of Revenue": 206639000.0,
        "EBITDA": 23800000.0,
        "EBIT": 18705000.0,
        "Net Interest Income": 1568000.0,
        "Interest Income": 1568000.0,
        "Normalized Income": 35676660.0,
        "Net Income From Continuing And Discontinued Operation": 36819000.0,
        "Total Expenses": 290127000.0,
        "Total Operating Income As Reported": 20138000.0,
        "Diluted Average Shares": NaN,
        "Basic Average Shares": NaN,
        "Diluted EPS": NaN,
        "Basic EPS": NaN,
        "Diluted NI Availto Com Stockholders": 36819000.0,
        "Net Income Common Stockholders": 36819000.0,
        "Net Income": 36819000.0,
        "Minority Interests": -873000.0,
        "Net Income Including Noncontrolling Interests": 37692000.0,
        "Net Income Continuous Operations": 37692000.0,
        "Tax Provision": -17272000.0,
        "Pretax Income": 20420000.0,
        "Other Income Expense": 147000.0,
        "Other Non Operating Income Expenses": -568000.0,
        "Special Income Charges": 1433000.0,
        "Other Special Charges": 0.0,
        "Impairment Of Capital Assets": 282000.0,
        "Restructuring And Mergern Acquisition": -1715000.0,
        "Earnings From Equity Interest": -731000.0,
        "Gain On Sale Of Security": 13000.0,
        "Net Non Operating Interest Income Expense": 1568000.0,
        "Interest Income Non Operating": 1568000.0,
        "Operating Income": 18705000.0,
        "Operating Expense": 83488000.0,
        "Other Operating Expenses": 71000.0,
        "Research And Development": 12579000.0,
        "Selling General And Administration": 70838000.0,
        "General And Administrative Expense": 70838000.0,
        "Other Gand A": 70838000.0,
        "Gross Profit": 102193000.0,
        "Cost Of Revenue": 206639000.0,
        "Total Revenue": 308832000.0,
        "Operating Revenue": 308832000.0
    },
    "2024-10-31": {
        "Tax Effect Of Unusual Items": 85344.0,
        "Tax Rate For Calcs": 0.254,
        "Normalized EBITDA": 28722000.0,
        "Total Unusual Items": 336000.0,
        "Total Unusual Items Excluding Goodwill": 336000.0,
        "Net Income From Continuing Operation Net Minority Interest": 17249000.0,
        "Reconciled Depreciation": 5241000.0,
        "Reconciled Cost Of Revenue": 201939000.0,
        "EBITDA": 29058000.0,
        "EBIT": 23817000.0,
        "Net Interest Income": 1428000.0,
        "Interest Income": 1428000.0,
        "Normalized Income": 16998344.0,
        "Net Income From Continuing And Discontinued Operation": 17249000.0,
        "Total Expenses": 285749000.0,
        "Total Operating Income As Reported": 23640000.0,
        "Diluted Average Shares": 25363000.0,
        "Basic Average Shares": 25204000.0,
        "Diluted EPS": 0.68,
        "Basic EPS": 0.68,
        "Diluted NI Availto Com Stockholders": 17249000.0,
        "Net Income Common Stockholders": 17249000.0,
        "Net Income": 17249000.0,
        "Minority Interests": -1234000.0,
        "Net Income Including Noncontrolling Interests": 18483000.0,
        "Net Income Continuous Operations": 18483000.0,
        "Tax Provision": 6302000.0,
        "Pretax Income": 24785000.0,
        "Other Income Expense": -460000.0,
        "Other Non Operating Income Expenses": -16000.0,
        "Special Income Charges": -177000.0,
        "Other Special Charges": NaN,
        "Impairment Of Capital Assets": NaN,
        "Restructuring And Mergern Acquisition": 177000.0,
        "Earnings From Equity Interest": -780000.0,
        "Gain On Sale Of Security": 513000.0,
        "Net Non Operating Interest Income Expense": 1428000.0,
        "Interest Income Non Operating": 1428000.0,
        "Operating Income": 23817000.0,
        "Operating Expense": 83810000.0,
        "Other Operating Expenses": NaN,
        "Research And Development": 12759000.0,
        "Selling General And Administration": 71051000.0,
        "General And Administrative Expense": 71051000.0,
        "Other Gand A": 71051000.0,
        "Gross Profit": 107627000.0,
        "Cost Of Revenue": 201939000.0,
        "Total Revenue": 309566000.0,
        "Operating Revenue": 309566000.0
    },
    "2025-01-31": {
        "Tax Effect Of Unusual Items": 66444.708481,
        "Tax Rate For Calcs": 0.256543,
        "Normalized EBITDA": 33728000.0,
        "Total Unusual Items": 259000.0,
        "Total Unusual Items Excluding Goodwill": 259000.0,
        "Net Income From Continuing Operation Net Minority Interest": 20269000.0,
        "Reconciled Depreciation": 5249000.0,
        "Reconciled Cost Of Revenue": 191239000.0,
        "EBITDA": 33987000.0,
        "EBIT": 28738000.0,
        "Net Interest Income": 1354000.0,
        "Interest Income": 1354000.0,
        "Normalized Income": 20076444.708481,
        "Net Income From Continuing And Discontinued Operation": 20269000.0,
        "Total Expenses": 274611000.0,
        "Total Operating Income As Reported": 28317000.0,
        "Diluted Average Shares": 25324000.0,
        "Basic Average Shares": 25161000.0,
        "Diluted EPS": 0.8,
        "Basic EPS": 0.81,
        "Diluted NI Availto Com Stockholders": 20269000.0,
        "Net Income Common Stockholders": 20269000.0,
        "Net Income": 20269000.0,
        "Minority Interests": -1944000.0,
        "Net Income Including Noncontrolling Interests": 22213000.0,
        "Net Income Continuous Operations": 22213000.0,
        "Tax Provision": 7665000.0,
        "Pretax Income": 29878000.0,
        "Other Income Expense": -214000.0,
        "Other Non Operating Income Expenses": 6000.0,
        "Special Income Charges": -421000.0,
        "Other Special Charges": NaN,
        "Impairment Of Capital Assets": 188000.0,
        "Restructuring And Mergern Acquisition": 233000.0,
        "Earnings From Equity Interest": -479000.0,
        "Gain On Sale Of Security": 680000.0,
        "Net Non Operating Interest Income Expense": 1354000.0,
        "Interest Income Non Operating": 1354000.0,
        "Operating Income": 28738000.0,
        "Operating Expense": 83372000.0,
        "Other Operating Expenses": 33000.0,
        "Research And Development": 12612000.0,
        "Selling General And Administration": 70727000.0,
        "General And Administrative Expense": 70727000.0,
        "Other Gand A": 70727000.0,
        "Gross Profit": 112110000.0,
        "Cost Of Revenue": 191239000.0,
        "Total Revenue": 303349000.0,
        "Operating Revenue": 303349000.0
    },
    "2025-04-30": {
        "Tax Effect Of Unusual Items": 730618.855657,
        "Tax Rate For Calcs": 0.253511,
        "Normalized EBITDA": 29318000.0,
        "Total Unusual Items": 2882000.0,
        "Total Unusual Items Excluding Goodwill": 2882000.0,
        "Net Income From Continuing Operation Net Minority Interest": 21692000.0,
        "Reconciled Depreciation": 5212000.0,
        "Reconciled Cost Of Revenue": 190023000.0,
        "EBITDA": 32200000.0,
        "EBIT": 26988000.0,
        "Net Interest Income": 1566000.0,
        "Interest Income": 1566000.0,
        "Normalized Income": 19540618.855657,
        "Net Income From Continuing And Discontinued Operation": 21692000.0,
        "Total Expenses": 274997000.0,
        "Total Operating Income As Reported": 26586000.0,
        "Diluted Average Shares": 25249000.0,
        "Basic Average Shares": 25165000.0,
        "Diluted EPS": 0.86,
        "Basic EPS": 0.86,
        "Diluted NI Availto Com Stockholders": 21692000.0,
        "Net Income Common Stockholders": 21692000.0,
        "Net Income": 21692000.0,
        "Minority Interests": -1270000.0,
        "Net Income Including Noncontrolling Interests": 22962000.0,
        "Net Income Continuous Operations": 22962000.0,
        "Tax Provision": 7798000.0,
        "Pretax Income": 30760000.0,
        "Other Income Expense": 2206000.0,
        "Other Non Operating Income Expenses": 71000.0,
        "Special Income Charges": -402000.0,
        "Other Special Charges": NaN,
        "Impairment Of Capital Assets": 212000.0,
        "Restructuring And Mergern Acquisition": 190000.0,
        "Earnings From Equity Interest": -747000.0,
        "Gain On Sale Of Security": 3284000.0,
        "Net Non Operating Interest Income Expense": 1566000.0,
        "Interest Income Non Operating": 1566000.0,
        "Operating Income": 26988000.0,
        "Operating Expense": 84974000.0,
        "Other Operating Expenses": -37000.0,
        "Research And Development": 12744000.0,
        "Selling General And Administration": 72267000.0,
        "General And Administrative Expense": 72267000.0,
        "Other Gand A": 72267000.0,
        "Gross Profit": 111962000.0,
        "Cost Of Revenue": 190023000.0,
        "Total Revenue": 301985000.0,
        "Operating Revenue": 301985000.0
    }
}