{
    "2023-03-31": {
        "Tax Effect Of Unusual Items": 0.0,
        "Tax Rate For Calcs": 0.2,
        "Normalized EBITDA": 309146000.0,
        "Net Income From Continuing Operation Net Minority Interest": 214054000.0,
        "Reconciled Depreciation": 28331000.0,
        "Reconciled Cost Of Revenue": 357224000.0,
        "EBITDA": 309146000.0,
        "EBIT": 280815000.0,
        "Net Interest Income": -12711000.0,
        "Interest Expense": 13127000.0,
        "Interest Income": 416000.0,
        "Normalized Income": 214054000.0,
        "Net Income From Continuing And Discontinued Operation": 214054000.0,
        "Total Expenses": 619796000.0,
        "Total Operating Income As Reported": 280399000.0,
        "Diluted Average Shares": 83959000.0,
        "Basic Average Shares": 82992000.0,
        "Diluted EPS": 2.55,
        "Basic EPS": 2.58,
        "Diluted NI Availto Com Stockholders": 214054000.0,
        "Net Income Common Stockholders": 214054000.0,
        "Net Income": 214054000.0,
        "Minority Interests": NaN,
        "Net Income Including Noncontrolling Interests": 214054000.0,
        "Net Income Continuous Operations": 214054000.0,
        "Tax Provision": 53634000.0,
        "Pretax Income": 267688000.0,
        "Net Non Operating Interest Income Expense": -12711000.0,
        "Interest Expense Non Operating": 13127000.0,
        "Interest Income Non Operating": 416000.0,
        "Operating Income": 280399000.0,
        "Operating Expense": 262572000.0,
        "Research And Development": 44667000.0,
        "Selling General And Administration": 217905000.0,
        "Selling And Marketing Expense": 147804000.0,
        "General And Administrative Expense": 70101000.0,
        "Other Gand A": 70101000.0,
        "Gross Profit": 542971000.0,
        "Cost Of Revenue": 357224000.0,
        "Total Revenue": 900195000.0,
        "Operating Revenue": 900195000.0
    },
    "2022-12-31": {
        "Tax Effect Of Unusual Items": NaN,
        "Tax Rate For Calcs": NaN,
        "Normalized EBITDA": NaN,
        "Net Income From Continuing Operation Net Minority Interest": NaN,
        "Reconciled Depreciation": NaN,
        "Reconciled Cost Of Revenue": NaN,
        "EBITDA": NaN,
        "EBIT": NaN,
        "Net Interest Income": NaN,
        "Interest Expense": NaN,
        "Interest Income": NaN,
        "Normalized Income": NaN,
        "Net Income From Continuing And Discontinued Operation": NaN,
        "Total Expenses": NaN,
        "Total Operating Income As Reported": NaN,
        "Diluted Average Shares": NaN,
        "Basic Average Shares": NaN,
        "Diluted EPS": NaN,
        "Basic EPS": NaN,
        "Diluted NI Availto Com Stockholders": NaN,
        "Net Income Common Stockholders": NaN,
        "Net Income": NaN,
        "Minority Interests": 0.0,
        "Net Income Including Noncontrolling Interests": NaN,
        "Net Income Continuous Operations": NaN,
        "Tax Provision": NaN,
        "Pretax Income": NaN,
        "Net Non Operating Interest Income Expense": NaN,
        "Interest Expense Non Operating": NaN,
        "Interest Income Non Operating": NaN,
        "Operating Income": NaN,
        "Operating Expense": NaN,
        "Research And Development": NaN,
        "Selling General And Administration": NaN,
        "Selling And Marketing Expense": NaN,
        "General And Administrative Expense": NaN,
        "Other Gand A": NaN,
        "Gross Profit": NaN,
        "Cost Of Revenue": NaN,
        "Total Revenue": NaN,
        "Operating Revenue": NaN
    },
    "2022-09-30": {
        "Tax Effect Of Unusual Items": NaN,
        "Tax Rate For Calcs": NaN,
        "Normalized EBITDA": NaN,
        "Net Income From Continuing Operation Net Minority Interest": NaN,
        "Reconciled Depreciation": NaN,
        "Reconciled Cost Of Revenue": NaN,
        "EBITDA": NaN,
        "EBIT": NaN,
        "Net Interest Income": NaN,
        "Interest Expense": NaN,
        "Interest Income": NaN,
        "Normalized Income": NaN,
        "Net Income From Continuing And Discontinued Operation": NaN,
        "Total Expenses": NaN,
        "Total Operating Income As Reported": NaN,
        "Diluted Average Shares": NaN,
        "Basic Average Shares": NaN,
        "Diluted EPS": NaN,
        "Basic EPS": NaN,
        "Diluted NI Availto Com Stockholders": NaN,
        "Net Income Common Stockholders": NaN,
        "Net Income": NaN,
        "Minority Interests": 0.0,
        "Net Income Including Noncontrolling Interests": NaN,
        "Net Income Continuous Operations": NaN,
        "Tax Provision": NaN,
        "Pretax Income": NaN,
        "Net Non Operating Interest Income Expense": NaN,
        "Interest Expense Non Operating": NaN,
        "Interest Income Non Operating": NaN,
        "Operating Income": NaN,
        "Operating Expense": NaN,
        "Research And Development": NaN,
        "Selling General And Administration": NaN,
        "Selling And Marketing Expense": NaN,
        "General And Administrative Expense": NaN,
        "Other Gand A": NaN,
        "Gross Profit": NaN,
        "Cost Of Revenue": NaN,
        "Total Revenue": NaN,
        "Operating Revenue": NaN
    },
    "2022-06-30": {
        "Tax Effect Of Unusual Items": 0.0,
        "Tax Rate For Calcs": 0.228567,
        "Normalized EBITDA": 179066000.0,
        "Net Income From Continuing Operation Net Minority Interest": 131979000.0,
        "Reconciled Depreciation": 28122000.0,
        "Reconciled Cost Of Revenue": 346514000.0,
        "EBITDA": 179066000.0,
        "EBIT": 179066000.0,
        "Net Interest Income": -7983000.0,
        "Interest Expense": 7983000.0,
        "Interest Income": 334000.0,
        "Normalized Income": 131979000.0,
        "Net Income From Continuing And Discontinued Operation": 131979000.0,
        "Total Expenses": 681480000.0,
        "Total Operating Income As Reported": 179066000.0,
        "Diluted Average Shares": 84858000.0,
        "Basic Average Shares": 83922000.0,
        "Diluted EPS": 1.56,
        "Basic EPS": 1.57,
        "Diluted NI Availto Com Stockholders": 131979000.0,
        "Net Income Common Stockholders": 131979000.0,
        "Net Income": 131979000.0,
        "Minority Interests": 0.0,
        "Net Income Including Noncontrolling Interests": 131979000.0,
        "Net Income Continuous Operations": 131979000.0,
        "Tax Provision": 39104000.0,
        "Pretax Income": 171083000.0,
        "Net Non Operating Interest Income Expense": -7983000.0,
        "Interest Expense Non Operating": 7983000.0,
        "Interest Income Non Operating": 334000.0,
        "Operating Income": 179066000.0,
        "Operating Expense": 334966000.0,
        "Research And Development": 123221000.0,
        "Selling General And Administration": 211745000.0,
        "Selling And Marketing Expense": 130257000.0,
        "General And Administrative Expense": 81488000.0,
        "Other Gand A": 81488000.0,
        "Gross Profit": 514032000.0,
        "Cost Of Revenue": 346514000.0,
        "Total Revenue": 860546000.0,
        "Operating Revenue": 860546000.0
    },
    "2023-06-30": {
        "Tax Effect Of Unusual Items": 0.0,
        "Tax Rate For Calcs": 0.216,
        "Normalized EBITDA": 324326000.0,
        "Net Income From Continuing Operation Net Minority Interest": 224236000.0,
        "Reconciled Depreciation": 27855000.0,
        "Reconciled Cost Of Revenue": 370780000.0,
        "EBITDA": 324326000.0,
        "EBIT": 296471000.0,
        "Net Interest Income": -10215000.0,
        "Interest Expense": 10542000.0,
        "Interest Income": 327000.0,
        "Normalized Income": 224236000.0,
        "Net Income From Continuing And Discontinued Operation": 224236000.0,
        "Total Expenses": 647486000.0,
        "Total Operating Income As Reported": 296144000.0,
        "Diluted Average Shares": 83983000.0,
        "Basic Average Shares": 83086000.0,
        "Diluted EPS": 2.67,
        "Basic EPS": 2.7,
        "Diluted NI Availto Com Stockholders": 224236000.0,
        "Net Income Common Stockholders": 224236000.0,
        "Net Income": 224236000.0,
        "Net Income Including Noncontrolling Interests": 224236000.0,
        "Net Income Continuous Operations": 224236000.0,
        "Tax Provision": 61693000.0,
        "Pretax Income": 285929000.0,
        "Net Non Operating Interest Income Expense": -10215000.0,
        "Interest Expense Non Operating": 10542000.0,
        "Interest Income Non Operating": 327000.0,
        "Operating Income": 296144000.0,
        "Operating Expense": 276706000.0,
        "Research And Development": 46505000.0,
        "Selling General And Administration": 230201000.0,
        "Selling And Marketing Expense": 140532000.0,
        "General And Administrative Expense": 89669000.0,
        "Other Gand A": 89669000.0,
        "Gross Profit": 572850000.0,
        "Cost Of Revenue": 370780000.0,
        "Total Revenue": 943630000.0,
        "Operating Revenue": 943630000.0
    },
    "2022-03-31": {
        "Diluted EPS": 2.27,
        "Total Revenue": 837,
        "Gross Profit": 499,
        "Operating Income": 248,
        "EBIT": 275,
        "Net Income": 194
    },
    "2021-12-31": {
        "Diluted EPS": 1.88,
        "Total Revenue": 801,
        "Gross Profit": 456,
        "Operating Income": 199,
        "EBIT": 227,
        "Net Income": 163
    },
    "2021-09-30": {
        "Diluted EPS": 2.03,
        "Total Revenue": 810,
        "Gross Profit": 473,
        "Operating Income": 226,
        "EBIT": 252,
        "Net Income": 175
    },
    "2021-06-30": {
        "Diluted EPS": 2.34,
        "Total Revenue": 826,
        "Gross Profit": 489,
        "Operating Income": 259,
        "EBIT": 285,
        "Net Income": 203
    },
    "2021-03-31": {
        "Diluted EPS": 2.35,
        "Total Revenue": 778,
        "Gross Profit": 471,
        "Operating Income": 248,
        "EBIT": 273,
        "Net Income": 204
    },
    "2020-12-31": {
        "Diluted EPS": 2.01,
        "Total Revenue": 721,
        "Gross Profit": 410,
        "Operating Income": 185,
        "EBIT": 210,
        "Net Income": 175
    },
    "2020-09-30": {
        "Diluted EPS": 1.69,
        "Total Revenue": 722,
        "Gross Profit": 423,
        "Operating Income": 172,
        "EBIT": 197,
        "Net Income": 146
    },
    "2020-06-30": {
        "Diluted EPS": 1.72,
        "Total Revenue": 638,
        "Gross Profit": 379,
        "Operating Income": 193,
        "EBIT": 217,
        "Net Income": 149
    },
    "2020-03-31": {
        "Diluted EPS": 1.29,
        "Total Revenue": 626,
        "Gross Profit": 360,
        "Operating Income": 144,
        "EBIT": 168,
        "Net Income": 112
    },
    "2019-12-31": {
        "Diluted EPS": 1.05,
        "Total Revenue": 605,
        "Gross Profit": 331,
        "Operating Income": 116,
        "EBIT": 138,
        "Net Income": 90
    },
    "2019-09-30": {
        "Diluted EPS": 1.24,
        "Total Revenue": 605,
        "Gross Profit": 345,
        "Operating Income": 140,
        "EBIT": 162,
        "Net Income": 109
    },
    "2019-06-30": {
        "Diluted EPS": 1.43,
        "Total Revenue": 620,
        "Gross Profit": 358,
        "Operating Income": 164,
        "EBIT": 186,
        "Net Income": 126
    },
    "2019-03-31": {
        "Diluted EPS": 1.17,
        "Total Revenue": 576,
        "Gross Profit": 332,
        "Operating Income": 133,
        "EBIT": 154,
        "Net Income": 103
    },
    "2018-12-31": {
        "Diluted EPS": 0.97,
        "Total Revenue": 549,
        "Gross Profit": 300,
        "Operating Income": 115,
        "EBIT": 136,
        "Net Income": 86
    },
    "2018-09-30": {
        "Diluted EPS": 1.05,
        "Total Revenue": 545,
        "Gross Profit": 306,
        "Operating Income": 117,
        "EBIT": 138,
        "Net Income": 93
    },
    "2018-06-30": {
        "Diluted EPS": 1.23,
        "Total Revenue": 581,
        "Gross Profit": 332,
        "Operating Income": 146,
        "EBIT": 166,
        "Net Income": 109
    },
    "2018-03-31": {
        "Diluted EPS": 1.01,
        "Total Revenue": 538,
        "Gross Profit": 303,
        "Operating Income": 113,
        "EBIT": 134,
        "Net Income": 89
    },
    "2017-12-31": {
        "Diluted EPS": 0.43,
        "Total Revenue": 506,
        "Gross Profit": 272,
        "Operating Income": 98,
        "EBIT": 119,
        "Net Income": 38
    },
    "2017-09-30": {
        "Diluted EPS": 0.79,
        "Total Revenue": 492,
        "Gross Profit": 274,
        "Operating Income": 100,
        "EBIT": 121,
        "Net Income": 71
    },
    "2017-06-30": {
        "Diluted EPS": 0.95,
        "Total Revenue": 509,
        "Gross Profit": 293,
        "Operating Income": 123,
        "EBIT": 143,
        "Net Income": 85
    },
    "2017-03-31": {
        "Diluted EPS": 0.77,
        "Total Revenue": 462,
        "Gross Profit": 258,
        "Operating Income": 92,
        "EBIT": 113,
        "Net Income": 69
    },
    "2016-12-31": {
        "Diluted EPS": 0.57,
        "Total Revenue": 443,
        "Gross Profit": 241,
        "Operating Income": 84,
        "EBIT": 105,
        "Net Income": 52
    },
    "2016-09-30": {
        "Diluted EPS": 0.62,
        "Total Revenue": 448,
        "Gross Profit": 247,
        "Operating Income": 88,
        "EBIT": 108,
        "Net Income": 56
    },
    "2016-06-30": {
        "Diluted EPS": 0.74,
        "Total Revenue": 467,
        "Gross Profit": 261,
        "Operating Income": 104,
        "EBIT": 124,
        "Net Income": 67
    },
    "2016-03-31": {
        "Diluted EPS": 0.51,
        "Total Revenue": 418,
        "Gross Profit": 228,
        "Operating Income": 74,
        "EBIT": 92,
        "Net Income": 46
    },
    "2015-12-31": {
        "Diluted EPS": 0.48,
        "Total Revenue": 400,
        "Gross Profit": 218,
        "Operating Income": 67,
        "EBIT": 85,
        "Net Income": 44
    },
    "2015-09-30": {
        "Diluted EPS": 0.48,
        "Total Revenue": 406,
        "Gross Profit": 224,
        "Operating Income": 72,
        "EBIT": 91,
        "Net Income": 44
    },
    "2015-06-30": {
        "Diluted EPS": 0.6,
        "Total Revenue": 413,
        "Gross Profit": 233,
        "Operating Income": 88,
        "EBIT": 105,
        "Net Income": 57
    },
    "2015-03-31": {
        "Diluted EPS": 0.49,
        "Total Revenue": 382,
        "Gross Profit": 216,
        "Operating Income": 73,
        "EBIT": 89,
        "Net Income": 47
    },
    "2014-12-31": {
        "Diluted EPS": 0.28,
        "Total Revenue": 352,
        "Gross Profit": 182,
        "Operating Income": 35,
        "EBIT": 50,
        "Net Income": 26
    },
    "2014-09-30": {
        "Diluted EPS": 0.52,
        "Total Revenue": 384,
        "Gross Profit": 213,
        "Operating Income": 72,
        "EBIT": 88,
        "Net Income": 52
    },
    "2014-06-30": {
        "Diluted EPS": 0.55,
        "Total Revenue": 390,
        "Gross Profit": 219,
        "Operating Income": 83,
        "EBIT": 98,
        "Net Income": 57
    },
    "2014-03-31": {
        "Diluted EPS": 0.45,
        "Total Revenue": 360,
        "Gross Profit": 202,
        "Operating Income": 70,
        "EBIT": 83,
        "Net Income": 47
    },
    "2013-12-31": {
        "Diluted EPS": 0.41,
        "Total Revenue": 354,
        "Gross Profit": 189,
        "Operating Income": 61,
        "EBIT": 75,
        "Net Income": 43
    },
    "2013-09-30": {
        "Diluted EPS": 0.43,
        "Total Revenue": 338,
        "Gross Profit": 186,
        "Operating Income": 65,
        "EBIT": 79,
        "Net Income": 46
    },
    "2013-06-30": {
        "Diluted EPS": 0.5,
        "Total Revenue": 353,
        "Gross Profit": 198,
        "Operating Income": 79,
        "EBIT": 93,
        "Net Income": 54
    },
    "2013-03-31": {
        "Diluted EPS": 0.41,
        "Total Revenue": 332,
        "Gross Profit": 184,
        "Operating Income": 61,
        "EBIT": 75,
        "Net Income": 45
    },
    "2012-12-31": {
        "Diluted EPS": 0.39,
        "Total Revenue": 320,
        "Gross Profit": 169,
        "Operating Income": 63,
        "EBIT": 77,
        "Net Income": 43
    },
    "2012-09-30": {
        "Diluted EPS": 0.38,
        "Total Revenue": 315,
        "Gross Profit": 171,
        "Operating Income": 63,
        "EBIT": 76,
        "Net Income": 43
    },
    "2012-06-30": {
        "Diluted EPS": 0.46,
        "Total Revenue": 336,
        "Gross Profit": 185,
        "Operating Income": 76,
        "EBIT": 89,
        "Net Income": 51
    },
    "2012-03-31": {
        "Diluted EPS": 0.36,
        "Total Revenue": 323,
        "Gross Profit": 175,
        "Operating Income": 60,
        "EBIT": 73,
        "Net Income": 41
    },
    "2011-12-31": {
        "Diluted EPS": 0.34,
        "Total Revenue": 307,
        "Gross Profit": 159,
        "Operating Income": 55,
        "EBIT": 68,
        "Net Income": 38
    },
    "2011-09-30": {
        "Diluted EPS": 0.33,
        "Total Revenue": 301,
        "Gross Profit": 159,
        "Operating Income": 56,
        "EBIT": 68,
        "Net Income": 39
    },
    "2011-06-30": {
        "Diluted EPS": 0.42,
        "Total Revenue": 318,
        "Gross Profit": 174,
        "Operating Income": 71,
        "EBIT": 83,
        "Net Income": 49
    },
    "2011-03-31": {
        "Diluted EPS": 0.31,
        "Total Revenue": 293,
        "Gross Profit": 155,
        "Operating Income": 54,
        "EBIT": 65,
        "Net Income": 37
    },
    "2010-12-31": {
        "Diluted EPS": 0.31,
        "Total Revenue": 284,
        "Gross Profit": 145,
        "Operating Income": 51,
        "EBIT": 63,
        "Net Income": 36
    },
    "2010-09-30": {
        "Diluted EPS": 0.3,
        "Total Revenue": 270,
        "Gross Profit": 142,
        "Operating Income": 50,
        "EBIT": 61,
        "Net Income": 35
    },
    "2010-06-30": {
        "Diluted EPS": 0.31,
        "Total Revenue": 281,
        "Gross Profit": 149,
        "Operating Income": 55,
        "EBIT": 66,
        "Net Income": 37
    },
    "2010-03-31": {
        "Diluted EPS": 0.28,
        "Total Revenue": 269,
        "Gross Profit": 142,
        "Operating Income": 48,
        "EBIT": 60,
        "Net Income": 33
    },
    "2009-12-31": {
        "Diluted EPS": 0.26,
        "Total Revenue": 270,
        "Gross Profit": 133,
        "Operating Income": 44,
        "EBIT": 57,
        "Net Income": 31
    },
    "2009-09-30": {
        "Diluted EPS": 0.26,
        "Total Revenue": 259,
        "Gross Profit": 130,
        "Operating Income": 44,
        "EBIT": 57,
        "Net Income": 32
    },
    "2009-06-30": {
        "Diluted EPS": 0.28,
        "Total Revenue": 266,
        "Gross Profit": 138,
        "Operating Income": 49,
        "EBIT": 61,
        "Net Income": 34
    },
    "2009-03-31": {
        "Diluted EPS": 0.22,
        "Total Revenue": 236,
        "Gross Profit": 124,
        "Operating Income": 38,
        "EBIT": 51,
        "Net Income": 26
    },
    "2023-09-30": {
        "Tax Effect Of Unusual Items": NaN,
        "Tax Rate For Calcs": NaN,
        "Normalized EBITDA": NaN,
        "Net Income From Continuing Operation Net Minority Interest": NaN,
        "Reconciled Depreciation": NaN,
        "Reconciled Cost Of Revenue": NaN,
        "EBITDA": NaN,
        "EBIT": NaN,
        "Net Interest Income": NaN,
        "Interest Expense": NaN,
        "Interest Income": NaN,
        "Normalized Income": NaN,
        "Net Income From Continuing And Discontinued Operation": NaN,
        "Total Expenses": NaN,
        "Total Operating Income As Reported": NaN,
        "Diluted Average Shares": 83993000.0,
        "Basic Average Shares": 83097000.0,
        "Diluted EPS": 2.53,
        "Basic EPS": 2.55,
        "Diluted NI Availto Com Stockholders": NaN,
        "Net Income Common Stockholders": NaN,
        "Net Income": NaN,
        "Net Income Including Noncontrolling Interests": NaN,
        "Net Income Continuous Operations": NaN,
        "Tax Provision": NaN,
        "Pretax Income": NaN,
        "Net Non Operating Interest Income Expense": NaN,
        "Interest Expense Non Operating": NaN,
        "Interest Income Non Operating": NaN,
        "Operating Income": NaN,
        "Operating Expense": NaN,
        "Research And Development": NaN,
        "Selling General And Administration": NaN,
        "Selling And Marketing Expense": NaN,
        "General And Administrative Expense": NaN,
        "Other Gand A": NaN,
        "Gross Profit": NaN,
        "Cost Of Revenue": NaN,
        "Total Revenue": NaN,
        "Operating Revenue": NaN
    },
    "2023-12-31": {
        "Tax Effect Of Unusual Items": 0.0,
        "Tax Rate For Calcs": 0.188373,
        "Normalized EBITDA": 278670000.0,
        "Net Income From Continuing Operation Net Minority Interest": 194521000.0,
        "Reconciled Depreciation": 29737000.0,
        "Reconciled Cost Of Revenue": 375434000.0,
        "EBITDA": 278670000.0,
        "EBIT": 248933000.0,
        "Net Interest Income": -5634000.0,
        "Interest Expense": 9265000.0,
        "Interest Income": 3631000.0,
        "Normalized Income": 194521000.0,
        "Net Income From Continuing And Discontinued Operation": 194521000.0,
        "Total Expenses": 656299000.0,
        "Total Operating Income As Reported": 245302000.0,
        "Diluted Average Shares": 83933000.0,
        "Basic Average Shares": 83088000.0,
        "Diluted EPS": 2.32,
        "Basic EPS": 2.34,
        "Diluted NI Availto Com Stockholders": 194521000.0,
        "Net Income Common Stockholders": 194521000.0,
        "Net Income": 194521000.0,
        "Net Income Including Noncontrolling Interests": 194521000.0,
        "Net Income Continuous Operations": 194521000.0,
        "Tax Provision": 45147000.0,
        "Pretax Income": 239668000.0,
        "Net Non Operating Interest Income Expense": -5634000.0,
        "Interest Expense Non Operating": 9265000.0,
        "Interest Income Non Operating": 3631000.0,
        "Operating Income": 245302000.0,
        "Operating Expense": 280865000.0,
        "Research And Development": 51812000.0,
        "Selling General And Administration": 229053000.0,
        "Selling And Marketing Expense": 142032000.0,
        "General And Administrative Expense": 87021000.0,
        "Other Gand A": 87021000.0,
        "Gross Profit": 526167000.0,
        "Cost Of Revenue": 375434000.0,
        "Total Revenue": 901601000.0,
        "Operating Revenue": 901601000.0
    },
    "2024-03-31": {
        "Tax Effect Of Unusual Items": 0.0,
        "Tax Rate For Calcs": 0.202722,
        "Normalized EBITDA": 333294000.0,
        "Net Income From Continuing Operation Net Minority Interest": 235579000.0,
        "Reconciled Depreciation": 29904000.0,
        "Reconciled Cost Of Revenue": 371025000.0,
        "EBITDA": 333294000.0,
        "EBIT": 303390000.0,
        "Net Interest Income": -3479000.0,
        "Interest Expense": 7911000.0,
        "Interest Income": 4432000.0,
        "Normalized Income": 235579000.0,
        "Net Income From Continuing And Discontinued Operation": 235579000.0,
        "Total Expenses": 665137000.0,
        "Total Operating Income As Reported": 298958000.0,
        "Diluted Average Shares": 83957000.0,
        "Basic Average Shares": 83096000.0,
        "Diluted EPS": 2.81,
        "Basic EPS": 2.84,
        "Diluted NI Availto Com Stockholders": 235579000.0,
        "Net Income Common Stockholders": 235579000.0,
        "Net Income": 235579000.0,
        "Net Income Including Noncontrolling Interests": 235579000.0,
        "Net Income Continuous Operations": 235579000.0,
        "Tax Provision": 59900000.0,
        "Pretax Income": 295479000.0,
        "Net Non Operating Interest Income Expense": -3479000.0,
        "Interest Expense Non Operating": 7911000.0,
        "Interest Income Non Operating": 4432000.0,
        "Operating Income": 298958000.0,
        "Operating Expense": 294112000.0,
        "Research And Development": 52635000.0,
        "Selling General And Administration": 241477000.0,
        "Selling And Marketing Expense": 149453000.0,
        "General And Administrative Expense": 92024000.0,
        "Other Gand A": 92024000.0,
        "Gross Profit": 593070000.0,
        "Cost Of Revenue": 371025000.0,
        "Total Revenue": 964095000.0,
        "Operating Revenue": 964095000.0
    },
    "2024-06-30": {
        "Tax Effect Of Unusual Items": 0.0,
        "Tax Rate For Calcs": 0.215,
        "Normalized EBITDA": 299348000.0,
        "Net Income From Continuing Operation Net Minority Interest": 203298000.0,
        "Reconciled Depreciation": 32193000.0,
        "Reconciled Cost Of Revenue": 384419000.0,
        "EBITDA": 299348000.0,
        "EBIT": 267155000.0,
        "Net Interest Income": -4745000.0,
        "Interest Expense": 8099000.0,
        "Interest Income": 3354000.0,
        "Normalized Income": 203298000.0,
        "Net Income From Continuing And Discontinued Operation": 203298000.0,
        "Total Expenses": 739777000.0,
        "Total Operating Income As Reported": 263801000.0,
        "Diluted Average Shares": 83393000.0,
        "Basic Average Shares": 82630000.0,
        "Diluted EPS": 2.44,
        "Basic EPS": 2.46,
        "Diluted NI Availto Com Stockholders": 203298000.0,
        "Net Income Common Stockholders": 203298000.0,
        "Net Income": 203298000.0,
        "Net Income Including Noncontrolling Interests": 203298000.0,
        "Net Income Continuous Operations": 203298000.0,
        "Tax Provision": 55758000.0,
        "Pretax Income": 259056000.0,
        "Net Non Operating Interest Income Expense": -4745000.0,
        "Interest Expense Non Operating": 8099000.0,
        "Interest Income Non Operating": 3354000.0,
        "Operating Income": 263801000.0,
        "Operating Expense": 355358000.0,
        "Research And Development": 55450000.0,
        "Selling General And Administration": 299908000.0,
        "Selling And Marketing Expense": 142665000.0,
        "General And Administrative Expense": 157243000.0,
        "Other Gand A": 157243000.0,
        "Gross Profit": 619159000.0,
        "Cost Of Revenue": 384419000.0,
        "Total Revenue": 1003578000.0,
        "Operating Revenue": 1003578000.0
    },
    "2024-09-30": {
        "Tax Effect Of Unusual Items": 0.0,
        "Tax Rate For Calcs": 0.221,
        "Normalized EBITDA": 340739000.0,
        "Net Income From Continuing Operation Net Minority Interest": 232841000.0,
        "Reconciled Depreciation": 34133000.0,
        "Reconciled Cost Of Revenue": 379505000.0,
        "EBITDA": 340739000.0,
        "EBIT": 306606000.0,
        "Net Interest Income": -4983000.0,
        "Interest Expense": 7697000.0,
        "Interest Income": 2714000.0,
        "Normalized Income": 232841000.0,
        "Net Income From Continuing And Discontinued Operation": 232841000.0,
        "Total Expenses": 671651000.0,
        "Total Operating Income As Reported": 303892000.0,
        "Diluted Average Shares": NaN,
        "Basic Average Shares": NaN,
        "Diluted EPS": NaN,
        "Basic EPS": NaN,
        "Diluted NI Availto Com Stockholders": 232841000.0,
        "Net Income Common Stockholders": 232841000.0,
        "Net Income": 232841000.0,
        "Net Income Including Noncontrolling Interests": 232841000.0,
        "Net Income Continuous Operations": 232841000.0,
        "Tax Provision": 66068000.0,
        "Pretax Income": 298909000.0,
        "Net Non Operating Interest Income Expense": -4983000.0,
        "Interest Expense Non Operating": 7697000.0,
        "Interest Income Non Operating": 2714000.0,
        "Operating Income": 303892000.0,
        "Operating Expense": 292146000.0,
        "Research And Development": 53978000.0,
        "Selling General And Administration": 238168000.0,
        "Selling And Marketing Expense": 146281000.0,
        "General And Administrative Expense": 91887000.0,
        "Other Gand A": 91887000.0,
        "Gross Profit": 596038000.0,
        "Cost Of Revenue": 379505000.0,
        "Total Revenue": 975543000.0,
        "Operating Revenue": 975543000.0
    },
    "2024-12-31": {
        "Tax Effect Of Unusual Items": 0.0,
        "Tax Rate For Calcs": 0.156942,
        "Normalized EBITDA": 297591000.0,
        "Net Income From Continuing Operation Net Minority Interest": 216149000.0,
        "Reconciled Depreciation": 33706000.0,
        "Reconciled Cost Of Revenue": 383628000.0,
        "EBITDA": 297591000.0,
        "EBIT": 263885000.0,
        "Net Interest Income": -5299000.0,
        "Interest Expense": 7498000.0,
        "Interest Income": 2199000.0,
        "Normalized Income": 216149000.0,
        "Net Income From Continuing And Discontinued Operation": 216149000.0,
        "Total Expenses": 692602000.0,
        "Total Operating Income As Reported": 261686000.0,
        "Diluted Average Shares": 82538000.0,
        "Basic Average Shares": 81846000.0,
        "Diluted EPS": 2.62,
        "Basic EPS": 2.64,
        "Diluted NI Availto Com Stockholders": 216149000.0,
        "Net Income Common Stockholders": 216149000.0,
        "Net Income": 216149000.0,
        "Net Income Including Noncontrolling Interests": 216149000.0,
        "Net Income Continuous Operations": 216149000.0,
        "Tax Provision": 40238000.0,
        "Pretax Income": 256387000.0,
        "Net Non Operating Interest Income Expense": -5299000.0,
        "Interest Expense Non Operating": 7498000.0,
        "Interest Income Non Operating": 2199000.0,
        "Operating Income": 261686000.0,
        "Operating Expense": 308974000.0,
        "Research And Development": 57729000.0,
        "Selling General And Administration": 251245000.0,
        "Selling And Marketing Expense": 150108000.0,
        "General And Administrative Expense": 101137000.0,
        "Other Gand A": 101137000.0,
        "Gross Profit": 570660000.0,
        "Cost Of Revenue": 383628000.0,
        "Total Revenue": 954288000.0,
        "Operating Revenue": 954288000.0
    },
    "2025-03-31": {
        "Tax Effect Of Unusual Items": 0.0,
        "Tax Rate For Calcs": 0.217,
        "Normalized EBITDA": 351813000.0,
        "Net Income From Continuing Operation Net Minority Interest": 242677000.0,
        "Reconciled Depreciation": 34063000.0,
        "Reconciled Cost Of Revenue": 375048000.0,
        "EBITDA": 351813000.0,
        "EBIT": 317750000.0,
        "Net Interest Income": -6450000.0,
        "Interest Expense": 7666000.0,
        "Interest Income": 1216000.0,
        "Normalized Income": 242677000.0,
        "Net Income From Continuing And Discontinued Operation": 242677000.0,
        "Total Expenses": 681893000.0,
        "Total Operating Income As Reported": 316534000.0,
        "Diluted Average Shares": 81922000.0,
        "Basic Average Shares": 81319000.0,
        "Diluted EPS": 2.96,
        "Basic EPS": 2.98,
        "Diluted NI Availto Com Stockholders": 242677000.0,
        "Net Income Common Stockholders": 242677000.0,
        "Net Income": 242677000.0,
        "Net Income Including Noncontrolling Interests": 242677000.0,
        "Net Income Continuous Operations": 242677000.0,
        "Tax Provision": 67407000.0,
        "Pretax Income": 310084000.0,
        "Net Non Operating Interest Income Expense": -6450000.0,
        "Interest Expense Non Operating": 7666000.0,
        "Interest Income Non Operating": 1216000.0,
        "Operating Income": 316534000.0,
        "Operating Expense": 306845000.0,
        "Research And Development": 59061000.0,
        "Selling General And Administration": 247784000.0,
        "Selling And Marketing Expense": 156223000.0,
        "General And Administrative Expense": 91561000.0,
        "Other Gand A": 91561000.0,
        "Gross Profit": 623379000.0,
        "Cost Of Revenue": 375048000.0,
        "Total Revenue": 998427000.0,
        "Operating Revenue": 998427000.0
    },
    "2025-06-30": {
        "Tax Effect Of Unusual Items": 0.0,
        "Tax Rate For Calcs": 0.189,
        "Normalized EBITDA": 409445000.0,
        "Net Income From Continuing Operation Net Minority Interest": 293989000.0,
        "Reconciled Depreciation": 35772000.0,
        "Reconciled Cost Of Revenue": 414725000.0,
        "EBITDA": 409445000.0,
        "EBIT": 373673000.0,
        "Net Interest Income": -10694000.0,
        "Interest Expense": 11321000.0,
        "Interest Income": 627000.0,
        "Normalized Income": 293989000.0,
        "Net Income From Continuing And Discontinued Operation": 293989000.0,
        "Total Expenses": 736411000.0,
        "Total Operating Income As Reported": 373046000.0,
        "Diluted Average Shares": 80994000.0,
        "Basic Average Shares": 80413000.0,
        "Diluted EPS": 3.63,
        "Basic EPS": 3.66,
        "Diluted NI Availto Com Stockholders": 293989000.0,
        "Net Income Common Stockholders": 293989000.0,
        "Net Income": 293989000.0,
        "Net Income Including Noncontrolling Interests": 293989000.0,
        "Net Income Continuous Operations": 293989000.0,
        "Tax Provision": 68363000.0,
        "Pretax Income": 362352000.0,
        "Net Non Operating Interest Income Expense": -10694000.0,
        "Interest Expense Non Operating": 11321000.0,
        "Interest Income Non Operating": 627000.0,
        "Operating Income": 373046000.0,
        "Operating Expense": 321686000.0,
        "Research And Development": 61898000.0,
        "Selling General And Administration": 259788000.0,
        "Selling And Marketing Expense": 161107000.0,
        "General And Administrative Expense": 98681000.0,
        "Other Gand A": 98681000.0,
        "Gross Profit": 694732000.0,
        "Cost Of Revenue": 414725000.0,
        "Total Revenue": 1109457000.0,
        "Operating Revenue": 1109457000.0
    },
    "2025-09-30": {
        "Tax Effect Of Unusual Items": 0.0,
        "Tax Rate For Calcs": 0.204,
        "Normalized EBITDA": 392053000.0,
        "Net Income From Continuing Operation Net Minority Interest": 274610000.0,
        "Reconciled Depreciation": 36627000.0,
        "Reconciled Cost Of Revenue": 421885000.0,
        "EBITDA": 392053000.0,
        "EBIT": 355426000.0,
        "Net Interest Income": -10075000.0,
        "Interest Expense": 10655000.0,
        "Interest Income": 580000.0,
        "Normalized Income": 274610000.0,
        "Net Income From Continuing And Discontinued Operation": 274610000.0,
        "Total Expenses": 750393000.0,
        "Total Operating Income As Reported": 354846000.0,
        "Diluted Average Shares": 80675000.0,
        "Basic Average Shares": 80096000.0,
        "Diluted EPS": 3.4,
        "Basic EPS": 3.43,
        "Diluted NI Availto Com Stockholders": 274610000.0,
        "Net Income Common Stockholders": 274610000.0,
        "Net Income": 274610000.0,
        "Net Income Including Noncontrolling Interests": 274610000.0,
        "Net Income Continuous Operations": 274610000.0,
        "Tax Provision": 70161000.0,
        "Pretax Income": 344771000.0,
        "Net Non Operating Interest Income Expense": -10075000.0,
        "Interest Expense Non Operating": 10655000.0,
        "Interest Income Non Operating": 580000.0,
        "Operating Income": 354846000.0,
        "Operating Expense": 328508000.0,
        "Research And Development": 63415000.0,
        "Selling General And Administration": 265093000.0,
        "Selling And Marketing Expense": 159157000.0,
        "General And Administrative Expense": 105936000.0,
        "Other Gand A": 105936000.0,
        "Gross Profit": 683354000.0,
        "Cost Of Revenue": 421885000.0,
        "Total Revenue": 1105239000.0,
        "Operating Revenue": 1105239000.0
    },
    "2025-12-31": {
        "Tax Effect Of Unusual Items": NaN,
        "Tax Rate For Calcs": NaN,
        "Normalized EBITDA": NaN,
        "Net Income From Continuing Operation Net Minority Interest": NaN,
        "Reconciled Depreciation": NaN,
        "Reconciled Cost Of Revenue": NaN,
        "EBITDA": NaN,
        "EBIT": NaN,
        "Net Interest Income": NaN,
        "Interest Expense": NaN,
        "Interest Income": NaN,
        "Normalized Income": NaN,
        "Net Income From Continuing And Discontinued Operation": NaN,
        "Total Expenses": NaN,
        "Total Operating Income As Reported": NaN,
        "Diluted Average Shares": 80480000.0,
        "Basic Average Shares": 79898000.0,
        "Diluted EPS": 3.08,
        "Basic EPS": 3.11,
        "Diluted NI Availto Com Stockholders": NaN,
        "Net Income Common Stockholders": NaN,
        "Net Income": NaN,
        "Net Income Including Noncontrolling Interests": NaN,
        "Net Income Continuous Operations": NaN,
        "Tax Provision": NaN,
        "Pretax Income": NaN,
        "Net Non Operating Interest Income Expense": NaN,
        "Interest Expense Non Operating": NaN,
        "Interest Income Non Operating": NaN,
        "Operating Income": NaN,
        "Operating Expense": NaN,
        "Research And Development": NaN,
        "Selling General And Administration": NaN,
        "Selling And Marketing Expense": NaN,
        "General And Administrative Expense": NaN,
        "Other Gand A": NaN,
        "Gross Profit": NaN,
        "Cost Of Revenue": NaN,
        "Total Revenue": NaN,
        "Operating Revenue": NaN
    }
}