{
    "2023-03-31": {
        "Tax Effect Of Unusual Items": NaN,
        "Tax Rate For Calcs": NaN,
        "Normalized EBITDA": NaN,
        "Total Unusual Items": 1466000.0,
        "Total Unusual Items Excluding Goodwill": 1466000.0,
        "Net Income From Continuing Operation Net Minority Interest": NaN,
        "Reconciled Depreciation": NaN,
        "EBITDA": NaN,
        "EBIT": NaN,
        "Net Interest Income": NaN,
        "Interest Income": NaN,
        "Normalized Income": NaN,
        "Net Income From Continuing And Discontinued Operation": NaN,
        "Total Expenses": NaN,
        "Total Operating Income As Reported": NaN,
        "Diluted Average Shares": NaN,
        "Basic Average Shares": NaN,
        "Diluted EPS": NaN,
        "Basic EPS": NaN,
        "Diluted NI Availto Com Stockholders": NaN,
        "Net Income Common Stockholders": NaN,
        "Net Income": NaN,
        "Net Income Including Noncontrolling Interests": NaN,
        "Net Income Continuous Operations": NaN,
        "Pretax Income": NaN,
        "Other Income Expense": 1466000.0,
        "Gain On Sale Of Security": 1466000.0,
        "Net Non Operating Interest Income Expense": NaN,
        "Interest Income Non Operating": NaN,
        "Operating Income": NaN,
        "Operating Expense": NaN,
        "Research And Development": NaN,
        "Selling General And Administration": NaN,
        "General And Administrative Expense": NaN,
        "Other Gand A": NaN,
        "Total Revenue": NaN,
        "Operating Revenue": NaN
    },
    "2022-12-31": {
        "Tax Effect Of Unusual Items": 0.0,
        "Tax Rate For Calcs": 0.0,
        "Normalized EBITDA": -26443000.0,
        "Net Income From Continuing Operation Net Minority Interest": -24201000.0,
        "Reconciled Depreciation": -492000.0,
        "EBITDA": -26443000.0,
        "EBIT": -26443000.0,
        "Net Interest Income": 2242000.0,
        "Interest Income": 2242000.0,
        "Normalized Income": -24201000.0,
        "Net Income From Continuing And Discontinued Operation": -24201000.0,
        "Total Expenses": 30465000.0,
        "Total Operating Income As Reported": -26443000.0,
        "Diluted Average Shares": 48132003.0,
        "Basic Average Shares": 48132003.0,
        "Diluted EPS": -0.5,
        "Basic EPS": -0.5,
        "Diluted NI Availto Com Stockholders": -24201000.0,
        "Net Income Common Stockholders": -24201000.0,
        "Net Income": -24201000.0,
        "Net Income Including Noncontrolling Interests": -24201000.0,
        "Net Income Continuous Operations": -24201000.0,
        "Pretax Income": -24201000.0,
        "Net Non Operating Interest Income Expense": 2242000.0,
        "Interest Income Non Operating": 2242000.0,
        "Operating Income": -26443000.0,
        "Operating Expense": 30465000.0,
        "Research And Development": 24713000.0,
        "Selling General And Administration": 5752000.0,
        "General And Administrative Expense": 5752000.0,
        "Other Gand A": 5752000.0,
        "Total Revenue": 4022000.0,
        "Operating Revenue": 4022000.0
    },
    "2022-09-30": {
        "Tax Effect Of Unusual Items": 0.0,
        "Tax Rate For Calcs": 0.4,
        "Normalized EBITDA": 1585000.0,
        "Net Income From Continuing Operation Net Minority Interest": 1615000.0,
        "Reconciled Depreciation": 925000.0,
        "EBITDA": 1585000.0,
        "EBIT": 660000.0,
        "Net Interest Income": 955000.0,
        "Interest Income": 955000.0,
        "Normalized Income": 1615000.0,
        "Net Income From Continuing And Discontinued Operation": 1615000.0,
        "Total Expenses": 29039000.0,
        "Total Operating Income As Reported": 660000.0,
        "Diluted Average Shares": 41109571.0,
        "Basic Average Shares": 40301568.0,
        "Diluted EPS": 0.04,
        "Basic EPS": 0.04,
        "Diluted NI Availto Com Stockholders": 1615000.0,
        "Net Income Common Stockholders": 1615000.0,
        "Otherunder Preferred Stock Dividend": NaN,
        "Net Income": 1615000.0,
        "Net Income Including Noncontrolling Interests": 1615000.0,
        "Net Income Continuous Operations": 1615000.0,
        "Pretax Income": 1615000.0,
        "Net Non Operating Interest Income Expense": 955000.0,
        "Interest Income Non Operating": 955000.0,
        "Operating Income": 660000.0,
        "Operating Expense": 29039000.0,
        "Research And Development": 22372000.0,
        "Selling General And Administration": 6667000.0,
        "General And Administrative Expense": 6667000.0,
        "Other Gand A": 6667000.0,
        "Total Revenue": 29699000.0,
        "Operating Revenue": 29699000.0
    },
    "2022-06-30": {
        "Tax Effect Of Unusual Items": 0.0,
        "Tax Rate For Calcs": 0.0,
        "Normalized EBITDA": -21295000.0,
        "Net Income From Continuing Operation Net Minority Interest": -22056000.0,
        "Reconciled Depreciation": 1204000.0,
        "EBITDA": -21295000.0,
        "EBIT": -22499000.0,
        "Net Interest Income": 443000.0,
        "Interest Income": 443000.0,
        "Normalized Income": -22056000.0,
        "Net Income From Continuing And Discontinued Operation": -22056000.0,
        "Total Expenses": 28350000.0,
        "Total Operating Income As Reported": -22499000.0,
        "Diluted Average Shares": 38660971.0,
        "Basic Average Shares": 38660971.0,
        "Diluted EPS": -0.57,
        "Basic EPS": -0.57,
        "Diluted NI Availto Com Stockholders": -22056000.0,
        "Net Income Common Stockholders": -22056000.0,
        "Otherunder Preferred Stock Dividend": NaN,
        "Net Income": -22056000.0,
        "Net Income Including Noncontrolling Interests": -22056000.0,
        "Net Income Continuous Operations": -22056000.0,
        "Pretax Income": -22056000.0,
        "Net Non Operating Interest Income Expense": 443000.0,
        "Interest Income Non Operating": 443000.0,
        "Operating Income": -22499000.0,
        "Operating Expense": 28350000.0,
        "Research And Development": 22796000.0,
        "Selling General And Administration": 5554000.0,
        "General And Administrative Expense": 5554000.0,
        "Other Gand A": 5554000.0,
        "Total Revenue": 5851000.0,
        "Operating Revenue": 5851000.0
    },
    "2022-03-31": {
        "Diluted EPS": -0.36,
        "Total Revenue": 11,
        "Gross Profit": 11,
        "Operating Income": -14,
        "EBIT": -13,
        "Net Income": -14
    },
    "2021-12-31": {
        "Diluted EPS": -0.49,
        "Total Revenue": 3,
        "Gross Profit": 3,
        "Operating Income": -18,
        "EBIT": -17,
        "Net Income": -18
    },
    "2021-09-30": {
        "Diluted EPS": -0.31,
        "Total Revenue": 9,
        "Gross Profit": 9,
        "Operating Income": -12,
        "EBIT": -11,
        "Net Income": -12
    },
    "2021-06-30": {
        "Diluted EPS": -0.33,
        "Total Revenue": 9,
        "Gross Profit": 9,
        "Operating Income": -11,
        "EBIT": -10,
        "Net Income": -11
    },
    "2021-03-31": {
        "Diluted EPS": -0.28,
        "Total Revenue": 7,
        "Gross Profit": 7,
        "Operating Income": -9,
        "EBIT": -8,
        "Net Income": -9
    },
    "2020-12-31": {
        "Diluted EPS": -0.05,
        "Total Revenue": 11,
        "Gross Profit": 11,
        "Operating Income": -5,
        "EBIT": -5,
        "Net Income": -5
    },
    "2020-09-30": {
        "Diluted EPS": -0.17,
        "Total Revenue": 9,
        "Gross Profit": 9,
        "Operating Income": -5,
        "EBIT": -5,
        "Net Income": -5
    },
    "2020-06-30": {
        "Diluted EPS": -0.59,
        "Total Revenue": NaN,
        "Gross Profit": NaN,
        "Operating Income": -13,
        "EBIT": -12,
        "Net Income": -12
    },
    "2020-03-31": {
        "Diluted EPS": -0.59,
        "Total Revenue": NaN,
        "Gross Profit": NaN,
        "Operating Income": -12,
        "EBIT": -12,
        "Net Income": -12
    },
    "2019-12-31": {
        "Diluted EPS": 7.17,
        "Total Revenue": NaN,
        "Gross Profit": NaN,
        "Operating Income": -11,
        "EBIT": -11,
        "Net Income": -11
    },
    "2019-09-30": {
        "Diluted EPS": -0.54,
        "Total Revenue": NaN,
        "Gross Profit": NaN,
        "Operating Income": -12,
        "EBIT": -11,
        "Net Income": -11
    },
    "2019-06-30": {
        "Diluted EPS": -1.3,
        "Total Revenue": NaN,
        "Gross Profit": NaN,
        "Operating Income": -11,
        "EBIT": -11,
        "Net Income": -11
    },
    "2019-03-31": {
        "Diluted EPS": -8.69,
        "Total Revenue": NaN,
        "Gross Profit": NaN,
        "Operating Income": -10,
        "EBIT": -10,
        "Net Income": -10
    },
    "2018-12-31": {
        "Diluted EPS": 0.0,
        "Total Revenue": NaN,
        "Gross Profit": NaN,
        "Operating Income": NaN,
        "EBIT": NaN,
        "Net Income": NaN
    },
    "2018-09-30": {
        "Diluted EPS": -13.06,
        "Total Revenue": NaN,
        "Gross Profit": NaN,
        "Operating Income": -14,
        "EBIT": -14,
        "Net Income": -13
    },
    "2018-06-30": {
        "Diluted EPS": -7.47,
        "Total Revenue": NaN,
        "Gross Profit": NaN,
        "Operating Income": -8,
        "EBIT": -8,
        "Net Income": -7
    },
    "2017-12-31": {
        "Diluted EPS": 0.0,
        "Total Revenue": NaN,
        "Gross Profit": NaN,
        "Operating Income": NaN,
        "EBIT": NaN,
        "Net Income": NaN
    },
    "2023-06-30": {
        "Tax Effect Of Unusual Items": 0.0,
        "Tax Rate For Calcs": 0.0,
        "Normalized EBITDA": -31711000.0,
        "Total Unusual Items": NaN,
        "Total Unusual Items Excluding Goodwill": NaN,
        "Net Income From Continuing Operation Net Minority Interest": -27926000.0,
        "Reconciled Depreciation": 998000.0,
        "EBITDA": -31711000.0,
        "EBIT": -32709000.0,
        "Net Interest Income": 4783000.0,
        "Interest Income": 4783000.0,
        "Normalized Income": -27926000.0,
        "Net Income From Continuing And Discontinued Operation": -27926000.0,
        "Total Expenses": 36253000.0,
        "Total Operating Income As Reported": -32709000.0,
        "Diluted Average Shares": 56251130.0,
        "Basic Average Shares": 56251130.0,
        "Diluted EPS": -0.5,
        "Basic EPS": -0.5,
        "Diluted NI Availto Com Stockholders": -27926000.0,
        "Net Income Common Stockholders": -27926000.0,
        "Net Income": -27926000.0,
        "Net Income Including Noncontrolling Interests": -27926000.0,
        "Net Income Continuous Operations": -27926000.0,
        "Pretax Income": -27926000.0,
        "Other Income Expense": NaN,
        "Gain On Sale Of Security": NaN,
        "Net Non Operating Interest Income Expense": 4783000.0,
        "Interest Income Non Operating": 4783000.0,
        "Operating Income": -32709000.0,
        "Operating Expense": 36253000.0,
        "Research And Development": 29178000.0,
        "Selling General And Administration": 7075000.0,
        "General And Administrative Expense": 7075000.0,
        "Other Gand A": 7075000.0,
        "Total Revenue": 3544000.0,
        "Operating Revenue": 3544000.0
    },
    "2023-09-30": {
        "Tax Effect Of Unusual Items": NaN,
        "Tax Rate For Calcs": NaN,
        "Normalized EBITDA": NaN,
        "Total Unusual Items": NaN,
        "Total Unusual Items Excluding Goodwill": NaN,
        "Net Income From Continuing Operation Net Minority Interest": NaN,
        "Reconciled Depreciation": NaN,
        "EBITDA": NaN,
        "EBIT": NaN,
        "Net Interest Income": NaN,
        "Interest Income": NaN,
        "Normalized Income": NaN,
        "Net Income From Continuing And Discontinued Operation": NaN,
        "Total Expenses": NaN,
        "Total Operating Income As Reported": NaN,
        "Diluted Average Shares": 59999449.0,
        "Basic Average Shares": 59999449.0,
        "Diluted EPS": -0.46,
        "Basic EPS": -0.46,
        "Diluted NI Availto Com Stockholders": NaN,
        "Net Income Common Stockholders": NaN,
        "Net Income": NaN,
        "Net Income Including Noncontrolling Interests": NaN,
        "Net Income Continuous Operations": NaN,
        "Pretax Income": NaN,
        "Other Income Expense": NaN,
        "Gain On Sale Of Security": NaN,
        "Net Non Operating Interest Income Expense": NaN,
        "Interest Income Non Operating": NaN,
        "Operating Income": NaN,
        "Operating Expense": NaN,
        "Research And Development": NaN,
        "Selling General And Administration": NaN,
        "General And Administrative Expense": NaN,
        "Other Gand A": NaN,
        "Total Revenue": NaN,
        "Operating Revenue": NaN
    },
    "2023-12-31": {
        "Tax Effect Of Unusual Items": 0.0,
        "Tax Rate For Calcs": 0.0,
        "Normalized EBITDA": -40893000.0,
        "Total Unusual Items": NaN,
        "Total Unusual Items Excluding Goodwill": NaN,
        "Net Income From Continuing Operation Net Minority Interest": -33955000.0,
        "Reconciled Depreciation": 1024000.0,
        "EBITDA": -40893000.0,
        "EBIT": -41917000.0,
        "Net Interest Income": 7962000.0,
        "Interest Income": 7962000.0,
        "Normalized Income": -33955000.0,
        "Net Income From Continuing And Discontinued Operation": -33955000.0,
        "Total Expenses": 45839000.0,
        "Total Operating Income As Reported": -41917000.0,
        "Diluted Average Shares": 65246361.0,
        "Basic Average Shares": 65246361.0,
        "Diluted EPS": -0.52,
        "Basic EPS": -0.52,
        "Diluted NI Availto Com Stockholders": -33955000.0,
        "Net Income Common Stockholders": -33955000.0,
        "Net Income": -33955000.0,
        "Net Income Including Noncontrolling Interests": -33955000.0,
        "Net Income Continuous Operations": -33955000.0,
        "Pretax Income": -33955000.0,
        "Other Income Expense": NaN,
        "Gain On Sale Of Security": NaN,
        "Net Non Operating Interest Income Expense": 7962000.0,
        "Interest Income Non Operating": 7962000.0,
        "Operating Income": -41917000.0,
        "Operating Expense": 45839000.0,
        "Research And Development": 38770000.0,
        "Selling General And Administration": 7069000.0,
        "General And Administrative Expense": 7069000.0,
        "Other Gand A": 7069000.0,
        "Total Revenue": 3922000.0,
        "Operating Revenue": 3922000.0
    },
    "2024-03-31": {
        "Tax Effect Of Unusual Items": 0.0,
        "Tax Rate For Calcs": 0.0,
        "Normalized EBITDA": -48450000.0,
        "Total Unusual Items": -1485000.0,
        "Total Unusual Items Excluding Goodwill": -1485000.0,
        "Net Income From Continuing Operation Net Minority Interest": -41057000.0,
        "Reconciled Depreciation": 1082000.0,
        "EBITDA": -49935000.0,
        "EBIT": -51017000.0,
        "Net Interest Income": 11445000.0,
        "Interest Income": 11445000.0,
        "Normalized Income": -39572000.0,
        "Net Income From Continuing And Discontinued Operation": -41057000.0,
        "Total Expenses": 51017000.0,
        "Total Operating Income As Reported": -51017000.0,
        "Diluted Average Shares": 75108484.0,
        "Basic Average Shares": 75108484.0,
        "Diluted EPS": -0.53,
        "Basic EPS": -0.53,
        "Diluted NI Availto Com Stockholders": -41057000.0,
        "Net Income Common Stockholders": -41057000.0,
        "Net Income": -41057000.0,
        "Net Income Including Noncontrolling Interests": -41057000.0,
        "Net Income Continuous Operations": -41057000.0,
        "Pretax Income": -41057000.0,
        "Other Income Expense": -1485000.0,
        "Gain On Sale Of Security": -1485000.0,
        "Net Non Operating Interest Income Expense": 11445000.0,
        "Interest Income Non Operating": 11445000.0,
        "Operating Income": -51017000.0,
        "Operating Expense": 51017000.0,
        "Research And Development": 42805000.0,
        "Selling General And Administration": 8212000.0,
        "General And Administrative Expense": 8212000.0,
        "Other Gand A": 8212000.0,
        "Total Revenue": 0.0,
        "Operating Revenue": 0.0
    },
    "2024-06-30": {
        "Tax Effect Of Unusual Items": 0.0,
        "Tax Rate For Calcs": 0.0,
        "Normalized EBITDA": -63830000.0,
        "Total Unusual Items": NaN,
        "Total Unusual Items Excluding Goodwill": NaN,
        "Net Income From Continuing Operation Net Minority Interest": -52772000.0,
        "Reconciled Depreciation": 1097000.0,
        "EBITDA": -63830000.0,
        "EBIT": -64927000.0,
        "Net Interest Income": 12155000.0,
        "Interest Income": 12155000.0,
        "Normalized Income": -52772000.0,
        "Net Income From Continuing And Discontinued Operation": -52772000.0,
        "Total Expenses": 64927000.0,
        "Total Operating Income As Reported": -64927000.0,
        "Diluted Average Shares": 77962730.0,
        "Basic Average Shares": 77962730.0,
        "Diluted EPS": -0.68,
        "Basic EPS": -0.68,
        "Diluted NI Availto Com Stockholders": -52772000.0,
        "Net Income Common Stockholders": -52772000.0,
        "Net Income": -52772000.0,
        "Net Income Including Noncontrolling Interests": -52772000.0,
        "Net Income Continuous Operations": -52772000.0,
        "Pretax Income": -52772000.0,
        "Other Income Expense": NaN,
        "Gain On Sale Of Security": NaN,
        "Net Non Operating Interest Income Expense": 12155000.0,
        "Interest Income Non Operating": 12155000.0,
        "Operating Income": -64927000.0,
        "Operating Expense": 64927000.0,
        "Research And Development": 54533000.0,
        "Selling General And Administration": 10394000.0,
        "General And Administrative Expense": 10394000.0,
        "Other Gand A": 10394000.0,
        "Total Revenue": 0.0,
        "Operating Revenue": 0.0
    },
    "2024-09-30": {
        "Tax Effect Of Unusual Items": 0.0,
        "Tax Rate For Calcs": 0.0,
        "Normalized EBITDA": -65881000.0,
        "Total Unusual Items": NaN,
        "Total Unusual Items Excluding Goodwill": NaN,
        "Net Income From Continuing Operation Net Minority Interest": -51821000.0,
        "Reconciled Depreciation": 1012000.0,
        "EBITDA": -65881000.0,
        "EBIT": -66893000.0,
        "Net Interest Income": 15072000.0,
        "Interest Income": 15072000.0,
        "Normalized Income": -51821000.0,
        "Net Income From Continuing And Discontinued Operation": -51821000.0,
        "Total Expenses": 66893000.0,
        "Total Operating Income As Reported": -66893000.0,
        "Diluted Average Shares": 86188510.0,
        "Basic Average Shares": 86188510.0,
        "Diluted EPS": -0.6,
        "Basic EPS": -0.6,
        "Diluted NI Availto Com Stockholders": -51821000.0,
        "Net Income Common Stockholders": -51821000.0,
        "Net Income": -51821000.0,
        "Net Income Including Noncontrolling Interests": -51821000.0,
        "Net Income Continuous Operations": -51821000.0,
        "Pretax Income": -51821000.0,
        "Other Income Expense": NaN,
        "Gain On Sale Of Security": NaN,
        "Net Non Operating Interest Income Expense": 15072000.0,
        "Interest Income Non Operating": 15072000.0,
        "Operating Income": -66893000.0,
        "Operating Expense": 66893000.0,
        "Research And Development": 57152000.0,
        "Selling General And Administration": 9741000.0,
        "General And Administrative Expense": 9741000.0,
        "Other Gand A": 9741000.0,
        "Total Revenue": 0.0,
        "Operating Revenue": 0.0
    },
    "2024-12-31": {
        "Tax Effect Of Unusual Items": 0.0,
        "Tax Rate For Calcs": 0.0,
        "Normalized EBITDA": -143495000.0,
        "Total Unusual Items": NaN,
        "Total Unusual Items Excluding Goodwill": NaN,
        "Net Income From Continuing Operation Net Minority Interest": -130312000.0,
        "Reconciled Depreciation": 643000.0,
        "EBITDA": -143495000.0,
        "EBIT": -144138000.0,
        "Net Interest Income": 13826000.0,
        "Interest Income": 13826000.0,
        "Normalized Income": -130312000.0,
        "Net Income From Continuing And Discontinued Operation": -130312000.0,
        "Total Expenses": 151138000.0,
        "Total Operating Income As Reported": -144138000.0,
        "Diluted Average Shares": 87340758.0,
        "Basic Average Shares": 87340758.0,
        "Diluted EPS": -1.49,
        "Basic EPS": -1.49,
        "Diluted NI Availto Com Stockholders": -130312000.0,
        "Net Income Common Stockholders": -130312000.0,
        "Net Income": -130312000.0,
        "Net Income Including Noncontrolling Interests": -130312000.0,
        "Net Income Continuous Operations": -130312000.0,
        "Pretax Income": -130312000.0,
        "Other Income Expense": NaN,
        "Gain On Sale Of Security": NaN,
        "Net Non Operating Interest Income Expense": 13826000.0,
        "Interest Income Non Operating": 13826000.0,
        "Operating Income": -144138000.0,
        "Operating Expense": 151138000.0,
        "Research And Development": 140183000.0,
        "Selling General And Administration": 10955000.0,
        "General And Administrative Expense": 10955000.0,
        "Other Gand A": 10955000.0,
        "Total Revenue": 7000000.0,
        "Operating Revenue": 7000000.0
    },
    "2025-03-31": {
        "Tax Effect Of Unusual Items": 0.0,
        "Tax Rate For Calcs": 0.0,
        "Normalized EBITDA": -84029000.0,
        "Total Unusual Items": 773000.0,
        "Total Unusual Items Excluding Goodwill": 773000.0,
        "Net Income From Continuing Operation Net Minority Interest": -71405000.0,
        "Reconciled Depreciation": 1133000.0,
        "EBITDA": -83256000.0,
        "EBIT": -84389000.0,
        "Net Interest Income": 12211000.0,
        "Interest Income": 12211000.0,
        "Normalized Income": -72178000.0,
        "Net Income From Continuing And Discontinued Operation": -71405000.0,
        "Total Expenses": 84389000.0,
        "Total Operating Income As Reported": -84389000.0,
        "Diluted Average Shares": 88356335.0,
        "Basic Average Shares": 88356335.0,
        "Diluted EPS": -0.82,
        "Basic EPS": -0.82,
        "Diluted NI Availto Com Stockholders": -71405000.0,
        "Net Income Common Stockholders": -71405000.0,
        "Net Income": -71405000.0,
        "Net Income Including Noncontrolling Interests": -71405000.0,
        "Net Income Continuous Operations": -71405000.0,
        "Pretax Income": -71405000.0,
        "Other Income Expense": 773000.0,
        "Gain On Sale Of Security": 773000.0,
        "Net Non Operating Interest Income Expense": 12211000.0,
        "Interest Income Non Operating": 12211000.0,
        "Operating Income": -84389000.0,
        "Operating Expense": 84389000.0,
        "Research And Development": 70886000.0,
        "Selling General And Administration": 13503000.0,
        "General And Administrative Expense": 13503000.0,
        "Other Gand A": 13503000.0,
        "Total Revenue": 0.0,
        "Operating Revenue": 0.0
    }
}