{
    "2023-03-31": {
        "Tax Effect Of Unusual Items": NaN,
        "Tax Rate For Calcs": NaN,
        "Normalized EBITDA": NaN,
        "Total Unusual Items": NaN,
        "Total Unusual Items Excluding Goodwill": NaN,
        "Net Income From Continuing Operation Net Minority Interest": NaN,
        "Reconciled Depreciation": NaN,
        "Reconciled Cost Of Revenue": NaN,
        "EBITDA": NaN,
        "EBIT": NaN,
        "Net Interest Income": NaN,
        "Interest Expense": NaN,
        "Interest Income": NaN,
        "Normalized Income": NaN,
        "Net Income From Continuing And Discontinued Operation": NaN,
        "Total Expenses": NaN,
        "Total Operating Income As Reported": NaN,
        "Diluted Average Shares": 20388000.0,
        "Basic Average Shares": 20171000.0,
        "Diluted EPS": 0.92,
        "Basic EPS": 0.93,
        "Diluted NI Availto Com Stockholders": NaN,
        "Net Income Common Stockholders": NaN,
        "Otherunder Preferred Stock Dividend": NaN,
        "Net Income": NaN,
        "Minority Interests": NaN,
        "Net Income Including Noncontrolling Interests": NaN,
        "Net Income Continuous Operations": NaN,
        "Tax Provision": NaN,
        "Pretax Income": NaN,
        "Other Income Expense": NaN,
        "Other Non Operating Income Expenses": NaN,
        "Special Income Charges": NaN,
        "Gain On Sale Of Ppe": NaN,
        "Restructuring And Mergern Acquisition": NaN,
        "Net Non Operating Interest Income Expense": NaN,
        "Total Other Finance Cost": NaN,
        "Interest Expense Non Operating": NaN,
        "Interest Income Non Operating": NaN,
        "Operating Income": NaN,
        "Operating Expense": NaN,
        "Selling General And Administration": NaN,
        "Gross Profit": NaN,
        "Cost Of Revenue": NaN,
        "Total Revenue": NaN,
        "Operating Revenue": NaN
    },
    "2022-12-31": {
        "Tax Effect Of Unusual Items": NaN,
        "Tax Rate For Calcs": NaN,
        "Normalized EBITDA": NaN,
        "Total Unusual Items": NaN,
        "Total Unusual Items Excluding Goodwill": NaN,
        "Net Income From Continuing Operation Net Minority Interest": NaN,
        "Reconciled Depreciation": NaN,
        "Reconciled Cost Of Revenue": NaN,
        "EBITDA": NaN,
        "EBIT": NaN,
        "Net Interest Income": NaN,
        "Interest Expense": NaN,
        "Interest Income": 0.0,
        "Normalized Income": NaN,
        "Net Income From Continuing And Discontinued Operation": NaN,
        "Total Expenses": NaN,
        "Total Operating Income As Reported": NaN,
        "Diluted Average Shares": 20449035.0,
        "Basic Average Shares": 20242114.0,
        "Diluted EPS": 1.14,
        "Basic EPS": 1.15,
        "Diluted NI Availto Com Stockholders": NaN,
        "Net Income Common Stockholders": NaN,
        "Otherunder Preferred Stock Dividend": 3066000.0,
        "Net Income": NaN,
        "Minority Interests": NaN,
        "Net Income Including Noncontrolling Interests": NaN,
        "Net Income Continuous Operations": NaN,
        "Tax Provision": NaN,
        "Pretax Income": NaN,
        "Other Income Expense": NaN,
        "Other Non Operating Income Expenses": NaN,
        "Special Income Charges": NaN,
        "Gain On Sale Of Ppe": NaN,
        "Restructuring And Mergern Acquisition": NaN,
        "Net Non Operating Interest Income Expense": NaN,
        "Total Other Finance Cost": NaN,
        "Interest Expense Non Operating": NaN,
        "Interest Income Non Operating": 0.0,
        "Operating Income": NaN,
        "Operating Expense": NaN,
        "Selling General And Administration": NaN,
        "Gross Profit": NaN,
        "Cost Of Revenue": NaN,
        "Total Revenue": NaN,
        "Operating Revenue": NaN
    },
    "2022-09-30": {
        "Tax Effect Of Unusual Items": -26422.764228,
        "Tax Rate For Calcs": 0.264228,
        "Normalized EBITDA": 25900000.0,
        "Total Unusual Items": -100000.0,
        "Total Unusual Items Excluding Goodwill": -100000.0,
        "Net Income From Continuing Operation Net Minority Interest": 16200000.0,
        "Reconciled Depreciation": 6728000.0,
        "Reconciled Cost Of Revenue": 519500000.0,
        "EBITDA": 25800000.0,
        "EBIT": 25800000.0,
        "Net Interest Income": -1200000.0,
        "Interest Expense": 1200000.0,
        "Normalized Income": 16273577.235772,
        "Net Income From Continuing And Discontinued Operation": 16200000.0,
        "Total Expenses": 592300000.0,
        "Total Operating Income As Reported": 25000000.0,
        "Diluted Average Shares": 20707000.0,
        "Basic Average Shares": 20480000.0,
        "Diluted EPS": 0.72,
        "Basic EPS": 0.73,
        "Diluted NI Availto Com Stockholders": 16200000.0,
        "Net Income Common Stockholders": 16200000.0,
        "Otherunder Preferred Stock Dividend": NaN,
        "Net Income": 16200000.0,
        "Minority Interests": -1800000.0,
        "Net Income Including Noncontrolling Interests": 18100000.0,
        "Net Income Continuous Operations": 18100000.0,
        "Tax Provision": 6500000.0,
        "Pretax Income": 24600000.0,
        "Other Income Expense": 700000.0,
        "Other Non Operating Income Expenses": 800000.0,
        "Special Income Charges": -100000.0,
        "Gain On Sale Of Ppe": 0.0,
        "Restructuring And Mergern Acquisition": 100000.0,
        "Net Non Operating Interest Income Expense": -1200000.0,
        "Total Other Finance Cost": 63000.0,
        "Interest Expense Non Operating": 1200000.0,
        "Operating Income": 25100000.0,
        "Operating Expense": 72800000.0,
        "Selling General And Administration": 72800000.0,
        "Gross Profit": 97900000.0,
        "Cost Of Revenue": 519500000.0,
        "Total Revenue": 617400000.0,
        "Operating Revenue": 617400000.0
    },
    "2022-06-30": {
        "Tax Effect Of Unusual Items": -17954.000273,
        "Tax Rate For Calcs": 0.245945,
        "Normalized EBITDA": 21830000.0,
        "Total Unusual Items": -73000.0,
        "Total Unusual Items Excluding Goodwill": -73000.0,
        "Net Income From Continuing Operation Net Minority Interest": 9465000.0,
        "Reconciled Depreciation": 6370000.0,
        "Reconciled Cost Of Revenue": 484501000.0,
        "EBITDA": 21757000.0,
        "EBIT": 15387000.0,
        "Net Interest Income": -761000.0,
        "Interest Expense": 713000.0,
        "Normalized Income": 9520045.999727,
        "Net Income From Continuing And Discontinued Operation": 9465000.0,
        "Total Expenses": 551591000.0,
        "Total Operating Income As Reported": 15637000.0,
        "Diluted Average Shares": 20939437.0,
        "Basic Average Shares": 20718195.0,
        "Diluted EPS": 0.33,
        "Basic EPS": 0.33,
        "Diluted NI Availto Com Stockholders": 9465000.0,
        "Net Income Common Stockholders": 9465000.0,
        "Otherunder Preferred Stock Dividend": NaN,
        "Net Income": 9465000.0,
        "Minority Interests": -1600000.0,
        "Net Income Including Noncontrolling Interests": 11065000.0,
        "Net Income Continuous Operations": 11065000.0,
        "Tax Provision": 3609000.0,
        "Pretax Income": 14674000.0,
        "Other Income Expense": -275000.0,
        "Other Non Operating Income Expenses": -202000.0,
        "Special Income Charges": -73000.0,
        "Gain On Sale Of Ppe": -3000.0,
        "Restructuring And Mergern Acquisition": 70000.0,
        "Net Non Operating Interest Income Expense": -761000.0,
        "Total Other Finance Cost": 48000.0,
        "Interest Expense Non Operating": 713000.0,
        "Operating Income": 15710000.0,
        "Operating Expense": 67090000.0,
        "Selling General And Administration": 67090000.0,
        "Gross Profit": 82800000.0,
        "Cost Of Revenue": 484501000.0,
        "Total Revenue": 567301000.0,
        "Operating Revenue": 567301000.0
    },
    "2022-03-31": {
        "Diluted EPS": -0.3,
        "Total Revenue": 502,
        "Gross Profit": 59,
        "Operating Income": -5,
        "EBIT": 1,
        "Net Income": -5
    },
    "2021-12-31": {
        "Diluted EPS": 0.69,
        "Total Revenue": 481,
        "Gross Profit": 80,
        "Operating Income": 20,
        "EBIT": 27,
        "Net Income": 14
    },
    "2021-09-30": {
        "Diluted EPS": 1.07,
        "Total Revenue": 484,
        "Gross Profit": 92,
        "Operating Income": 30,
        "EBIT": 36,
        "Net Income": 22
    },
    "2021-06-30": {
        "Diluted EPS": 0.92,
        "Total Revenue": 406,
        "Gross Profit": 73,
        "Operating Income": 22,
        "EBIT": 29,
        "Net Income": 19
    },
    "2021-03-31": {
        "Diluted EPS": 0.58,
        "Total Revenue": 332,
        "Gross Profit": 65,
        "Operating Income": 17,
        "EBIT": 23,
        "Net Income": 12
    },
    "2020-12-31": {
        "Diluted EPS": 0.58,
        "Total Revenue": 315,
        "Gross Profit": 59,
        "Operating Income": 16,
        "EBIT": 20,
        "Net Income": 12
    },
    "2020-09-30": {
        "Diluted EPS": 0.68,
        "Total Revenue": 330,
        "Gross Profit": 68,
        "Operating Income": 14,
        "EBIT": 25,
        "Net Income": 14
    },
    "2020-06-30": {
        "Diluted EPS": 0.58,
        "Total Revenue": 293,
        "Gross Profit": 58,
        "Operating Income": 14,
        "EBIT": 17,
        "Net Income": 12
    },
    "2020-03-31": {
        "Diluted EPS": 0.29,
        "Total Revenue": 291,
        "Gross Profit": 51,
        "Operating Income": 9,
        "EBIT": 13,
        "Net Income": 6
    },
    "2019-12-31": {
        "Diluted EPS": 0.39,
        "Total Revenue": 276,
        "Gross Profit": 50,
        "Operating Income": 12,
        "EBIT": 15,
        "Net Income": 8
    },
    "2019-09-30": {
        "Diluted EPS": 0.45,
        "Total Revenue": 294,
        "Gross Profit": 51,
        "Operating Income": 14,
        "EBIT": 16,
        "Net Income": 10
    },
    "2019-06-30": {
        "Diluted EPS": 0.52,
        "Total Revenue": 283,
        "Gross Profit": 46,
        "Operating Income": 10,
        "EBIT": 13,
        "Net Income": 11
    },
    "2019-03-31": {
        "Diluted EPS": 0.26,
        "Total Revenue": 257,
        "Gross Profit": 43,
        "Operating Income": 8,
        "EBIT": 11,
        "Net Income": 5
    },
    "2018-12-31": {
        "Diluted EPS": 0.32,
        "Total Revenue": 244,
        "Gross Profit": 42,
        "Operating Income": 9,
        "EBIT": 12,
        "Net Income": 7
    },
    "2018-09-30": {
        "Diluted EPS": 0.21,
        "Total Revenue": 240,
        "Gross Profit": 41,
        "Operating Income": 9,
        "EBIT": 11,
        "Net Income": 5
    },
    "2018-06-30": {
        "Diluted EPS": 0.4,
        "Total Revenue": 233,
        "Gross Profit": 43,
        "Operating Income": 10,
        "EBIT": 13,
        "Net Income": 9
    },
    "2018-03-31": {
        "Diluted EPS": 0.11,
        "Total Revenue": 206,
        "Gross Profit": 34,
        "Operating Income": 4,
        "EBIT": 6,
        "Net Income": 2
    },
    "2017-12-31": {
        "Diluted EPS": -1.39,
        "Total Revenue": 198,
        "Gross Profit": 33,
        "Operating Income": 3,
        "EBIT": 5,
        "Net Income": -30
    },
    "2017-09-30": {
        "Diluted EPS": 0.15,
        "Total Revenue": 207,
        "Gross Profit": 38,
        "Operating Income": 7,
        "EBIT": 10,
        "Net Income": 3
    },
    "2017-06-30": {
        "Diluted EPS": 0.27,
        "Total Revenue": 208,
        "Gross Profit": 35,
        "Operating Income": 5,
        "EBIT": 7,
        "Net Income": 6
    },
    "2017-03-31": {
        "Diluted EPS": 0.02,
        "Total Revenue": 204,
        "Gross Profit": 32,
        "Operating Income": 2,
        "EBIT": 4,
        "Net Income": 1
    },
    "2016-12-31": {
        "Diluted EPS": 0.18,
        "Total Revenue": 192,
        "Gross Profit": 35,
        "Operating Income": 7,
        "EBIT": 9,
        "Net Income": 4
    },
    "2016-09-30": {
        "Diluted EPS": 4.75,
        "Total Revenue": 206,
        "Gross Profit": 38,
        "Operating Income": 9,
        "EBIT": 11,
        "Net Income": 101
    },
    "2016-06-30": {
        "Diluted EPS": 0.5,
        "Total Revenue": 180,
        "Gross Profit": 34,
        "Operating Income": 8,
        "EBIT": 10,
        "Net Income": 11
    },
    "2016-03-31": {
        "Diluted EPS": 0.1,
        "Total Revenue": 160,
        "Gross Profit": 28,
        "Operating Income": 3,
        "EBIT": 4,
        "Net Income": 2
    },
    "2015-12-31": {
        "Diluted EPS": 0.27,
        "Total Revenue": 151,
        "Gross Profit": 28,
        "Operating Income": 5,
        "EBIT": 6,
        "Net Income": 6
    },
    "2015-09-30": {
        "Diluted EPS": 0.35,
        "Total Revenue": 160,
        "Gross Profit": 30,
        "Operating Income": 8,
        "EBIT": 8,
        "Net Income": 7
    },
    "2015-06-30": {
        "Diluted EPS": 0.19,
        "Total Revenue": 144,
        "Gross Profit": 25,
        "Operating Income": 5,
        "EBIT": 5,
        "Net Income": 4
    },
    "2015-03-31": {
        "Diluted EPS": 0.08,
        "Total Revenue": 134,
        "Gross Profit": 22,
        "Operating Income": 2,
        "EBIT": 3,
        "Net Income": 2
    },
    "2014-12-31": {
        "Diluted EPS": 0.15,
        "Total Revenue": 136,
        "Gross Profit": 23,
        "Operating Income": 4,
        "EBIT": 5,
        "Net Income": 3
    },
    "2014-09-30": {
        "Diluted EPS": 0.12,
        "Total Revenue": 136,
        "Gross Profit": 22,
        "Operating Income": 3,
        "EBIT": 3,
        "Net Income": 2
    },
    "2014-06-30": {
        "Diluted EPS": 0.14,
        "Total Revenue": 136,
        "Gross Profit": 23,
        "Operating Income": 4,
        "EBIT": 4,
        "Net Income": 3
    },
    "2014-03-31": {
        "Diluted EPS": 0.02,
        "Total Revenue": 120,
        "Gross Profit": 20,
        "Operating Income": 1,
        "EBIT": 2,
        "Net Income": 0
    },
    "2013-12-31": {
        "Diluted EPS": 0.01,
        "Total Revenue": 120,
        "Gross Profit": 18,
        "Operating Income": 1,
        "EBIT": 1,
        "Net Income": 0
    },
    "2013-09-30": {
        "Diluted EPS": -0.12,
        "Total Revenue": 124,
        "Gross Profit": 17,
        "Operating Income": -1,
        "EBIT": 1,
        "Net Income": -2
    },
    "2013-06-30": {
        "Diluted EPS": -0.07,
        "Total Revenue": 122,
        "Gross Profit": 16,
        "Operating Income": -1,
        "EBIT": 1,
        "Net Income": -1
    },
    "2013-03-31": {
        "Diluted EPS": -0.07,
        "Total Revenue": 122,
        "Gross Profit": 16,
        "Operating Income": -1,
        "EBIT": -1,
        "Net Income": -1
    },
    "2012-12-31": {
        "Diluted EPS": 0.03,
        "Total Revenue": 127,
        "Gross Profit": 18,
        "Operating Income": 3,
        "EBIT": 4,
        "Net Income": 1
    },
    "2012-09-30": {
        "Diluted EPS": -0.07,
        "Total Revenue": 123,
        "Gross Profit": 17,
        "Operating Income": 0,
        "EBIT": 1,
        "Net Income": -1
    },
    "2012-06-30": {
        "Diluted EPS": -0.22,
        "Total Revenue": 116,
        "Gross Profit": 14,
        "Operating Income": -1,
        "EBIT": 0,
        "Net Income": -3
    },
    "2012-03-31": {
        "Diluted EPS": -0.23,
        "Total Revenue": 108,
        "Gross Profit": 14,
        "Operating Income": -1,
        "EBIT": 0,
        "Net Income": -3
    },
    "2011-12-31": {
        "Diluted EPS": -0.26,
        "Total Revenue": 109,
        "Gross Profit": 13,
        "Operating Income": 1,
        "EBIT": 1,
        "Net Income": -4
    },
    "2011-09-30": {
        "Diluted EPS": -0.83,
        "Total Revenue": 55,
        "Gross Profit": 19,
        "Operating Income": 7,
        "EBIT": 8,
        "Net Income": -12
    },
    "2011-06-30": {
        "Diluted EPS": -0.78,
        "Total Revenue": 123,
        "Gross Profit": 9,
        "Operating Income": -11,
        "EBIT": -9,
        "Net Income": -11
    },
    "2011-03-31": {
        "Diluted EPS": -0.7,
        "Total Revenue": 118,
        "Gross Profit": 5,
        "Operating Income": -9,
        "EBIT": -7,
        "Net Income": -10
    },
    "2010-12-31": {
        "Diluted EPS": -0.3,
        "Total Revenue": 110,
        "Gross Profit": 11,
        "Operating Income": -4,
        "EBIT": -2,
        "Net Income": -4
    },
    "2010-09-30": {
        "Diluted EPS": -0.73,
        "Total Revenue": 33,
        "Gross Profit": 7,
        "Operating Income": -1,
        "EBIT": 0,
        "Net Income": -11
    },
    "2010-06-30": {
        "Diluted EPS": -0.45,
        "Total Revenue": 121,
        "Gross Profit": 15,
        "Operating Income": -6,
        "EBIT": -5,
        "Net Income": -7
    },
    "2010-03-31": {
        "Diluted EPS": -0.92,
        "Total Revenue": 108,
        "Gross Profit": 14,
        "Operating Income": -12,
        "EBIT": -11,
        "Net Income": -13
    },
    "2009-12-31": {
        "Diluted EPS": -0.06,
        "Total Revenue": 120,
        "Gross Profit": 20,
        "Operating Income": 0,
        "EBIT": 1,
        "Net Income": -1
    },
    "2009-09-30": {
        "Diluted EPS": -0.84,
        "Total Revenue": 154,
        "Gross Profit": 20,
        "Operating Income": -9,
        "EBIT": -7,
        "Net Income": -12
    },
    "2009-06-30": {
        "Diluted EPS": 0.09,
        "Total Revenue": 172,
        "Gross Profit": 32,
        "Operating Income": 4,
        "EBIT": 7,
        "Net Income": 1
    },
    "2009-03-31": {
        "Diluted EPS": -0.01,
        "Total Revenue": 167,
        "Gross Profit": 30,
        "Operating Income": 0,
        "EBIT": 3,
        "Net Income": 0
    },
    "2023-06-30": {
        "Tax Effect Of Unusual Items": NaN,
        "Tax Rate For Calcs": NaN,
        "Normalized EBITDA": NaN,
        "Total Unusual Items": NaN,
        "Total Unusual Items Excluding Goodwill": NaN,
        "Net Income From Continuing Operation Net Minority Interest": NaN,
        "Reconciled Depreciation": NaN,
        "Reconciled Cost Of Revenue": NaN,
        "EBITDA": NaN,
        "EBIT": NaN,
        "Net Interest Income": NaN,
        "Interest Expense": NaN,
        "Interest Income": NaN,
        "Normalized Income": NaN,
        "Net Income From Continuing And Discontinued Operation": NaN,
        "Total Expenses": NaN,
        "Total Operating Income As Reported": NaN,
        "Diluted Average Shares": 20405702.0,
        "Basic Average Shares": 20181793.0,
        "Diluted EPS": 0.81,
        "Basic EPS": 0.82,
        "Diluted NI Availto Com Stockholders": NaN,
        "Net Income Common Stockholders": NaN,
        "Otherunder Preferred Stock Dividend": NaN,
        "Net Income": NaN,
        "Minority Interests": NaN,
        "Net Income Including Noncontrolling Interests": NaN,
        "Net Income Continuous Operations": NaN,
        "Tax Provision": NaN,
        "Pretax Income": NaN,
        "Other Income Expense": NaN,
        "Other Non Operating Income Expenses": NaN,
        "Special Income Charges": NaN,
        "Gain On Sale Of Ppe": NaN,
        "Restructuring And Mergern Acquisition": NaN,
        "Net Non Operating Interest Income Expense": NaN,
        "Total Other Finance Cost": NaN,
        "Interest Expense Non Operating": NaN,
        "Interest Income Non Operating": NaN,
        "Operating Income": NaN,
        "Operating Expense": NaN,
        "Selling General And Administration": NaN,
        "Gross Profit": NaN,
        "Cost Of Revenue": NaN,
        "Total Revenue": NaN,
        "Operating Revenue": NaN
    },
    "2023-09-30": {
        "Tax Effect Of Unusual Items": -39719.354839,
        "Tax Rate For Calcs": 0.230926,
        "Normalized EBITDA": 63098000.0,
        "Total Unusual Items": -172000.0,
        "Total Unusual Items Excluding Goodwill": -172000.0,
        "Net Income From Continuing Operation Net Minority Interest": 37789000.0,
        "Reconciled Depreciation": 9277000.0,
        "Reconciled Cost Of Revenue": 508455000.0,
        "EBITDA": 62926000.0,
        "EBIT": 53649000.0,
        "Net Interest Income": -398000.0,
        "Interest Expense": 329000.0,
        "Interest Income": NaN,
        "Normalized Income": 37921280.645161,
        "Net Income From Continuing And Discontinued Operation": 37789000.0,
        "Total Expenses": 595663000.0,
        "Total Operating Income As Reported": 53186000.0,
        "Diluted Average Shares": NaN,
        "Basic Average Shares": NaN,
        "Diluted EPS": NaN,
        "Basic EPS": NaN,
        "Diluted NI Availto Com Stockholders": 22077000.0,
        "Net Income Common Stockholders": 22077000.0,
        "Otherunder Preferred Stock Dividend": NaN,
        "Net Income": 37789000.0,
        "Minority Interests": -3218000.0,
        "Net Income Including Noncontrolling Interests": 41007000.0,
        "Net Income Continuous Operations": 41007000.0,
        "Tax Provision": 12313000.0,
        "Pretax Income": 53320000.0,
        "Other Income Expense": 360000.0,
        "Other Non Operating Income Expenses": 532000.0,
        "Special Income Charges": -172000.0,
        "Gain On Sale Of Ppe": -103000.0,
        "Restructuring And Mergern Acquisition": 69000.0,
        "Net Non Operating Interest Income Expense": -398000.0,
        "Total Other Finance Cost": 69000.0,
        "Interest Expense Non Operating": 329000.0,
        "Interest Income Non Operating": NaN,
        "Operating Income": 53358000.0,
        "Operating Expense": 87208000.0,
        "Selling General And Administration": 87208000.0,
        "Gross Profit": 140566000.0,
        "Cost Of Revenue": 508455000.0,
        "Total Revenue": 649021000.0,
        "Operating Revenue": 649021000.0
    },
    "2023-12-31": {
        "Tax Effect Of Unusual Items": NaN,
        "Tax Rate For Calcs": NaN,
        "Normalized EBITDA": NaN,
        "Total Unusual Items": NaN,
        "Total Unusual Items Excluding Goodwill": NaN,
        "Net Income From Continuing Operation Net Minority Interest": NaN,
        "Reconciled Depreciation": NaN,
        "Reconciled Cost Of Revenue": NaN,
        "EBITDA": NaN,
        "EBIT": NaN,
        "Net Interest Income": NaN,
        "Interest Expense": NaN,
        "Interest Income": NaN,
        "Normalized Income": NaN,
        "Net Income From Continuing And Discontinued Operation": NaN,
        "Total Expenses": NaN,
        "Total Operating Income As Reported": NaN,
        "Diluted Average Shares": 20435148.0,
        "Basic Average Shares": 20199587.0,
        "Diluted EPS": 1.87,
        "Basic EPS": 1.89,
        "Diluted NI Availto Com Stockholders": NaN,
        "Net Income Common Stockholders": NaN,
        "Otherunder Preferred Stock Dividend": NaN,
        "Net Income": NaN,
        "Minority Interests": NaN,
        "Net Income Including Noncontrolling Interests": NaN,
        "Net Income Continuous Operations": NaN,
        "Tax Provision": NaN,
        "Pretax Income": NaN,
        "Other Income Expense": NaN,
        "Other Non Operating Income Expenses": NaN,
        "Special Income Charges": NaN,
        "Gain On Sale Of Ppe": NaN,
        "Restructuring And Mergern Acquisition": NaN,
        "Net Non Operating Interest Income Expense": NaN,
        "Total Other Finance Cost": NaN,
        "Interest Expense Non Operating": NaN,
        "Interest Income Non Operating": NaN,
        "Operating Income": NaN,
        "Operating Expense": NaN,
        "Selling General And Administration": NaN,
        "Gross Profit": NaN,
        "Cost Of Revenue": NaN,
        "Total Revenue": NaN,
        "Operating Revenue": NaN
    },
    "2024-03-31": {
        "Tax Effect Of Unusual Items": NaN,
        "Tax Rate For Calcs": NaN,
        "Normalized EBITDA": NaN,
        "Total Unusual Items": NaN,
        "Total Unusual Items Excluding Goodwill": NaN,
        "Net Income From Continuing Operation Net Minority Interest": NaN,
        "Reconciled Depreciation": NaN,
        "Reconciled Cost Of Revenue": NaN,
        "EBITDA": NaN,
        "EBIT": NaN,
        "Net Interest Income": NaN,
        "Interest Expense": NaN,
        "Interest Income": NaN,
        "Normalized Income": NaN,
        "Net Income From Continuing And Discontinued Operation": NaN,
        "Total Expenses": NaN,
        "Total Operating Income As Reported": NaN,
        "Diluted Average Shares": 20480000.0,
        "Basic Average Shares": 20227000.0,
        "Diluted EPS": 2.29,
        "Basic EPS": 2.32,
        "Diluted NI Availto Com Stockholders": NaN,
        "Net Income Common Stockholders": NaN,
        "Otherunder Preferred Stock Dividend": NaN,
        "Net Income": NaN,
        "Minority Interests": NaN,
        "Net Income Including Noncontrolling Interests": NaN,
        "Net Income Continuous Operations": NaN,
        "Tax Provision": NaN,
        "Pretax Income": NaN,
        "Other Income Expense": NaN,
        "Other Non Operating Income Expenses": NaN,
        "Special Income Charges": NaN,
        "Gain On Sale Of Ppe": NaN,
        "Restructuring And Mergern Acquisition": NaN,
        "Net Non Operating Interest Income Expense": NaN,
        "Total Other Finance Cost": NaN,
        "Interest Expense Non Operating": NaN,
        "Interest Income Non Operating": NaN,
        "Operating Income": NaN,
        "Operating Expense": NaN,
        "Selling General And Administration": NaN,
        "Gross Profit": NaN,
        "Cost Of Revenue": NaN,
        "Total Revenue": NaN,
        "Operating Revenue": NaN
    },
    "2024-06-30": {
        "Tax Effect Of Unusual Items": 22518.613176,
        "Tax Rate For Calcs": 0.253018,
        "Normalized EBITDA": 100058000.0,
        "Total Unusual Items": 89000.0,
        "Total Unusual Items Excluding Goodwill": 89000.0,
        "Net Income From Continuing Operation Net Minority Interest": 62100000.0,
        "Reconciled Depreciation": 10613000.0,
        "Reconciled Cost Of Revenue": 573634000.0,
        "EBITDA": 100147000.0,
        "EBIT": 89534000.0,
        "Net Interest Income": 649000.0,
        "Interest Expense": 323000.0,
        "Interest Income": 1044000.0,
        "Normalized Income": 62033518.613176,
        "Net Income From Continuing And Discontinued Operation": 62100000.0,
        "Total Expenses": 678328000.0,
        "Total Operating Income As Reported": 90176000.0,
        "Diluted Average Shares": 20496870.0,
        "Basic Average Shares": 20224102.0,
        "Diluted EPS": 2.67,
        "Basic EPS": 2.71,
        "Diluted NI Availto Com Stockholders": 54767000.0,
        "Net Income Common Stockholders": 54767000.0,
        "Otherunder Preferred Stock Dividend": 7333000.0,
        "Net Income": 62100000.0,
        "Minority Interests": -4539000.0,
        "Net Income Including Noncontrolling Interests": 66639000.0,
        "Net Income Continuous Operations": 66639000.0,
        "Tax Provision": 22572000.0,
        "Pretax Income": 89211000.0,
        "Other Income Expense": -1525000.0,
        "Other Non Operating Income Expenses": -1614000.0,
        "Special Income Charges": 89000.0,
        "Gain On Sale Of Ppe": 132000.0,
        "Restructuring And Mergern Acquisition": 43000.0,
        "Net Non Operating Interest Income Expense": 649000.0,
        "Total Other Finance Cost": 72000.0,
        "Interest Expense Non Operating": 323000.0,
        "Interest Income Non Operating": 1044000.0,
        "Operating Income": 90087000.0,
        "Operating Expense": 104694000.0,
        "Selling General And Administration": 104694000.0,
        "Gross Profit": 194781000.0,
        "Cost Of Revenue": 573634000.0,
        "Total Revenue": 768415000.0,
        "Operating Revenue": 768415000.0
    },
    "2024-09-30": {
        "Tax Effect Of Unusual Items": NaN,
        "Tax Rate For Calcs": NaN,
        "Normalized EBITDA": NaN,
        "Total Unusual Items": NaN,
        "Total Unusual Items Excluding Goodwill": NaN,
        "Net Income From Continuing Operation Net Minority Interest": NaN,
        "Reconciled Depreciation": NaN,
        "Reconciled Cost Of Revenue": NaN,
        "EBITDA": NaN,
        "EBIT": NaN,
        "Net Interest Income": NaN,
        "Interest Expense": NaN,
        "Interest Income": NaN,
        "Normalized Income": NaN,
        "Net Income From Continuing And Discontinued Operation": NaN,
        "Total Expenses": NaN,
        "Total Operating Income As Reported": NaN,
        "Diluted Average Shares": 20257000.0,
        "Basic Average Shares": 19991000.0,
        "Diluted EPS": 3.06,
        "Basic EPS": 3.1,
        "Diluted NI Availto Com Stockholders": NaN,
        "Net Income Common Stockholders": NaN,
        "Otherunder Preferred Stock Dividend": NaN,
        "Net Income": NaN,
        "Minority Interests": NaN,
        "Net Income Including Noncontrolling Interests": NaN,
        "Net Income Continuous Operations": NaN,
        "Earnings From Equity Interest Net Of Tax": NaN,
        "Tax Provision": NaN,
        "Pretax Income": NaN,
        "Other Income Expense": NaN,
        "Other Non Operating Income Expenses": NaN,
        "Special Income Charges": NaN,
        "Gain On Sale Of Ppe": NaN,
        "Restructuring And Mergern Acquisition": NaN,
        "Gain On Sale Of Security": NaN,
        "Net Non Operating Interest Income Expense": NaN,
        "Total Other Finance Cost": NaN,
        "Interest Expense Non Operating": NaN,
        "Interest Income Non Operating": NaN,
        "Operating Income": NaN,
        "Operating Expense": NaN,
        "Selling General And Administration": NaN,
        "Gross Profit": NaN,
        "Cost Of Revenue": NaN,
        "Total Revenue": NaN,
        "Operating Revenue": NaN
    },
    "2024-12-31": {
        "Tax Effect Of Unusual Items": 520519.27534,
        "Tax Rate For Calcs": 0.257301,
        "Normalized EBITDA": 87171000.0,
        "Total Unusual Items": 2023000.0,
        "Total Unusual Items Excluding Goodwill": 2023000.0,
        "Net Income From Continuing Operation Net Minority Interest": 56303000.0,
        "Reconciled Depreciation": 11087000.0,
        "Reconciled Cost Of Revenue": 571520000.0,
        "EBITDA": 89194000.0,
        "EBIT": 78107000.0,
        "Net Interest Income": 445000.0,
        "Interest Expense": 443000.0,
        "Interest Income": 963000.0,
        "Normalized Income": 54800519.27534,
        "Net Income From Continuing And Discontinued Operation": 56303000.0,
        "Total Expenses": 674559000.0,
        "Total Operating Income As Reported": 74619000.0,
        "Diluted Average Shares": 20245842.0,
        "Basic Average Shares": 19989951.0,
        "Diluted EPS": 2.72,
        "Basic EPS": 2.76,
        "Diluted NI Availto Com Stockholders": 55159000.0,
        "Net Income Common Stockholders": 55159000.0,
        "Otherunder Preferred Stock Dividend": 1144000.0,
        "Net Income": 56303000.0,
        "Minority Interests": -1378000.0,
        "Net Income Including Noncontrolling Interests": 57681000.0,
        "Net Income Continuous Operations": 57681000.0,
        "Earnings From Equity Interest Net Of Tax": 0.0,
        "Tax Provision": 19983000.0,
        "Pretax Income": 77664000.0,
        "Other Income Expense": 2231000.0,
        "Other Non Operating Income Expenses": 208000.0,
        "Special Income Charges": -369000.0,
        "Gain On Sale Of Ppe": -30000.0,
        "Restructuring And Mergern Acquisition": 339000.0,
        "Gain On Sale Of Security": 2392000.0,
        "Net Non Operating Interest Income Expense": 445000.0,
        "Total Other Finance Cost": 75000.0,
        "Interest Expense Non Operating": 443000.0,
        "Interest Income Non Operating": 963000.0,
        "Operating Income": 74988000.0,
        "Operating Expense": 103039000.0,
        "Selling General And Administration": 103039000.0,
        "Gross Profit": 178027000.0,
        "Cost Of Revenue": 571520000.0,
        "Total Revenue": 749547000.0,
        "Operating Revenue": 749547000.0
    },
    "2025-03-31": {
        "Tax Effect Of Unusual Items": -34369.996555,
        "Tax Rate For Calcs": 0.264385,
        "Normalized EBITDA": 110924000.0,
        "Total Unusual Items": -130000.0,
        "Total Unusual Items Excluding Goodwill": -130000.0,
        "Net Income From Continuing Operation Net Minority Interest": 70652000.0,
        "Reconciled Depreciation": 11948000.0,
        "Reconciled Cost Of Revenue": 625091000.0,
        "EBITDA": 110794000.0,
        "EBIT": 98846000.0,
        "Net Interest Income": 391000.0,
        "Interest Expense": 164000.0,
        "Interest Income": 657000.0,
        "Normalized Income": 70747630.003445,
        "Net Income From Continuing And Discontinued Operation": 70652000.0,
        "Total Expenses": 741135000.0,
        "Total Operating Income As Reported": 92695000.0,
        "Diluted Average Shares": 20213442.0,
        "Basic Average Shares": 19969618.0,
        "Diluted EPS": 3.5,
        "Basic EPS": 3.54,
        "Diluted NI Availto Com Stockholders": 70738000.0,
        "Net Income Common Stockholders": 70738000.0,
        "Otherunder Preferred Stock Dividend": -86000.0,
        "Net Income": 70652000.0,
        "Minority Interests": -1940000.0,
        "Net Income Including Noncontrolling Interests": 72592000.0,
        "Net Income Continuous Operations": 72592000.0,
        "Earnings From Equity Interest Net Of Tax": NaN,
        "Tax Provision": 26090000.0,
        "Pretax Income": 98682000.0,
        "Other Income Expense": 5466000.0,
        "Other Non Operating Income Expenses": 5596000.0,
        "Special Income Charges": -130000.0,
        "Gain On Sale Of Ppe": 209000.0,
        "Restructuring And Mergern Acquisition": 339000.0,
        "Gain On Sale Of Security": NaN,
        "Net Non Operating Interest Income Expense": 391000.0,
        "Total Other Finance Cost": 102000.0,
        "Interest Expense Non Operating": 164000.0,
        "Interest Income Non Operating": 657000.0,
        "Operating Income": 92825000.0,
        "Operating Expense": 116044000.0,
        "Selling General And Administration": 116044000.0,
        "Gross Profit": 208869000.0,
        "Cost Of Revenue": 625091000.0,
        "Total Revenue": 833960000.0,
        "Operating Revenue": 833960000.0
    },
    "2025-06-30": {
        "Tax Effect Of Unusual Items": -97806.033968,
        "Tax Rate For Calcs": 0.270931,
        "Normalized EBITDA": 121164000.0,
        "Total Unusual Items": -361000.0,
        "Total Unusual Items Excluding Goodwill": -361000.0,
        "Net Income From Continuing Operation Net Minority Interest": 77230000.0,
        "Reconciled Depreciation": 11664000.0,
        "Reconciled Cost Of Revenue": 650561000.0,
        "EBITDA": 120803000.0,
        "EBIT": 109139000.0,
        "Net Interest Income": -99000.0,
        "Interest Expense": 388000.0,
        "Interest Income": 435000.0,
        "Normalized Income": 77493193.966032,
        "Net Income From Continuing And Discontinued Operation": 77230000.0,
        "Total Expenses": 777895000.0,
        "Total Operating Income As Reported": 111902000.0,
        "Diluted Average Shares": 20104257.0,
        "Basic Average Shares": 19856289.0,
        "Diluted EPS": 3.81,
        "Basic EPS": 3.86,
        "Diluted NI Availto Com Stockholders": 76670000.0,
        "Net Income Common Stockholders": 76670000.0,
        "Otherunder Preferred Stock Dividend": 560000.0,
        "Net Income": 77230000.0,
        "Minority Interests": -2057000.0,
        "Net Income Including Noncontrolling Interests": 79287000.0,
        "Net Income Continuous Operations": 79287000.0,
        "Earnings From Equity Interest Net Of Tax": NaN,
        "Tax Provision": 29464000.0,
        "Pretax Income": 108751000.0,
        "Other Income Expense": -3413000.0,
        "Other Non Operating Income Expenses": -3052000.0,
        "Special Income Charges": -361000.0,
        "Gain On Sale Of Ppe": -23000.0,
        "Restructuring And Mergern Acquisition": 338000.0,
        "Gain On Sale Of Security": NaN,
        "Net Non Operating Interest Income Expense": -99000.0,
        "Total Other Finance Cost": 146000.0,
        "Interest Expense Non Operating": 388000.0,
        "Interest Income Non Operating": 435000.0,
        "Operating Income": 112263000.0,
        "Operating Expense": 127334000.0,
        "Selling General And Administration": 127334000.0,
        "Gross Profit": 239597000.0,
        "Cost Of Revenue": 650561000.0,
        "Total Revenue": 890158000.0,
        "Operating Revenue": 890158000.0
    },
    "2025-09-30": {
        "Tax Effect Of Unusual Items": -25414.935471,
        "Tax Rate For Calcs": 0.1955,
        "Normalized EBITDA": 121504000.0,
        "Total Unusual Items": -130000.0,
        "Total Unusual Items Excluding Goodwill": -130000.0,
        "Net Income From Continuing Operation Net Minority Interest": 101790000.0,
        "Reconciled Depreciation": 12242000.0,
        "Reconciled Cost Of Revenue": 664799000.0,
        "EBITDA": 121374000.0,
        "EBIT": 109132000.0,
        "Net Interest Income": 374000.0,
        "Interest Expense": 344000.0,
        "Interest Income": 870000.0,
        "Normalized Income": 101894585.064529,
        "Net Income From Continuing And Discontinued Operation": 101790000.0,
        "Total Expenses": 793360000.0,
        "Total Operating Income As Reported": 104313000.0,
        "Diluted Average Shares": 20154000.0,
        "Basic Average Shares": 19854000.0,
        "Diluted EPS": 4.99,
        "Basic EPS": 5.06,
        "Diluted NI Availto Com Stockholders": 100491000.0,
        "Net Income Common Stockholders": 100491000.0,
        "Otherunder Preferred Stock Dividend": 1299000.0,
        "Net Income": 101790000.0,
        "Minority Interests": -492000.0,
        "Net Income Including Noncontrolling Interests": 102282000.0,
        "Net Income Continuous Operations": 102282000.0,
        "Earnings From Equity Interest Net Of Tax": NaN,
        "Tax Provision": 21268000.0,
        "Pretax Income": 108788000.0,
        "Other Income Expense": 3971000.0,
        "Other Non Operating Income Expenses": 4101000.0,
        "Special Income Charges": -130000.0,
        "Gain On Sale Of Ppe": -1000.0,
        "Restructuring And Mergern Acquisition": 129000.0,
        "Gain On Sale Of Security": NaN,
        "Net Non Operating Interest Income Expense": 374000.0,
        "Total Other Finance Cost": 152000.0,
        "Interest Expense Non Operating": 344000.0,
        "Interest Income Non Operating": 870000.0,
        "Operating Income": 104443000.0,
        "Operating Expense": 128561000.0,
        "Selling General And Administration": 128561000.0,
        "Gross Profit": 233004000.0,
        "Cost Of Revenue": 664799000.0,
        "Total Revenue": 897803000.0,
        "Operating Revenue": 897803000.0
    },
    "2025-12-31": {
        "Tax Effect Of Unusual Items": 4014881.912582,
        "Tax Rate For Calcs": 0.244989,
        "Normalized EBITDA": 112547000.0,
        "Total Unusual Items": 16388000.0,
        "Total Unusual Items Excluding Goodwill": 16388000.0,
        "Net Income From Continuing Operation Net Minority Interest": 91439000.0,
        "Reconciled Depreciation": 12674000.0,
        "Reconciled Cost Of Revenue": 650943000.0,
        "EBITDA": 128935000.0,
        "EBIT": 116261000.0,
        "Net Interest Income": 378000.0,
        "Interest Expense": 313000.0,
        "Interest Income": 844000.0,
        "Normalized Income": 79065881.912582,
        "Net Income From Continuing And Discontinued Operation": 91439000.0,
        "Total Expenses": 772758000.0,
        "Total Operating Income As Reported": 97733000.0,
        "Diluted Average Shares": 20173340.0,
        "Basic Average Shares": 19887058.0,
        "Diluted EPS": 4.51,
        "Basic EPS": 4.58,
        "Diluted NI Availto Com Stockholders": 91026000.0,
        "Net Income Common Stockholders": 91026000.0,
        "Otherunder Preferred Stock Dividend": 413000.0,
        "Net Income": 91439000.0,
        "Minority Interests": -329000.0,
        "Net Income Including Noncontrolling Interests": 91768000.0,
        "Net Income Continuous Operations": 91768000.0,
        "Earnings From Equity Interest Net Of Tax": 4226000.0,
        "Tax Provision": 28406000.0,
        "Pretax Income": 115948000.0,
        "Other Income Expense": 17370000.0,
        "Other Non Operating Income Expenses": 982000.0,
        "Special Income Charges": -467000.0,
        "Gain On Sale Of Ppe": -338000.0,
        "Restructuring And Mergern Acquisition": 129000.0,
        "Gain On Sale Of Security": 16855000.0,
        "Net Non Operating Interest Income Expense": 378000.0,
        "Total Other Finance Cost": 153000.0,
        "Interest Expense Non Operating": 313000.0,
        "Interest Income Non Operating": 844000.0,
        "Operating Income": 98200000.0,
        "Operating Expense": 121815000.0,
        "Selling General And Administration": 121815000.0,
        "Gross Profit": 220015000.0,
        "Cost Of Revenue": 650943000.0,
        "Total Revenue": 870958000.0,
        "Operating Revenue": 870958000.0
    }
}