{
    "2023-06-30": {
        "Tax Effect Of Unusual Items": NaN,
        "Tax Rate For Calcs": NaN,
        "Normalized EBITDA": NaN,
        "Total Unusual Items": NaN,
        "Total Unusual Items Excluding Goodwill": NaN,
        "Net Income From Continuing Operation Net Minority Interest": NaN,
        "Reconciled Depreciation": NaN,
        "Reconciled Cost Of Revenue": NaN,
        "EBITDA": NaN,
        "EBIT": NaN,
        "Net Interest Income": NaN,
        "Interest Expense": NaN,
        "Normalized Income": NaN,
        "Net Income From Continuing And Discontinued Operation": NaN,
        "Total Expenses": NaN,
        "Total Operating Income As Reported": NaN,
        "Diluted Average Shares": NaN,
        "Basic Average Shares": NaN,
        "Diluted EPS": NaN,
        "Basic EPS": NaN,
        "Diluted NI Availto Com Stockholders": NaN,
        "Net Income Common Stockholders": NaN,
        "Net Income": NaN,
        "Minority Interests": NaN,
        "Net Income Including Noncontrolling Interests": NaN,
        "Net Income Continuous Operations": NaN,
        "Tax Provision": NaN,
        "Pretax Income": NaN,
        "Other Income Expense": NaN,
        "Other Non Operating Income Expenses": -8300000.0,
        "Special Income Charges": NaN,
        "Gain On Sale Of Business": NaN,
        "Impairment Of Capital Assets": NaN,
        "Restructuring And Mergern Acquisition": NaN,
        "Net Non Operating Interest Income Expense": NaN,
        "Interest Expense Non Operating": NaN,
        "Operating Income": NaN,
        "Operating Expense": NaN,
        "Selling General And Administration": NaN,
        "Gross Profit": NaN,
        "Cost Of Revenue": NaN,
        "Total Revenue": NaN,
        "Operating Revenue": NaN
    },
    "2023-03-31": {
        "Tax Effect Of Unusual Items": NaN,
        "Tax Rate For Calcs": NaN,
        "Normalized EBITDA": NaN,
        "Total Unusual Items": NaN,
        "Total Unusual Items Excluding Goodwill": NaN,
        "Net Income From Continuing Operation Net Minority Interest": NaN,
        "Reconciled Depreciation": NaN,
        "Reconciled Cost Of Revenue": NaN,
        "EBITDA": NaN,
        "EBIT": NaN,
        "Net Interest Income": NaN,
        "Interest Expense": NaN,
        "Normalized Income": NaN,
        "Net Income From Continuing And Discontinued Operation": NaN,
        "Total Expenses": NaN,
        "Total Operating Income As Reported": NaN,
        "Diluted Average Shares": NaN,
        "Basic Average Shares": NaN,
        "Diluted EPS": NaN,
        "Basic EPS": NaN,
        "Diluted NI Availto Com Stockholders": NaN,
        "Net Income Common Stockholders": NaN,
        "Net Income": NaN,
        "Minority Interests": NaN,
        "Net Income Including Noncontrolling Interests": NaN,
        "Net Income Continuous Operations": NaN,
        "Tax Provision": NaN,
        "Pretax Income": NaN,
        "Other Income Expense": NaN,
        "Other Non Operating Income Expenses": NaN,
        "Special Income Charges": NaN,
        "Gain On Sale Of Business": NaN,
        "Impairment Of Capital Assets": 0.0,
        "Restructuring And Mergern Acquisition": NaN,
        "Net Non Operating Interest Income Expense": NaN,
        "Interest Expense Non Operating": NaN,
        "Operating Income": NaN,
        "Operating Expense": NaN,
        "Selling General And Administration": NaN,
        "Gross Profit": NaN,
        "Cost Of Revenue": NaN,
        "Total Revenue": NaN,
        "Operating Revenue": NaN
    },
    "2022-12-31": {
        "Tax Effect Of Unusual Items": NaN,
        "Tax Rate For Calcs": NaN,
        "Normalized EBITDA": NaN,
        "Total Unusual Items": NaN,
        "Total Unusual Items Excluding Goodwill": NaN,
        "Net Income From Continuing Operation Net Minority Interest": NaN,
        "Reconciled Depreciation": NaN,
        "Reconciled Cost Of Revenue": NaN,
        "EBITDA": NaN,
        "EBIT": NaN,
        "Net Interest Income": NaN,
        "Interest Expense": NaN,
        "Normalized Income": NaN,
        "Net Income From Continuing And Discontinued Operation": NaN,
        "Total Expenses": NaN,
        "Total Operating Income As Reported": NaN,
        "Diluted Average Shares": NaN,
        "Basic Average Shares": NaN,
        "Diluted EPS": NaN,
        "Basic EPS": NaN,
        "Diluted NI Availto Com Stockholders": NaN,
        "Net Income Common Stockholders": NaN,
        "Net Income": NaN,
        "Minority Interests": NaN,
        "Net Income Including Noncontrolling Interests": NaN,
        "Net Income Continuous Operations": NaN,
        "Tax Provision": NaN,
        "Pretax Income": NaN,
        "Other Income Expense": NaN,
        "Other Non Operating Income Expenses": NaN,
        "Special Income Charges": NaN,
        "Gain On Sale Of Business": 0.0,
        "Impairment Of Capital Assets": NaN,
        "Restructuring And Mergern Acquisition": NaN,
        "Net Non Operating Interest Income Expense": NaN,
        "Interest Expense Non Operating": NaN,
        "Operating Income": NaN,
        "Operating Expense": NaN,
        "Selling General And Administration": NaN,
        "Gross Profit": NaN,
        "Cost Of Revenue": NaN,
        "Total Revenue": NaN,
        "Operating Revenue": NaN
    },
    "2022-09-30": {
        "Tax Effect Of Unusual Items": NaN,
        "Tax Rate For Calcs": NaN,
        "Normalized EBITDA": NaN,
        "Total Unusual Items": NaN,
        "Total Unusual Items Excluding Goodwill": NaN,
        "Net Income From Continuing Operation Net Minority Interest": NaN,
        "Reconciled Depreciation": NaN,
        "Reconciled Cost Of Revenue": NaN,
        "EBITDA": NaN,
        "EBIT": NaN,
        "Net Interest Income": NaN,
        "Interest Expense": NaN,
        "Normalized Income": NaN,
        "Net Income From Continuing And Discontinued Operation": NaN,
        "Total Expenses": NaN,
        "Total Operating Income As Reported": NaN,
        "Diluted Average Shares": NaN,
        "Basic Average Shares": NaN,
        "Diluted EPS": NaN,
        "Basic EPS": NaN,
        "Diluted NI Availto Com Stockholders": NaN,
        "Net Income Common Stockholders": NaN,
        "Net Income": NaN,
        "Minority Interests": NaN,
        "Net Income Including Noncontrolling Interests": NaN,
        "Net Income Continuous Operations": NaN,
        "Tax Provision": NaN,
        "Pretax Income": NaN,
        "Other Income Expense": NaN,
        "Other Non Operating Income Expenses": NaN,
        "Special Income Charges": NaN,
        "Gain On Sale Of Business": 34800000.0,
        "Impairment Of Capital Assets": 16800000.0,
        "Restructuring And Mergern Acquisition": NaN,
        "Net Non Operating Interest Income Expense": NaN,
        "Interest Expense Non Operating": NaN,
        "Operating Income": NaN,
        "Operating Expense": NaN,
        "Selling General And Administration": NaN,
        "Gross Profit": NaN,
        "Cost Of Revenue": NaN,
        "Total Revenue": NaN,
        "Operating Revenue": NaN
    },
    "2022-06-30": {
        "Tax Effect Of Unusual Items": -618800.0,
        "Tax Rate For Calcs": 0.221,
        "Normalized EBITDA": 218800000.0,
        "Total Unusual Items": -2800000.0,
        "Total Unusual Items Excluding Goodwill": -2800000.0,
        "Net Income From Continuing Operation Net Minority Interest": 138200000.0,
        "Reconciled Depreciation": 29400000.0,
        "Reconciled Cost Of Revenue": 439200000.0,
        "EBITDA": 216000000.0,
        "EBIT": 186600000.0,
        "Net Interest Income": -9500000.0,
        "Interest Expense": 9500000.0,
        "Normalized Income": 140381200.0,
        "Net Income From Continuing And Discontinued Operation": 138200000.0,
        "Total Expenses": 606700000.0,
        "Total Operating Income As Reported": 186600000.0,
        "Diluted Average Shares": 76100000.0,
        "Basic Average Shares": 75800000.0,
        "Diluted EPS": 1.81,
        "Basic EPS": 1.82,
        "Diluted NI Availto Com Stockholders": 138200000.0,
        "Net Income Common Stockholders": 138200000.0,
        "Net Income": 138200000.0,
        "Minority Interests": 100000.0,
        "Net Income Including Noncontrolling Interests": 138100000.0,
        "Net Income Continuous Operations": 138100000.0,
        "Tax Provision": 39000000.0,
        "Pretax Income": 177100000.0,
        "Other Income Expense": -2800000.0,
        "Other Non Operating Income Expenses": NaN,
        "Special Income Charges": -2800000.0,
        "Gain On Sale Of Business": NaN,
        "Impairment Of Capital Assets": NaN,
        "Restructuring And Mergern Acquisition": 2800000.0,
        "Net Non Operating Interest Income Expense": -9500000.0,
        "Interest Expense Non Operating": 9500000.0,
        "Operating Income": 189400000.0,
        "Operating Expense": 167500000.0,
        "Selling General And Administration": 167500000.0,
        "Gross Profit": 356900000.0,
        "Cost Of Revenue": 439200000.0,
        "Total Revenue": 796100000.0,
        "Operating Revenue": 796100000.0
    },
    "2022-03-31": {
        "Diluted EPS": 1.83,
        "Total Revenue": 751,
        "Gross Profit": 343,
        "Operating Income": 188,
        "EBIT": 216,
        "Net Income": 140
    },
    "2021-12-31": {
        "Diluted EPS": 1.55,
        "Total Revenue": 715,
        "Gross Profit": 314,
        "Operating Income": 162,
        "EBIT": 192,
        "Net Income": 119
    },
    "2021-09-30": {
        "Diluted EPS": 1.51,
        "Total Revenue": 712,
        "Gross Profit": 312,
        "Operating Income": 161,
        "EBIT": 189,
        "Net Income": 116
    },
    "2021-06-30": {
        "Diluted EPS": 1.34,
        "Total Revenue": 686,
        "Gross Profit": 306,
        "Operating Income": 158,
        "EBIT": 183,
        "Net Income": 102
    },
    "2021-03-31": {
        "Diluted EPS": 1.48,
        "Total Revenue": 652,
        "Gross Profit": 293,
        "Operating Income": 156,
        "EBIT": 178,
        "Net Income": 113
    },
    "2020-12-31": {
        "Diluted EPS": 1.31,
        "Total Revenue": 615,
        "Gross Profit": 269,
        "Operating Income": 139,
        "EBIT": 161,
        "Net Income": 101
    },
    "2020-09-30": {
        "Diluted EPS": 1.37,
        "Total Revenue": 581,
        "Gross Profit": 252,
        "Operating Income": 131,
        "EBIT": 153,
        "Net Income": 104
    },
    "2020-06-30": {
        "Diluted EPS": 0.93,
        "Total Revenue": 561,
        "Gross Profit": 235,
        "Operating Income": 111,
        "EBIT": 132,
        "Net Income": 71
    },
    "2020-03-31": {
        "Diluted EPS": 1.33,
        "Total Revenue": 594,
        "Gross Profit": 272,
        "Operating Income": 140,
        "EBIT": 160,
        "Net Income": 102
    },
    "2019-12-31": {
        "Diluted EPS": 1.27,
        "Total Revenue": 606,
        "Gross Profit": 267,
        "Operating Income": 134,
        "EBIT": 154,
        "Net Income": 97
    },
    "2019-09-30": {
        "Diluted EPS": 1.37,
        "Total Revenue": 624,
        "Gross Profit": 282,
        "Operating Income": 142,
        "EBIT": 162,
        "Net Income": 105
    },
    "2019-06-30": {
        "Diluted EPS": 1.48,
        "Total Revenue": 642,
        "Gross Profit": 292,
        "Operating Income": 155,
        "EBIT": 175,
        "Net Income": 113
    },
    "2019-03-31": {
        "Diluted EPS": 1.44,
        "Total Revenue": 622,
        "Gross Profit": 284,
        "Operating Income": 148,
        "EBIT": 167,
        "Net Income": 110
    },
    "2018-12-31": {
        "Diluted EPS": 1.27,
        "Total Revenue": 614,
        "Gross Profit": 274,
        "Operating Income": 139,
        "EBIT": 158,
        "Net Income": 98
    },
    "2018-09-30": {
        "Diluted EPS": 1.37,
        "Total Revenue": 623,
        "Gross Profit": 280,
        "Operating Income": 145,
        "EBIT": 164,
        "Net Income": 106
    },
    "2018-06-30": {
        "Diluted EPS": 1.38,
        "Total Revenue": 634,
        "Gross Profit": 287,
        "Operating Income": 148,
        "EBIT": 168,
        "Net Income": 107
    },
    "2018-03-31": {
        "Diluted EPS": 1.27,
        "Total Revenue": 612,
        "Gross Profit": 277,
        "Operating Income": 137,
        "EBIT": 158,
        "Net Income": 99
    },
    "2017-12-31": {
        "Diluted EPS": 1.21,
        "Total Revenue": 586,
        "Gross Profit": 261,
        "Operating Income": 135,
        "EBIT": 156,
        "Net Income": 94
    },
    "2017-09-30": {
        "Diluted EPS": 1.08,
        "Total Revenue": 574,
        "Gross Profit": 258,
        "Operating Income": 127,
        "EBIT": 148,
        "Net Income": 84
    },
    "2017-06-30": {
        "Diluted EPS": 1.08,
        "Total Revenue": 573,
        "Gross Profit": 257,
        "Operating Income": 125,
        "EBIT": 147,
        "Net Income": 84
    },
    "2017-03-31": {
        "Diluted EPS": 0.99,
        "Total Revenue": 554,
        "Gross Profit": 251,
        "Operating Income": 116,
        "EBIT": 137,
        "Net Income": 76
    },
    "2016-12-31": {
        "Diluted EPS": 0.74,
        "Total Revenue": 530,
        "Gross Profit": 232,
        "Operating Income": 86,
        "EBIT": 108,
        "Net Income": 57
    },
    "2016-09-30": {
        "Diluted EPS": 0.91,
        "Total Revenue": 530,
        "Gross Profit": 231,
        "Operating Income": 110,
        "EBIT": 132,
        "Net Income": 70
    },
    "2016-06-30": {
        "Diluted EPS": 0.99,
        "Total Revenue": 550,
        "Gross Profit": 244,
        "Operating Income": 114,
        "EBIT": 136,
        "Net Income": 76
    },
    "2016-03-31": {
        "Diluted EPS": 0.89,
        "Total Revenue": 503,
        "Gross Profit": 223,
        "Operating Income": 103,
        "EBIT": 124,
        "Net Income": 68
    },
    "2015-12-31": {
        "Diluted EPS": 0.87,
        "Total Revenue": 500,
        "Gross Profit": 223,
        "Operating Income": 104,
        "EBIT": 124,
        "Net Income": 68
    },
    "2015-09-30": {
        "Diluted EPS": 1.02,
        "Total Revenue": 504,
        "Gross Profit": 223,
        "Operating Income": 122,
        "EBIT": 143,
        "Net Income": 80
    },
    "2015-06-30": {
        "Diluted EPS": 0.89,
        "Total Revenue": 515,
        "Gross Profit": 232,
        "Operating Income": 110,
        "EBIT": 129,
        "Net Income": 70
    },
    "2015-03-31": {
        "Diluted EPS": 0.84,
        "Total Revenue": 502,
        "Gross Profit": 226,
        "Operating Income": 102,
        "EBIT": 121,
        "Net Income": 66
    },
    "2014-12-31": {
        "Diluted EPS": 0.78,
        "Total Revenue": 524,
        "Gross Profit": 229,
        "Operating Income": 94,
        "EBIT": 114,
        "Net Income": 62
    },
    "2014-09-30": {
        "Diluted EPS": 0.88,
        "Total Revenue": 533,
        "Gross Profit": 235,
        "Operating Income": 111,
        "EBIT": 131,
        "Net Income": 71
    },
    "2014-06-30": {
        "Diluted EPS": 0.88,
        "Total Revenue": 547,
        "Gross Profit": 241,
        "Operating Income": 112,
        "EBIT": 132,
        "Net Income": 72
    },
    "2014-03-31": {
        "Diluted EPS": 0.91,
        "Total Revenue": 544,
        "Gross Profit": 244,
        "Operating Income": 114,
        "EBIT": 134,
        "Net Income": 75
    },
    "2013-12-31": {
        "Diluted EPS": 0.81,
        "Total Revenue": 521,
        "Gross Profit": 227,
        "Operating Income": 104,
        "EBIT": 124,
        "Net Income": 68
    },
    "2013-09-30": {
        "Diluted EPS": 0.78,
        "Total Revenue": 491,
        "Gross Profit": 212,
        "Operating Income": 97,
        "EBIT": 118,
        "Net Income": 64
    },
    "2013-06-30": {
        "Diluted EPS": 0.76,
        "Total Revenue": 518,
        "Gross Profit": 223,
        "Operating Income": 100,
        "EBIT": 120,
        "Net Income": 63
    },
    "2013-03-31": {
        "Diluted EPS": 0.74,
        "Total Revenue": 494,
        "Gross Profit": 212,
        "Operating Income": 95,
        "EBIT": 115,
        "Net Income": 61
    },
    "2012-12-31": {
        "Diluted EPS": -1.42,
        "Total Revenue": 491,
        "Gross Profit": 203,
        "Operating Income": -126,
        "EBIT": -105,
        "Net Income": -119
    },
    "2012-09-30": {
        "Diluted EPS": 0.6,
        "Total Revenue": 480,
        "Gross Profit": 195,
        "Operating Income": 81,
        "EBIT": 101,
        "Net Income": 50
    },
    "2012-06-30": {
        "Diluted EPS": 0.65,
        "Total Revenue": 494,
        "Gross Profit": 203,
        "Operating Income": 89,
        "EBIT": 108,
        "Net Income": 54
    },
    "2012-03-31": {
        "Diluted EPS": 0.62,
        "Total Revenue": 489,
        "Gross Profit": 203,
        "Operating Income": 85,
        "EBIT": 104,
        "Net Income": 52
    },
    "2011-12-31": {
        "Diluted EPS": 0.57,
        "Total Revenue": 481,
        "Gross Profit": 194,
        "Operating Income": 76,
        "EBIT": 96,
        "Net Income": 47
    },
    "2011-09-30": {
        "Diluted EPS": 0.58,
        "Total Revenue": 477,
        "Gross Profit": 182,
        "Operating Income": 71,
        "EBIT": 92,
        "Net Income": 48
    },
    "2011-06-30": {
        "Diluted EPS": 0.6,
        "Total Revenue": 454,
        "Gross Profit": 185,
        "Operating Income": 80,
        "EBIT": 97,
        "Net Income": 50
    },
    "2011-03-31": {
        "Diluted EPS": 0.57,
        "Total Revenue": 427,
        "Gross Profit": 179,
        "Operating Income": 78,
        "EBIT": 94,
        "Net Income": 48
    },
    "2010-12-31": {
        "Diluted EPS": 0.49,
        "Total Revenue": 405,
        "Gross Profit": 162,
        "Operating Income": 66,
        "EBIT": 79,
        "Net Income": 42
    },
    "2010-09-30": {
        "Diluted EPS": 0.47,
        "Total Revenue": 374,
        "Gross Profit": 154,
        "Operating Income": 62,
        "EBIT": 78,
        "Net Income": 39
    },
    "2010-06-30": {
        "Diluted EPS": 0.49,
        "Total Revenue": 379,
        "Gross Profit": 155,
        "Operating Income": 63,
        "EBIT": 78,
        "Net Income": 40
    },
    "2010-03-31": {
        "Diluted EPS": 0.45,
        "Total Revenue": 356,
        "Gross Profit": 148,
        "Operating Income": 58,
        "EBIT": 72,
        "Net Income": 37
    },
    "2009-12-31": {
        "Diluted EPS": 0.41,
        "Total Revenue": 343,
        "Gross Profit": 139,
        "Operating Income": 52,
        "EBIT": 67,
        "Net Income": 33
    },
    "2009-09-30": {
        "Diluted EPS": 0.37,
        "Total Revenue": 323,
        "Gross Profit": 129,
        "Operating Income": 47,
        "EBIT": 61,
        "Net Income": 30
    },
    "2009-06-30": {
        "Diluted EPS": 0.34,
        "Total Revenue": 336,
        "Gross Profit": 131,
        "Operating Income": 47,
        "EBIT": 61,
        "Net Income": 28
    },
    "2009-03-31": {
        "Diluted EPS": 0.28,
        "Total Revenue": 327,
        "Gross Profit": 123,
        "Operating Income": 39,
        "EBIT": 53,
        "Net Income": 23
    },
    "2023-09-30": {
        "Tax Effect Of Unusual Items": NaN,
        "Tax Rate For Calcs": NaN,
        "Normalized EBITDA": NaN,
        "Total Unusual Items": NaN,
        "Total Unusual Items Excluding Goodwill": NaN,
        "Net Income From Continuing Operation Net Minority Interest": NaN,
        "Reconciled Depreciation": NaN,
        "Reconciled Cost Of Revenue": NaN,
        "EBITDA": NaN,
        "EBIT": NaN,
        "Net Interest Income": NaN,
        "Interest Expense": NaN,
        "Normalized Income": NaN,
        "Net Income From Continuing And Discontinued Operation": NaN,
        "Total Expenses": NaN,
        "Total Operating Income As Reported": NaN,
        "Diluted Average Shares": NaN,
        "Basic Average Shares": NaN,
        "Diluted EPS": NaN,
        "Basic EPS": NaN,
        "Diluted NI Availto Com Stockholders": NaN,
        "Net Income Common Stockholders": NaN,
        "Net Income": NaN,
        "Minority Interests": NaN,
        "Net Income Including Noncontrolling Interests": NaN,
        "Net Income Continuous Operations": NaN,
        "Tax Provision": NaN,
        "Pretax Income": NaN,
        "Other Income Expense": NaN,
        "Other Non Operating Income Expenses": 2100000.0,
        "Special Income Charges": NaN,
        "Gain On Sale Of Business": 93800000.0,
        "Impairment Of Capital Assets": 300000.0,
        "Restructuring And Mergern Acquisition": NaN,
        "Net Non Operating Interest Income Expense": NaN,
        "Interest Expense Non Operating": NaN,
        "Operating Income": NaN,
        "Operating Expense": NaN,
        "Selling General And Administration": NaN,
        "Gross Profit": NaN,
        "Cost Of Revenue": NaN,
        "Total Revenue": NaN,
        "Operating Revenue": NaN
    },
    "2023-12-31": {
        "Tax Effect Of Unusual Items": NaN,
        "Tax Rate For Calcs": NaN,
        "Normalized EBITDA": NaN,
        "Total Unusual Items": NaN,
        "Total Unusual Items Excluding Goodwill": NaN,
        "Net Income From Continuing Operation Net Minority Interest": NaN,
        "Reconciled Depreciation": NaN,
        "Reconciled Cost Of Revenue": NaN,
        "EBITDA": NaN,
        "EBIT": NaN,
        "Net Interest Income": NaN,
        "Interest Expense": NaN,
        "Normalized Income": NaN,
        "Net Income From Continuing And Discontinued Operation": NaN,
        "Total Expenses": NaN,
        "Total Operating Income As Reported": NaN,
        "Diluted Average Shares": NaN,
        "Basic Average Shares": NaN,
        "Diluted EPS": NaN,
        "Basic EPS": NaN,
        "Diluted NI Availto Com Stockholders": NaN,
        "Net Income Common Stockholders": NaN,
        "Net Income": NaN,
        "Minority Interests": NaN,
        "Net Income Including Noncontrolling Interests": NaN,
        "Net Income Continuous Operations": NaN,
        "Tax Provision": NaN,
        "Pretax Income": NaN,
        "Other Income Expense": NaN,
        "Other Non Operating Income Expenses": 400000.0,
        "Special Income Charges": NaN,
        "Gain On Sale Of Business": -9100000.0,
        "Impairment Of Capital Assets": 0.0,
        "Restructuring And Mergern Acquisition": NaN,
        "Net Non Operating Interest Income Expense": NaN,
        "Interest Expense Non Operating": NaN,
        "Operating Income": NaN,
        "Operating Expense": NaN,
        "Selling General And Administration": NaN,
        "Gross Profit": NaN,
        "Cost Of Revenue": NaN,
        "Total Revenue": NaN,
        "Operating Revenue": NaN
    },
    "2024-03-31": {
        "Tax Effect Of Unusual Items": NaN,
        "Tax Rate For Calcs": NaN,
        "Normalized EBITDA": NaN,
        "Total Unusual Items": NaN,
        "Total Unusual Items Excluding Goodwill": NaN,
        "Net Income From Continuing Operation Net Minority Interest": NaN,
        "Reconciled Depreciation": NaN,
        "Reconciled Cost Of Revenue": NaN,
        "EBITDA": NaN,
        "EBIT": NaN,
        "Net Interest Income": NaN,
        "Interest Expense": NaN,
        "Normalized Income": NaN,
        "Net Income From Continuing And Discontinued Operation": NaN,
        "Total Expenses": NaN,
        "Total Operating Income As Reported": NaN,
        "Diluted Average Shares": NaN,
        "Basic Average Shares": NaN,
        "Diluted EPS": NaN,
        "Basic EPS": NaN,
        "Diluted NI Availto Com Stockholders": NaN,
        "Net Income Common Stockholders": NaN,
        "Net Income": NaN,
        "Minority Interests": NaN,
        "Net Income Including Noncontrolling Interests": NaN,
        "Net Income Continuous Operations": NaN,
        "Tax Provision": NaN,
        "Pretax Income": NaN,
        "Other Income Expense": NaN,
        "Other Non Operating Income Expenses": 2700000.0,
        "Special Income Charges": NaN,
        "Gain On Sale Of Business": NaN,
        "Restructuring And Mergern Acquisition": NaN,
        "Net Non Operating Interest Income Expense": NaN,
        "Interest Expense Non Operating": NaN,
        "Operating Income": NaN,
        "Operating Expense": NaN,
        "Selling General And Administration": NaN,
        "Gross Profit": NaN,
        "Cost Of Revenue": NaN,
        "Total Revenue": NaN,
        "Operating Revenue": NaN
    },
    "2024-06-30": {
        "Tax Effect Of Unusual Items": NaN,
        "Tax Rate For Calcs": NaN,
        "Normalized EBITDA": NaN,
        "Total Unusual Items": NaN,
        "Total Unusual Items Excluding Goodwill": NaN,
        "Net Income From Continuing Operation Net Minority Interest": NaN,
        "Reconciled Depreciation": NaN,
        "Reconciled Cost Of Revenue": NaN,
        "EBITDA": NaN,
        "EBIT": NaN,
        "Net Interest Income": NaN,
        "Interest Expense": NaN,
        "Normalized Income": NaN,
        "Net Income From Continuing And Discontinued Operation": NaN,
        "Total Expenses": NaN,
        "Total Operating Income As Reported": NaN,
        "Diluted Average Shares": NaN,
        "Basic Average Shares": NaN,
        "Diluted EPS": NaN,
        "Basic EPS": NaN,
        "Diluted NI Availto Com Stockholders": NaN,
        "Net Income Common Stockholders": NaN,
        "Net Income": NaN,
        "Minority Interests": NaN,
        "Net Income Including Noncontrolling Interests": NaN,
        "Net Income Continuous Operations": NaN,
        "Tax Provision": NaN,
        "Pretax Income": NaN,
        "Other Income Expense": NaN,
        "Other Non Operating Income Expenses": NaN,
        "Special Income Charges": NaN,
        "Gain On Sale Of Business": 4600000.0,
        "Restructuring And Mergern Acquisition": NaN,
        "Net Non Operating Interest Income Expense": NaN,
        "Interest Expense Non Operating": NaN,
        "Operating Income": NaN,
        "Operating Expense": NaN,
        "Selling General And Administration": NaN,
        "Gross Profit": NaN,
        "Cost Of Revenue": NaN,
        "Total Revenue": NaN,
        "Operating Revenue": NaN
    },
    "2024-09-30": {
        "Tax Effect Of Unusual Items": -824400.0,
        "Tax Rate For Calcs": 0.229,
        "Normalized EBITDA": 212200000.0,
        "Total Unusual Items": -3600000.0,
        "Total Unusual Items Excluding Goodwill": -3600000.0,
        "Net Income From Continuing Operation Net Minority Interest": 119100000.0,
        "Reconciled Depreciation": 43900000.0,
        "Reconciled Cost Of Revenue": 444300000.0,
        "EBITDA": 208600000.0,
        "EBIT": 164700000.0,
        "Net Interest Income": -10300000.0,
        "Interest Expense": 10300000.0,
        "Normalized Income": 121875600.0,
        "Net Income From Continuing And Discontinued Operation": 119100000.0,
        "Total Expenses": 627200000.0,
        "Total Operating Income As Reported": 168000000.0,
        "Diluted Average Shares": 75900000.0,
        "Basic Average Shares": 75700000.0,
        "Diluted EPS": 1.57,
        "Basic EPS": 1.57,
        "Diluted NI Availto Com Stockholders": 119100000.0,
        "Net Income Common Stockholders": 119100000.0,
        "Net Income": 119100000.0,
        "Minority Interests": 200000.0,
        "Net Income Including Noncontrolling Interests": 118900000.0,
        "Net Income Continuous Operations": 118900000.0,
        "Tax Provision": 35500000.0,
        "Pretax Income": 154400000.0,
        "Other Income Expense": -6300000.0,
        "Other Non Operating Income Expenses": -2700000.0,
        "Special Income Charges": -3600000.0,
        "Gain On Sale Of Business": -600000.0,
        "Restructuring And Mergern Acquisition": 3000000.0,
        "Net Non Operating Interest Income Expense": -10300000.0,
        "Interest Expense Non Operating": 10300000.0,
        "Operating Income": 171000000.0,
        "Operating Expense": 182900000.0,
        "Selling General And Administration": 182900000.0,
        "Gross Profit": 353900000.0,
        "Cost Of Revenue": 444300000.0,
        "Total Revenue": 798200000.0,
        "Operating Revenue": 798200000.0
    },
    "2024-12-31": {
        "Tax Effect Of Unusual Items": -722222.222222,
        "Tax Rate For Calcs": 0.185185,
        "Normalized EBITDA": 222500000.0,
        "Total Unusual Items": -3900000.0,
        "Total Unusual Items Excluding Goodwill": -3900000.0,
        "Net Income From Continuing Operation Net Minority Interest": 123200000.0,
        "Reconciled Depreciation": 50700000.0,
        "Reconciled Cost Of Revenue": 495800000.0,
        "EBITDA": 218600000.0,
        "EBIT": 167900000.0,
        "Net Interest Income": -16700000.0,
        "Interest Expense": 16700000.0,
        "Normalized Income": 126377777.777778,
        "Net Income From Continuing And Discontinued Operation": 123200000.0,
        "Total Expenses": 693700000.0,
        "Total Operating Income As Reported": 165300000.0,
        "Diluted Average Shares": 75900000.0,
        "Basic Average Shares": 75800000.0,
        "Diluted EPS": 1.62,
        "Basic EPS": 1.62,
        "Diluted NI Availto Com Stockholders": 123200000.0,
        "Net Income Common Stockholders": 123200000.0,
        "Net Income": 123200000.0,
        "Minority Interests": 0.0,
        "Net Income Including Noncontrolling Interests": 123200000.0,
        "Net Income Continuous Operations": 123200000.0,
        "Tax Provision": 28000000.0,
        "Pretax Income": 151200000.0,
        "Other Income Expense": -1300000.0,
        "Other Non Operating Income Expenses": NaN,
        "Special Income Charges": -3900000.0,
        "Gain On Sale Of Business": 0.0,
        "Restructuring And Mergern Acquisition": 3800000.0,
        "Net Non Operating Interest Income Expense": -16700000.0,
        "Interest Expense Non Operating": 16700000.0,
        "Operating Income": 169200000.0,
        "Operating Expense": 197900000.0,
        "Selling General And Administration": 197900000.0,
        "Gross Profit": 367100000.0,
        "Cost Of Revenue": 495800000.0,
        "Total Revenue": 862900000.0,
        "Operating Revenue": 862900000.0
    },
    "2025-03-31": {
        "Tax Effect Of Unusual Items": -4095000.0,
        "Tax Rate For Calcs": 0.234,
        "Normalized EBITDA": 208000000.0,
        "Total Unusual Items": -17500000.0,
        "Total Unusual Items Excluding Goodwill": -17500000.0,
        "Net Income From Continuing Operation Net Minority Interest": 95500000.0,
        "Reconciled Depreciation": 49900000.0,
        "Reconciled Cost Of Revenue": 445400000.0,
        "EBITDA": 190500000.0,
        "EBIT": 140600000.0,
        "Net Interest Income": -16100000.0,
        "Interest Expense": 16100000.0,
        "Normalized Income": 108905000.0,
        "Net Income From Continuing And Discontinued Operation": 95500000.0,
        "Total Expenses": 654800000.0,
        "Total Operating Income As Reported": 142000000.0,
        "Diluted Average Shares": 75800000.0,
        "Basic Average Shares": 75700000.0,
        "Diluted EPS": 1.26,
        "Basic EPS": 1.26,
        "Diluted NI Availto Com Stockholders": 95500000.0,
        "Net Income Common Stockholders": 95500000.0,
        "Net Income": 95500000.0,
        "Minority Interests": 100000.0,
        "Net Income Including Noncontrolling Interests": 95400000.0,
        "Net Income Continuous Operations": 95400000.0,
        "Tax Provision": 29100000.0,
        "Pretax Income": 124500000.0,
        "Other Income Expense": -18900000.0,
        "Other Non Operating Income Expenses": -1400000.0,
        "Special Income Charges": -17500000.0,
        "Gain On Sale Of Business": NaN,
        "Restructuring And Mergern Acquisition": 17500000.0,
        "Net Non Operating Interest Income Expense": -16100000.0,
        "Interest Expense Non Operating": 16100000.0,
        "Operating Income": 159500000.0,
        "Operating Expense": 209400000.0,
        "Selling General And Administration": 209400000.0,
        "Gross Profit": 368900000.0,
        "Cost Of Revenue": 445400000.0,
        "Total Revenue": 814300000.0,
        "Operating Revenue": 814300000.0
    },
    "2025-06-30": {
        "Tax Effect Of Unusual Items": -160300.0,
        "Tax Rate For Calcs": 0.229,
        "Normalized EBITDA": 237200000.0,
        "Total Unusual Items": -700000.0,
        "Total Unusual Items Excluding Goodwill": -700000.0,
        "Net Income From Continuing Operation Net Minority Interest": 131600000.0,
        "Reconciled Depreciation": 51000000.0,
        "Reconciled Cost Of Revenue": 473200000.0,
        "EBITDA": 236500000.0,
        "EBIT": 185500000.0,
        "Net Interest Income": -15600000.0,
        "Interest Expense": 15600000.0,
        "Normalized Income": 132139700.0,
        "Net Income From Continuing And Discontinued Operation": 131600000.0,
        "Total Expenses": 676800000.0,
        "Total Operating Income As Reported": 187900000.0,
        "Diluted Average Shares": 75500000.0,
        "Basic Average Shares": 75500000.0,
        "Diluted EPS": 1.74,
        "Basic EPS": 1.74,
        "Diluted NI Availto Com Stockholders": 131600000.0,
        "Net Income Common Stockholders": 131600000.0,
        "Net Income": 131600000.0,
        "Minority Interests": 500000.0,
        "Net Income Including Noncontrolling Interests": 131100000.0,
        "Net Income Continuous Operations": 131100000.0,
        "Tax Provision": 38800000.0,
        "Pretax Income": 169900000.0,
        "Other Income Expense": -3100000.0,
        "Other Non Operating Income Expenses": -2400000.0,
        "Special Income Charges": -700000.0,
        "Gain On Sale Of Business": 0.0,
        "Restructuring And Mergern Acquisition": 700000.0,
        "Net Non Operating Interest Income Expense": -15600000.0,
        "Interest Expense Non Operating": 15600000.0,
        "Operating Income": 188600000.0,
        "Operating Expense": 203600000.0,
        "Selling General And Administration": 203600000.0,
        "Gross Profit": 392200000.0,
        "Cost Of Revenue": 473200000.0,
        "Total Revenue": 865400000.0,
        "Operating Revenue": 865400000.0
    },
    "2025-09-30": {
        "Tax Effect Of Unusual Items": -25100.0,
        "Tax Rate For Calcs": 0.251,
        "Normalized EBITDA": 239200000.0,
        "Total Unusual Items": -100000.0,
        "Total Unusual Items Excluding Goodwill": -100000.0,
        "Net Income From Continuing Operation Net Minority Interest": 127800000.0,
        "Reconciled Depreciation": 52100000.0,
        "Reconciled Cost Of Revenue": 488100000.0,
        "EBITDA": 239100000.0,
        "EBIT": 187000000.0,
        "Net Interest Income": -16500000.0,
        "Interest Expense": 16500000.0,
        "Normalized Income": 127874900.0,
        "Net Income From Continuing And Discontinued Operation": 127800000.0,
        "Total Expenses": 692800000.0,
        "Total Operating Income As Reported": 185800000.0,
        "Diluted Average Shares": 75200000.0,
        "Basic Average Shares": 75100000.0,
        "Diluted EPS": 1.7,
        "Basic EPS": 1.7,
        "Diluted NI Availto Com Stockholders": 127800000.0,
        "Net Income Common Stockholders": 127800000.0,
        "Net Income": 127800000.0,
        "Minority Interests": 100000.0,
        "Net Income Including Noncontrolling Interests": 127700000.0,
        "Net Income Continuous Operations": 127700000.0,
        "Tax Provision": 42800000.0,
        "Pretax Income": 170500000.0,
        "Other Income Expense": 1100000.0,
        "Other Non Operating Income Expenses": 1200000.0,
        "Special Income Charges": -100000.0,
        "Gain On Sale Of Business": 0.0,
        "Restructuring And Mergern Acquisition": 100000.0,
        "Net Non Operating Interest Income Expense": -16500000.0,
        "Interest Expense Non Operating": 16500000.0,
        "Operating Income": 185900000.0,
        "Operating Expense": 204700000.0,
        "Selling General And Administration": 204700000.0,
        "Gross Profit": 390600000.0,
        "Cost Of Revenue": 488100000.0,
        "Total Revenue": 878700000.0,
        "Operating Revenue": 878700000.0
    }
}