{
    "2023-03-31": {
        "Tax Effect Of Unusual Items": -9870000.0,
        "Tax Rate For Calcs": 0.21,
        "Normalized EBITDA": 437000000.0,
        "Total Unusual Items": -47000000.0,
        "Total Unusual Items Excluding Goodwill": -47000000.0,
        "Net Income From Continuing Operation Net Minority Interest": -9000000.0,
        "Reconciled Depreciation": 276000000.0,
        "Reconciled Cost Of Revenue": 1958000000.0,
        "EBITDA": 390000000.0,
        "EBIT": 114000000.0,
        "Net Interest Income": -100000000.0,
        "Interest Expense": 100000000.0,
        "Normalized Income": 28130000.0,
        "Net Income From Continuing And Discontinued Operation": -9000000.0,
        "Total Expenses": 2849000000.0,
        "Total Operating Income As Reported": 131000000.0,
        "Diluted Average Shares": 255000000.0,
        "Basic Average Shares": 255000000.0,
        "Diluted EPS": -0.04,
        "Basic EPS": -0.04,
        "Diluted NI Availto Com Stockholders": -9000000.0,
        "Net Income Common Stockholders": -9000000.0,
        "Net Income": -9000000.0,
        "Minority Interests": -1000000.0,
        "Net Income Including Noncontrolling Interests": -8000000.0,
        "Net Income Continuous Operations": -8000000.0,
        "Tax Provision": 22000000.0,
        "Pretax Income": 14000000.0,
        "Other Income Expense": -64000000.0,
        "Other Non Operating Income Expenses": -17000000.0,
        "Special Income Charges": -47000000.0,
        "Gain On Sale Of Ppe": 5000000.0,
        "Impairment Of Capital Assets": NaN,
        "Restructuring And Mergern Acquisition": 52000000.0,
        "Net Non Operating Interest Income Expense": -100000000.0,
        "Interest Expense Non Operating": 100000000.0,
        "Operating Income": 178000000.0,
        "Operating Expense": 786000000.0,
        "Depreciation Amortization Depletion Income Statement": 171000000.0,
        "Depreciation And Amortization In Income Statement": 171000000.0,
        "Amortization": 171000000.0,
        "Amortization Of Intangibles Income Statement": 171000000.0,
        "Research And Development": 161000000.0,
        "Selling General And Administration": 454000000.0,
        "Gross Profit": 964000000.0,
        "Cost Of Revenue": 2063000000.0,
        "Total Revenue": 3027000000.0,
        "Operating Revenue": 3027000000.0
    },
    "2022-12-31": {
        "Tax Effect Of Unusual Items": NaN,
        "Tax Rate For Calcs": NaN,
        "Normalized EBITDA": NaN,
        "Total Unusual Items": NaN,
        "Total Unusual Items Excluding Goodwill": NaN,
        "Net Income From Continuing Operation Net Minority Interest": NaN,
        "Reconciled Depreciation": NaN,
        "Reconciled Cost Of Revenue": NaN,
        "EBITDA": NaN,
        "EBIT": NaN,
        "Net Interest Income": NaN,
        "Interest Expense": NaN,
        "Normalized Income": NaN,
        "Net Income From Continuing And Discontinued Operation": NaN,
        "Total Expenses": NaN,
        "Total Operating Income As Reported": NaN,
        "Diluted Average Shares": NaN,
        "Basic Average Shares": NaN,
        "Diluted EPS": NaN,
        "Basic EPS": NaN,
        "Diluted NI Availto Com Stockholders": NaN,
        "Net Income Common Stockholders": NaN,
        "Net Income": NaN,
        "Minority Interests": NaN,
        "Net Income Including Noncontrolling Interests": NaN,
        "Net Income Continuous Operations": NaN,
        "Tax Provision": NaN,
        "Pretax Income": NaN,
        "Other Income Expense": NaN,
        "Other Non Operating Income Expenses": NaN,
        "Special Income Charges": NaN,
        "Gain On Sale Of Ppe": NaN,
        "Gain On Sale Of Business": NaN,
        "Impairment Of Capital Assets": 0.0,
        "Restructuring And Mergern Acquisition": NaN,
        "Net Non Operating Interest Income Expense": NaN,
        "Interest Expense Non Operating": NaN,
        "Operating Income": NaN,
        "Operating Expense": NaN,
        "Depreciation Amortization Depletion Income Statement": NaN,
        "Depreciation And Amortization In Income Statement": NaN,
        "Amortization": NaN,
        "Amortization Of Intangibles Income Statement": NaN,
        "Research And Development": NaN,
        "Selling General And Administration": NaN,
        "Gross Profit": NaN,
        "Cost Of Revenue": NaN,
        "Total Revenue": NaN,
        "Operating Revenue": NaN
    },
    "2022-09-30": {
        "Tax Effect Of Unusual Items": NaN,
        "Tax Rate For Calcs": NaN,
        "Normalized EBITDA": NaN,
        "Total Unusual Items": NaN,
        "Total Unusual Items Excluding Goodwill": NaN,
        "Net Income From Continuing Operation Net Minority Interest": NaN,
        "Reconciled Depreciation": NaN,
        "Reconciled Cost Of Revenue": NaN,
        "EBITDA": NaN,
        "EBIT": NaN,
        "Net Interest Income": NaN,
        "Interest Expense": NaN,
        "Normalized Income": NaN,
        "Net Income From Continuing And Discontinued Operation": NaN,
        "Total Expenses": NaN,
        "Total Operating Income As Reported": NaN,
        "Diluted Average Shares": NaN,
        "Basic Average Shares": NaN,
        "Diluted EPS": NaN,
        "Basic EPS": NaN,
        "Diluted NI Availto Com Stockholders": NaN,
        "Net Income Common Stockholders": NaN,
        "Net Income": NaN,
        "Minority Interests": NaN,
        "Net Income Including Noncontrolling Interests": NaN,
        "Net Income Continuous Operations": NaN,
        "Tax Provision": NaN,
        "Pretax Income": NaN,
        "Other Income Expense": NaN,
        "Other Non Operating Income Expenses": NaN,
        "Special Income Charges": NaN,
        "Gain On Sale Of Ppe": NaN,
        "Impairment Of Capital Assets": 2250000000.0,
        "Restructuring And Mergern Acquisition": NaN,
        "Net Non Operating Interest Income Expense": NaN,
        "Interest Expense Non Operating": NaN,
        "Operating Income": NaN,
        "Operating Expense": NaN,
        "Depreciation Amortization Depletion Income Statement": NaN,
        "Depreciation And Amortization In Income Statement": NaN,
        "Amortization": NaN,
        "Amortization Of Intangibles Income Statement": NaN,
        "Research And Development": NaN,
        "Selling General And Administration": NaN,
        "Gross Profit": NaN,
        "Cost Of Revenue": NaN,
        "Total Revenue": NaN,
        "Operating Revenue": NaN
    },
    "2022-06-30": {
        "Tax Effect Of Unusual Items": -20250000.0,
        "Tax Rate For Calcs": 0.162,
        "Normalized EBITDA": 633000000.0,
        "Total Unusual Items": -125000000.0,
        "Total Unusual Items Excluding Goodwill": -125000000.0,
        "Net Income From Continuing Operation Net Minority Interest": 107000000.0,
        "Reconciled Depreciation": 301000000.0,
        "Reconciled Cost Of Revenue": 2054000000.0,
        "EBITDA": 508000000.0,
        "EBIT": 207000000.0,
        "Net Interest Income": -77000000.0,
        "Interest Expense": 77000000.0,
        "Normalized Income": 211750000.0,
        "Net Income From Continuing And Discontinued Operation": 107000000.0,
        "Total Expenses": 2969000000.0,
        "Total Operating Income As Reported": 213000000.0,
        "Diluted Average Shares": 255000000.0,
        "Basic Average Shares": 255000000.0,
        "Diluted EPS": 0.43,
        "Basic EPS": 0.43,
        "Diluted NI Availto Com Stockholders": 107000000.0,
        "Net Income Common Stockholders": 107000000.0,
        "Net Income": 107000000.0,
        "Minority Interests": -2000000.0,
        "Net Income Including Noncontrolling Interests": 109000000.0,
        "Net Income Continuous Operations": 109000000.0,
        "Tax Provision": 21000000.0,
        "Pretax Income": 130000000.0,
        "Other Income Expense": -131000000.0,
        "Other Non Operating Income Expenses": -6000000.0,
        "Special Income Charges": -125000000.0,
        "Gain On Sale Of Ppe": 2000000.0,
        "Impairment Of Capital Assets": 120000000.0,
        "Restructuring And Mergern Acquisition": 7000000.0,
        "Net Non Operating Interest Income Expense": -77000000.0,
        "Interest Expense Non Operating": 77000000.0,
        "Operating Income": 338000000.0,
        "Operating Expense": 798000000.0,
        "Depreciation Amortization Depletion Income Statement": 184000000.0,
        "Depreciation And Amortization In Income Statement": 184000000.0,
        "Amortization": 184000000.0,
        "Amortization Of Intangibles Income Statement": 184000000.0,
        "Research And Development": 158000000.0,
        "Selling General And Administration": 456000000.0,
        "Gross Profit": 1136000000.0,
        "Cost Of Revenue": 2171000000.0,
        "Total Revenue": 3307000000.0,
        "Operating Revenue": 3307000000.0
    },
    "2022-03-31": {
        "Diluted EPS": 0.96,
        "Total Revenue": NaN,
        "Gross Profit": NaN,
        "Operating Income": 341,
        "EBIT": 644,
        "Net Income": 244
    },
    "2021-12-31": {
        "Diluted EPS": 0.44,
        "Total Revenue": NaN,
        "Gross Profit": 981,
        "Operating Income": 173,
        "EBIT": 468,
        "Net Income": 90
    },
    "2021-09-30": {
        "Diluted EPS": 0.76,
        "Total Revenue": NaN,
        "Gross Profit": NaN,
        "Operating Income": 298,
        "EBIT": 595,
        "Net Income": 194
    },
    "2021-06-30": {
        "Diluted EPS": 0.11,
        "Total Revenue": NaN,
        "Gross Profit": 910,
        "Operating Income": 110,
        "EBIT": 432,
        "Net Income": 28
    },
    "2021-03-31": {
        "Diluted EPS": -0.21,
        "Total Revenue": NaN,
        "Gross Profit": 754,
        "Operating Income": 4,
        "EBIT": 246,
        "Net Income": -42
    },
    "2020-12-31": {
        "Diluted EPS": 0.57,
        "Total Revenue": NaN,
        "Gross Profit": 514,
        "Operating Income": 100,
        "EBIT": 181,
        "Net Income": 67
    },
    "2020-09-30": {
        "Diluted EPS": 0.75,
        "Total Revenue": NaN,
        "Gross Profit": 524,
        "Operating Income": 150,
        "EBIT": 233,
        "Net Income": 85
    },
    "2020-06-30": {
        "Diluted EPS": 0.74,
        "Total Revenue": NaN,
        "Gross Profit": 482,
        "Operating Income": 120,
        "EBIT": 200,
        "Net Income": 87
    },
    "2020-03-31": {
        "Diluted EPS": 1.15,
        "Total Revenue": NaN,
        "Gross Profit": 566,
        "Operating Income": 196,
        "EBIT": 277,
        "Net Income": 124
    },
    "2019-12-31": {
        "Diluted EPS": 0.71,
        "Total Revenue": NaN,
        "Gross Profit": 502,
        "Operating Income": 117,
        "EBIT": 204,
        "Net Income": 84
    },
    "2019-09-30": {
        "Diluted EPS": 1.13,
        "Total Revenue": NaN,
        "Gross Profit": 533,
        "Operating Income": 185,
        "EBIT": 265,
        "Net Income": 127
    },
    "2019-06-30": {
        "Diluted EPS": 1.2,
        "Total Revenue": NaN,
        "Gross Profit": 546,
        "Operating Income": 200,
        "EBIT": 273,
        "Net Income": 136
    },
    "2019-03-31": {
        "Diluted EPS": 0.96,
        "Total Revenue": NaN,
        "Gross Profit": 531,
        "Operating Income": 164,
        "EBIT": 246,
        "Net Income": 109
    },
    "2018-12-31": {
        "Diluted EPS": -0.26,
        "Total Revenue": NaN,
        "Gross Profit": 478,
        "Operating Income": 95,
        "EBIT": 173,
        "Net Income": 13
    },
    "2018-09-30": {
        "Diluted EPS": 1.17,
        "Total Revenue": 908,
        "Gross Profit": 401,
        "Operating Income": 159,
        "EBIT": 190,
        "Net Income": 96
    },
    "2018-06-30": {
        "Diluted EPS": 1.25,
        "Total Revenue": 920,
        "Gross Profit": 399,
        "Operating Income": 155,
        "EBIT": 186,
        "Net Income": 99
    },
    "2018-03-31": {
        "Diluted EPS": 1.63,
        "Total Revenue": 931,
        "Gross Profit": 406,
        "Operating Income": 175,
        "EBIT": 208,
        "Net Income": 129
    },
    "2017-12-31": {
        "Diluted EPS": -0.5,
        "Total Revenue": 855,
        "Gross Profit": 356,
        "Operating Income": 122,
        "EBIT": 154,
        "Net Income": -40
    },
    "2017-09-30": {
        "Diluted EPS": 1.39,
        "Total Revenue": 873,
        "Gross Profit": 380,
        "Operating Income": 149,
        "EBIT": 179,
        "Net Income": 110
    },
    "2017-06-30": {
        "Diluted EPS": 1.38,
        "Total Revenue": 843,
        "Gross Profit": 373,
        "Operating Income": 152,
        "EBIT": 181,
        "Net Income": 110
    },
    "2017-03-31": {
        "Diluted EPS": 1.45,
        "Total Revenue": 828,
        "Gross Profit": 363,
        "Operating Income": 130,
        "EBIT": 157,
        "Net Income": 116
    },
    "2016-12-31": {
        "Diluted EPS": 1.0,
        "Total Revenue": 763,
        "Gross Profit": 323,
        "Operating Income": 94,
        "EBIT": 121,
        "Net Income": 80
    },
    "2016-09-30": {
        "Diluted EPS": 1.12,
        "Total Revenue": 777,
        "Gross Profit": 346,
        "Operating Income": 124,
        "EBIT": 150,
        "Net Income": 90
    },
    "2016-06-30": {
        "Diluted EPS": 1.46,
        "Total Revenue": 793,
        "Gross Profit": 366,
        "Operating Income": 165,
        "EBIT": 188,
        "Net Income": 117
    },
    "2016-03-31": {
        "Diluted EPS": 1.47,
        "Total Revenue": 783,
        "Gross Profit": 360,
        "Operating Income": 170,
        "EBIT": 197,
        "Net Income": 119
    },
    "2015-12-31": {
        "Diluted EPS": 0.99,
        "Total Revenue": 716,
        "Gross Profit": 313,
        "Operating Income": 121,
        "EBIT": 146,
        "Net Income": 79
    },
    "2015-09-30": {
        "Diluted EPS": 1.31,
        "Total Revenue": 765,
        "Gross Profit": 347,
        "Operating Income": 157,
        "EBIT": 181,
        "Net Income": 106
    },
    "2015-06-30": {
        "Diluted EPS": 1.29,
        "Total Revenue": 768,
        "Gross Profit": 345,
        "Operating Income": 149,
        "EBIT": 170,
        "Net Income": 105
    },
    "2015-03-31": {
        "Diluted EPS": 1.57,
        "Total Revenue": 775,
        "Gross Profit": 346,
        "Operating Income": 162,
        "EBIT": 182,
        "Net Income": 128
    },
    "2014-12-31": {
        "Diluted EPS": 1.1,
        "Total Revenue": 756,
        "Gross Profit": 328,
        "Operating Income": 131,
        "EBIT": 151,
        "Net Income": 90
    },
    "2014-09-30": {
        "Diluted EPS": 1.31,
        "Total Revenue": 774,
        "Gross Profit": 340,
        "Operating Income": 153,
        "EBIT": 172,
        "Net Income": 107
    },
    "2014-06-30": {
        "Diluted EPS": 1.35,
        "Total Revenue": 788,
        "Gross Profit": 353,
        "Operating Income": 153,
        "EBIT": 179,
        "Net Income": 110
    },
    "2014-03-31": {
        "Diluted EPS": 1.3,
        "Total Revenue": 770,
        "Gross Profit": 341,
        "Operating Income": 156,
        "EBIT": 179,
        "Net Income": 107
    },
    "2013-12-31": {
        "Diluted EPS": 0.75,
        "Total Revenue": 725,
        "Gross Profit": 313,
        "Operating Income": 95,
        "EBIT": 117,
        "Net Income": 61
    },
    "2013-09-30": {
        "Diluted EPS": 1.2,
        "Total Revenue": 742,
        "Gross Profit": 325,
        "Operating Income": 142,
        "EBIT": 163,
        "Net Income": 99
    },
    "2013-06-30": {
        "Diluted EPS": 1.24,
        "Total Revenue": 758,
        "Gross Profit": 334,
        "Operating Income": 142,
        "EBIT": 163,
        "Net Income": 102
    },
    "2013-03-31": {
        "Diluted EPS": 1.1,
        "Total Revenue": 728,
        "Gross Profit": 311,
        "Operating Income": 138,
        "EBIT": 157,
        "Net Income": 91
    },
    "2012-12-31": {
        "Diluted EPS": 0.82,
        "Total Revenue": 681,
        "Gross Profit": 287,
        "Operating Income": 99,
        "EBIT": 120,
        "Net Income": 68
    },
    "2012-09-30": {
        "Diluted EPS": 0.2,
        "Total Revenue": 709,
        "Gross Profit": 302,
        "Operating Income": 134,
        "EBIT": 153,
        "Net Income": 16
    },
    "2012-06-30": {
        "Diluted EPS": 1.08,
        "Total Revenue": 721,
        "Gross Profit": 302,
        "Operating Income": 132,
        "EBIT": 150,
        "Net Income": 89
    },
    "2012-03-31": {
        "Diluted EPS": 0.99,
        "Total Revenue": 711,
        "Gross Profit": 285,
        "Operating Income": 121,
        "EBIT": 140,
        "Net Income": 81
    },
    "2011-12-31": {
        "Diluted EPS": 0.3,
        "Total Revenue": 644,
        "Gross Profit": 244,
        "Operating Income": 48,
        "EBIT": 67,
        "Net Income": 24
    },
    "2011-09-30": {
        "Diluted EPS": 1.0,
        "Total Revenue": 714,
        "Gross Profit": 278,
        "Operating Income": 129,
        "EBIT": 147,
        "Net Income": 82
    },
    "2011-06-30": {
        "Diluted EPS": 0.93,
        "Total Revenue": 716,
        "Gross Profit": 284,
        "Operating Income": 118,
        "EBIT": 137,
        "Net Income": 76
    },
    "2011-03-31": {
        "Diluted EPS": 1.03,
        "Total Revenue": 714,
        "Gross Profit": 297,
        "Operating Income": 133,
        "EBIT": 151,
        "Net Income": 84
    },
    "2010-12-31": {
        "Diluted EPS": 0.68,
        "Total Revenue": 630,
        "Gross Profit": 252,
        "Operating Income": 83,
        "EBIT": 103,
        "Net Income": 56
    },
    "2010-09-30": {
        "Diluted EPS": 0.95,
        "Total Revenue": 673,
        "Gross Profit": 285,
        "Operating Income": 121,
        "EBIT": 140,
        "Net Income": 77
    },
    "2010-06-30": {
        "Diluted EPS": 0.83,
        "Total Revenue": 666,
        "Gross Profit": 285,
        "Operating Income": 108,
        "EBIT": 128,
        "Net Income": 67
    },
    "2010-03-31": {
        "Diluted EPS": 0.8,
        "Total Revenue": 654,
        "Gross Profit": 270,
        "Operating Income": 105,
        "EBIT": 125,
        "Net Income": 64
    },
    "2009-12-31": {
        "Diluted EPS": 0.6,
        "Total Revenue": 586,
        "Gross Profit": 235,
        "Operating Income": 87,
        "EBIT": 108,
        "Net Income": 47
    },
    "2009-09-30": {
        "Diluted EPS": 0.66,
        "Total Revenue": 613,
        "Gross Profit": 249,
        "Operating Income": 88,
        "EBIT": 108,
        "Net Income": 53
    },
    "2009-06-30": {
        "Diluted EPS": 0.6,
        "Total Revenue": 568,
        "Gross Profit": 228,
        "Operating Income": 84,
        "EBIT": 103,
        "Net Income": 48
    },
    "2009-03-31": {
        "Diluted EPS": 0.6,
        "Total Revenue": 560,
        "Gross Profit": 222,
        "Operating Income": 82,
        "EBIT": 100,
        "Net Income": 47
    },
    "2023-06-30": {
        "Tax Effect Of Unusual Items": NaN,
        "Tax Rate For Calcs": NaN,
        "Normalized EBITDA": NaN,
        "Total Unusual Items": NaN,
        "Total Unusual Items Excluding Goodwill": NaN,
        "Net Income From Continuing Operation Net Minority Interest": NaN,
        "Reconciled Depreciation": NaN,
        "Reconciled Cost Of Revenue": NaN,
        "EBITDA": NaN,
        "EBIT": NaN,
        "Net Interest Income": NaN,
        "Interest Expense": NaN,
        "Normalized Income": NaN,
        "Net Income From Continuing And Discontinued Operation": NaN,
        "Total Expenses": NaN,
        "Total Operating Income As Reported": NaN,
        "Diluted Average Shares": NaN,
        "Basic Average Shares": NaN,
        "Diluted EPS": NaN,
        "Basic EPS": NaN,
        "Diluted NI Availto Com Stockholders": NaN,
        "Net Income Common Stockholders": NaN,
        "Net Income": NaN,
        "Minority Interests": NaN,
        "Net Income Including Noncontrolling Interests": NaN,
        "Net Income Continuous Operations": NaN,
        "Tax Provision": NaN,
        "Pretax Income": NaN,
        "Other Income Expense": NaN,
        "Other Non Operating Income Expenses": NaN,
        "Special Income Charges": NaN,
        "Gain On Sale Of Ppe": NaN,
        "Gain On Sale Of Business": -5000000.0,
        "Impairment Of Capital Assets": NaN,
        "Restructuring And Mergern Acquisition": NaN,
        "Net Non Operating Interest Income Expense": NaN,
        "Interest Expense Non Operating": NaN,
        "Operating Income": NaN,
        "Operating Expense": NaN,
        "Depreciation Amortization Depletion Income Statement": NaN,
        "Depreciation And Amortization In Income Statement": NaN,
        "Amortization": NaN,
        "Amortization Of Intangibles Income Statement": NaN,
        "Research And Development": NaN,
        "Selling General And Administration": NaN,
        "Gross Profit": NaN,
        "Cost Of Revenue": NaN,
        "Total Revenue": NaN,
        "Operating Revenue": NaN
    },
    "2023-09-30": {
        "Tax Effect Of Unusual Items": NaN,
        "Tax Rate For Calcs": NaN,
        "Normalized EBITDA": NaN,
        "Total Unusual Items": NaN,
        "Total Unusual Items Excluding Goodwill": NaN,
        "Net Income From Continuing Operation Net Minority Interest": NaN,
        "Reconciled Depreciation": NaN,
        "Reconciled Cost Of Revenue": NaN,
        "EBITDA": NaN,
        "EBIT": NaN,
        "Net Interest Income": NaN,
        "Interest Expense": NaN,
        "Normalized Income": NaN,
        "Net Income From Continuing And Discontinued Operation": NaN,
        "Total Expenses": NaN,
        "Total Operating Income As Reported": NaN,
        "Diluted Average Shares": NaN,
        "Basic Average Shares": NaN,
        "Diluted EPS": NaN,
        "Basic EPS": NaN,
        "Diluted NI Availto Com Stockholders": NaN,
        "Net Income Common Stockholders": NaN,
        "Net Income": NaN,
        "Minority Interests": NaN,
        "Net Income Including Noncontrolling Interests": NaN,
        "Net Income Continuous Operations": NaN,
        "Tax Provision": NaN,
        "Pretax Income": NaN,
        "Other Income Expense": NaN,
        "Other Non Operating Income Expenses": NaN,
        "Special Income Charges": NaN,
        "Gain On Sale Of Ppe": NaN,
        "Gain On Sale Of Business": -10000000.0,
        "Impairment Of Capital Assets": NaN,
        "Restructuring And Mergern Acquisition": NaN,
        "Net Non Operating Interest Income Expense": NaN,
        "Interest Expense Non Operating": NaN,
        "Operating Income": NaN,
        "Operating Expense": NaN,
        "Depreciation Amortization Depletion Income Statement": NaN,
        "Depreciation And Amortization In Income Statement": NaN,
        "Amortization": NaN,
        "Amortization Of Intangibles Income Statement": NaN,
        "Research And Development": NaN,
        "Selling General And Administration": NaN,
        "Gross Profit": NaN,
        "Cost Of Revenue": NaN,
        "Total Revenue": NaN,
        "Operating Revenue": NaN
    },
    "2023-12-31": {
        "Tax Effect Of Unusual Items": -31842483.907611,
        "Tax Rate For Calcs": 0.012117,
        "Normalized EBITDA": 317000000.0,
        "Total Unusual Items": -2628000000.0,
        "Total Unusual Items Excluding Goodwill": -2628000000.0,
        "Net Income From Continuing Operation Net Minority Interest": -2607000000.0,
        "Reconciled Depreciation": 287000000.0,
        "Reconciled Cost Of Revenue": 1723000000.0,
        "EBITDA": -2311000000.0,
        "EBIT": -2598000000.0,
        "Net Interest Income": -43000000.0,
        "Interest Expense": 43000000.0,
        "Normalized Income": -10842483.907611,
        "Net Income From Continuing And Discontinued Operation": -2607000000.0,
        "Total Expenses": 2611000000.0,
        "Total Operating Income As Reported": -2536000000.0,
        "Diluted Average Shares": 255000000.0,
        "Basic Average Shares": 255000000.0,
        "Diluted EPS": -10.21,
        "Basic EPS": -10.21,
        "Diluted NI Availto Com Stockholders": -2607000000.0,
        "Net Income Common Stockholders": -2607000000.0,
        "Net Income": -2607000000.0,
        "Minority Interests": 2000000.0,
        "Net Income Including Noncontrolling Interests": -2609000000.0,
        "Net Income Continuous Operations": -2609000000.0,
        "Tax Provision": -32000000.0,
        "Pretax Income": -2641000000.0,
        "Other Income Expense": -2690000000.0,
        "Other Non Operating Income Expenses": -62000000.0,
        "Special Income Charges": -2628000000.0,
        "Gain On Sale Of Ppe": 2000000.0,
        "Gain On Sale Of Business": NaN,
        "Impairment Of Capital Assets": 2623000000.0,
        "Restructuring And Mergern Acquisition": 7000000.0,
        "Net Non Operating Interest Income Expense": -43000000.0,
        "Interest Expense Non Operating": 43000000.0,
        "Operating Income": 92000000.0,
        "Operating Expense": 768000000.0,
        "Depreciation Amortization Depletion Income Statement": 167000000.0,
        "Depreciation And Amortization In Income Statement": 167000000.0,
        "Amortization": 167000000.0,
        "Amortization Of Intangibles Income Statement": 167000000.0,
        "Research And Development": 157000000.0,
        "Selling General And Administration": 444000000.0,
        "Gross Profit": 860000000.0,
        "Cost Of Revenue": 1843000000.0,
        "Total Revenue": 2703000000.0,
        "Operating Revenue": 2703000000.0
    },
    "2024-03-31": {
        "Tax Effect Of Unusual Items": -210000.0,
        "Tax Rate For Calcs": 0.21,
        "Normalized EBITDA": 477000000.0,
        "Total Unusual Items": -1000000.0,
        "Total Unusual Items Excluding Goodwill": -1000000.0,
        "Net Income From Continuing Operation Net Minority Interest": 60000000.0,
        "Reconciled Depreciation": 278000000.0,
        "Reconciled Cost Of Revenue": 1765000000.0,
        "EBITDA": 476000000.0,
        "EBIT": 198000000.0,
        "Net Interest Income": -83000000.0,
        "Interest Expense": 83000000.0,
        "Normalized Income": 60790000.0,
        "Net Income From Continuing And Discontinued Operation": 60000000.0,
        "Total Expenses": 2699000000.0,
        "Total Operating Income As Reported": 199000000.0,
        "Diluted Average Shares": 256000000.0,
        "Basic Average Shares": 255000000.0,
        "Diluted EPS": 0.23,
        "Basic EPS": 0.23,
        "Diluted NI Availto Com Stockholders": 60000000.0,
        "Net Income Common Stockholders": 60000000.0,
        "Net Income": 60000000.0,
        "Minority Interests": -1000000.0,
        "Net Income Including Noncontrolling Interests": 61000000.0,
        "Net Income Continuous Operations": 61000000.0,
        "Tax Provision": 54000000.0,
        "Pretax Income": 115000000.0,
        "Other Income Expense": -2000000.0,
        "Other Non Operating Income Expenses": -1000000.0,
        "Special Income Charges": -1000000.0,
        "Gain On Sale Of Ppe": 2000000.0,
        "Gain On Sale Of Business": NaN,
        "Impairment Of Capital Assets": 0.0,
        "Restructuring And Mergern Acquisition": 3000000.0,
        "Net Non Operating Interest Income Expense": -83000000.0,
        "Interest Expense Non Operating": 83000000.0,
        "Operating Income": 200000000.0,
        "Operating Expense": 824000000.0,
        "Depreciation Amortization Depletion Income Statement": 168000000.0,
        "Depreciation And Amortization In Income Statement": 168000000.0,
        "Amortization": 168000000.0,
        "Amortization Of Intangibles Income Statement": 168000000.0,
        "Research And Development": 166000000.0,
        "Selling General And Administration": 490000000.0,
        "Gross Profit": 1024000000.0,
        "Cost Of Revenue": 1875000000.0,
        "Total Revenue": 2899000000.0,
        "Operating Revenue": 2899000000.0
    },
    "2024-06-30": {
        "Tax Effect Of Unusual Items": 1680000.0,
        "Tax Rate For Calcs": 0.06,
        "Normalized EBITDA": 480000000.0,
        "Total Unusual Items": 28000000.0,
        "Total Unusual Items Excluding Goodwill": 28000000.0,
        "Net Income From Continuing Operation Net Minority Interest": 170000000.0,
        "Reconciled Depreciation": 246000000.0,
        "Reconciled Cost Of Revenue": 1728000000.0,
        "EBITDA": 508000000.0,
        "EBIT": 262000000.0,
        "Net Interest Income": -79000000.0,
        "Interest Expense": 79000000.0,
        "Normalized Income": 143680000.0,
        "Net Income From Continuing And Discontinued Operation": 170000000.0,
        "Total Expenses": 2640000000.0,
        "Total Operating Income As Reported": 191000000.0,
        "Diluted Average Shares": 256000000.0,
        "Basic Average Shares": 255000000.0,
        "Diluted EPS": 0.66,
        "Basic EPS": 0.67,
        "Diluted NI Availto Com Stockholders": 170000000.0,
        "Net Income Common Stockholders": 170000000.0,
        "Net Income": 170000000.0,
        "Minority Interests": -2000000.0,
        "Net Income Including Noncontrolling Interests": 172000000.0,
        "Net Income Continuous Operations": 172000000.0,
        "Tax Provision": 11000000.0,
        "Pretax Income": 183000000.0,
        "Other Income Expense": 13000000.0,
        "Other Non Operating Income Expenses": -15000000.0,
        "Special Income Charges": 28000000.0,
        "Gain On Sale Of Ppe": -274000000.0,
        "Gain On Sale Of Business": 368000000.0,
        "Impairment Of Capital Assets": 64000000.0,
        "Restructuring And Mergern Acquisition": 2000000.0,
        "Net Non Operating Interest Income Expense": -79000000.0,
        "Interest Expense Non Operating": 79000000.0,
        "Operating Income": 249000000.0,
        "Operating Expense": 819000000.0,
        "Depreciation Amortization Depletion Income Statement": 153000000.0,
        "Depreciation And Amortization In Income Statement": 153000000.0,
        "Amortization": 153000000.0,
        "Amortization Of Intangibles Income Statement": 153000000.0,
        "Research And Development": 173000000.0,
        "Selling General And Administration": 493000000.0,
        "Gross Profit": 1068000000.0,
        "Cost Of Revenue": 1821000000.0,
        "Total Revenue": 2889000000.0,
        "Operating Revenue": 2889000000.0
    },
    "2024-09-30": {
        "Tax Effect Of Unusual Items": -19136000.0,
        "Tax Rate For Calcs": 0.368,
        "Normalized EBITDA": 469000000.0,
        "Total Unusual Items": -52000000.0,
        "Total Unusual Items Excluding Goodwill": -52000000.0,
        "Net Income From Continuing Operation Net Minority Interest": 59000000.0,
        "Reconciled Depreciation": 248000000.0,
        "Reconciled Cost Of Revenue": 1771000000.0,
        "EBITDA": 417000000.0,
        "EBIT": 169000000.0,
        "Net Interest Income": -74000000.0,
        "Interest Expense": 74000000.0,
        "Normalized Income": 91864000.0,
        "Net Income From Continuing And Discontinued Operation": 59000000.0,
        "Total Expenses": 2676000000.0,
        "Total Operating Income As Reported": 249000000.0,
        "Diluted Average Shares": 257000000.0,
        "Basic Average Shares": 256000000.0,
        "Diluted EPS": 0.23,
        "Basic EPS": 0.23,
        "Diluted NI Availto Com Stockholders": 59000000.0,
        "Net Income Common Stockholders": 59000000.0,
        "Net Income": 59000000.0,
        "Minority Interests": -1000000.0,
        "Net Income Including Noncontrolling Interests": 60000000.0,
        "Net Income Continuous Operations": 60000000.0,
        "Tax Provision": 35000000.0,
        "Pretax Income": 95000000.0,
        "Other Income Expense": -80000000.0,
        "Other Non Operating Income Expenses": -28000000.0,
        "Special Income Charges": -52000000.0,
        "Gain On Sale Of Ppe": -31000000.0,
        "Gain On Sale Of Business": -20000000.0,
        "Impairment Of Capital Assets": 0.0,
        "Restructuring And Mergern Acquisition": 1000000.0,
        "Net Non Operating Interest Income Expense": -74000000.0,
        "Interest Expense Non Operating": 74000000.0,
        "Operating Income": 249000000.0,
        "Operating Expense": 803000000.0,
        "Depreciation Amortization Depletion Income Statement": 146000000.0,
        "Depreciation And Amortization In Income Statement": 146000000.0,
        "Amortization": 146000000.0,
        "Amortization Of Intangibles Income Statement": 146000000.0,
        "Research And Development": 162000000.0,
        "Selling General And Administration": 495000000.0,
        "Gross Profit": 1052000000.0,
        "Cost Of Revenue": 1873000000.0,
        "Total Revenue": 2925000000.0,
        "Operating Revenue": 2925000000.0
    },
    "2024-12-31": {
        "Tax Effect Of Unusual Items": -12180000.0,
        "Tax Rate For Calcs": 0.21,
        "Normalized EBITDA": 255000000.0,
        "Total Unusual Items": -58000000.0,
        "Total Unusual Items Excluding Goodwill": -58000000.0,
        "Net Income From Continuing Operation Net Minority Interest": -46000000.0,
        "Reconciled Depreciation": 243000000.0,
        "Reconciled Cost Of Revenue": 1691000000.0,
        "EBITDA": 197000000.0,
        "EBIT": -46000000.0,
        "Net Interest Income": -69000000.0,
        "Interest Expense": 69000000.0,
        "Normalized Income": -180000.0,
        "Net Income From Continuing And Discontinued Operation": -46000000.0,
        "Total Expenses": 2621000000.0,
        "Total Operating Income As Reported": 127000000.0,
        "Diluted Average Shares": 256000000.0,
        "Basic Average Shares": 256000000.0,
        "Diluted EPS": -0.18,
        "Basic EPS": -0.18,
        "Diluted NI Availto Com Stockholders": -46000000.0,
        "Net Income Common Stockholders": -46000000.0,
        "Net Income": -46000000.0,
        "Minority Interests": 0.0,
        "Net Income Including Noncontrolling Interests": -46000000.0,
        "Net Income Continuous Operations": -46000000.0,
        "Tax Provision": -69000000.0,
        "Pretax Income": -115000000.0,
        "Other Income Expense": -196000000.0,
        "Other Non Operating Income Expenses": -138000000.0,
        "Special Income Charges": -58000000.0,
        "Gain On Sale Of Ppe": -33000000.0,
        "Gain On Sale Of Business": -2000000.0,
        "Impairment Of Capital Assets": 0.0,
        "Restructuring And Mergern Acquisition": 23000000.0,
        "Net Non Operating Interest Income Expense": -69000000.0,
        "Interest Expense Non Operating": 69000000.0,
        "Operating Income": 150000000.0,
        "Operating Expense": 830000000.0,
        "Depreciation Amortization Depletion Income Statement": 143000000.0,
        "Depreciation And Amortization In Income Statement": 143000000.0,
        "Amortization": 143000000.0,
        "Amortization Of Intangibles Income Statement": 143000000.0,
        "Research And Development": 170000000.0,
        "Selling General And Administration": 517000000.0,
        "Gross Profit": 980000000.0,
        "Cost Of Revenue": 1791000000.0,
        "Total Revenue": 2771000000.0,
        "Operating Revenue": 2771000000.0
    },
    "2025-03-31": {
        "Tax Effect Of Unusual Items": -468000000.0,
        "Tax Rate For Calcs": 0.4,
        "Normalized EBITDA": 483000000.0,
        "Total Unusual Items": -1170000000.0,
        "Total Unusual Items Excluding Goodwill": -1170000000.0,
        "Net Income From Continuing Operation Net Minority Interest": -1018000000.0,
        "Reconciled Depreciation": 236000000.0,
        "Reconciled Cost Of Revenue": 1715000000.0,
        "EBITDA": -687000000.0,
        "EBIT": -923000000.0,
        "Net Interest Income": -71000000.0,
        "Interest Expense": 71000000.0,
        "Normalized Income": -316000000.0,
        "Net Income From Continuing And Discontinued Operation": -1018000000.0,
        "Total Expenses": 2576000000.0,
        "Total Operating Income As Reported": -903000000.0,
        "Diluted Average Shares": 256000000.0,
        "Basic Average Shares": 256000000.0,
        "Diluted EPS": -3.98,
        "Basic EPS": -3.98,
        "Diluted NI Availto Com Stockholders": -1018000000.0,
        "Net Income Common Stockholders": -1018000000.0,
        "Net Income": -1018000000.0,
        "Minority Interests": -1000000.0,
        "Net Income Including Noncontrolling Interests": -1017000000.0,
        "Net Income Continuous Operations": -1017000000.0,
        "Tax Provision": 23000000.0,
        "Pretax Income": -994000000.0,
        "Other Income Expense": -1190000000.0,
        "Other Non Operating Income Expenses": -20000000.0,
        "Special Income Charges": -1170000000.0,
        "Gain On Sale Of Ppe": 0.0,
        "Gain On Sale Of Business": NaN,
        "Impairment Of Capital Assets": 1153000000.0,
        "Restructuring And Mergern Acquisition": 17000000.0,
        "Net Non Operating Interest Income Expense": -71000000.0,
        "Interest Expense Non Operating": 71000000.0,
        "Operating Income": 267000000.0,
        "Operating Expense": 768000000.0,
        "Depreciation Amortization Depletion Income Statement": 143000000.0,
        "Depreciation And Amortization In Income Statement": 143000000.0,
        "Amortization": 143000000.0,
        "Amortization Of Intangibles Income Statement": 143000000.0,
        "Research And Development": 164000000.0,
        "Selling General And Administration": 461000000.0,
        "Gross Profit": 1035000000.0,
        "Cost Of Revenue": 1808000000.0,
        "Total Revenue": 2843000000.0,
        "Operating Revenue": 2843000000.0
    }
}