{
    "2023-03-31": {
        "Tax Effect Of Unusual Items": 0.0,
        "Tax Rate For Calcs": 0.066116,
        "Net Income From Continuing Operation Net Minority Interest": 33900000.0,
        "Normalized Income": 33900000.0,
        "Net Income From Continuing And Discontinued Operation": 33900000.0,
        "Total Expenses": 83000000.0,
        "Diluted Average Shares": 46917794.0,
        "Basic Average Shares": 46917794.0,
        "Diluted EPS": 0.67565,
        "Basic EPS": 0.67565,
        "Diluted NI Availto Com Stockholders": 31700000.0,
        "Net Income Common Stockholders": 31700000.0,
        "Otherunder Preferred Stock Dividend": 2200000.0,
        "Net Income": 33900000.0,
        "Net Income Including Noncontrolling Interests": 33900000.0,
        "Net Income Continuous Operations": 33900000.0,
        "Tax Provision": 2400000.0,
        "Pretax Income": 36300000.0,
        "Other Income Expense": 600000.0,
        "Other Operating Expenses": 700000.0,
        "Selling General And Administration": 17000000.0,
        "General And Administrative Expense": 17000000.0,
        "Other Gand A": 17000000.0,
        "Total Revenue": 119300000.0,
        "Operating Revenue": 119300000.0,
        "Loss Adjustment Expense": 48000000.0,
        "Net Policyholder Benefits And Claims": 48000000.0
    },
    "2022-12-31": {
        "Tax Effect Of Unusual Items": NaN,
        "Tax Rate For Calcs": NaN,
        "Net Income From Continuing Operation Net Minority Interest": NaN,
        "Normalized Income": NaN,
        "Net Income From Continuing And Discontinued Operation": NaN,
        "Total Expenses": NaN,
        "Diluted Average Shares": 45200000.0,
        "Basic Average Shares": 45200000.0,
        "Diluted EPS": 0.53,
        "Basic EPS": 0.53,
        "Diluted NI Availto Com Stockholders": NaN,
        "Net Income Common Stockholders": NaN,
        "Otherunder Preferred Stock Dividend": NaN,
        "Net Income": NaN,
        "Net Income Including Noncontrolling Interests": NaN,
        "Net Income Continuous Operations": NaN,
        "Tax Provision": NaN,
        "Pretax Income": NaN,
        "Other Income Expense": NaN,
        "Other Operating Expenses": NaN,
        "Selling General And Administration": NaN,
        "General And Administrative Expense": NaN,
        "Other Gand A": NaN,
        "Total Revenue": NaN,
        "Operating Revenue": NaN,
        "Loss Adjustment Expense": NaN,
        "Net Policyholder Benefits And Claims": NaN
    },
    "2022-09-30": {
        "Tax Effect Of Unusual Items": 0.0,
        "Tax Rate For Calcs": 0.021053,
        "Net Income From Continuing Operation Net Minority Interest": 18600000.0,
        "Normalized Income": 18600000.0,
        "Net Income From Continuing And Discontinued Operation": 18600000.0,
        "Total Expenses": 71000000.0,
        "Diluted Average Shares": 49142335.0,
        "Basic Average Shares": 49142335.0,
        "Diluted EPS": 0.4314,
        "Basic EPS": 0.4314,
        "Diluted NI Availto Com Stockholders": 17200000.0,
        "Net Income Common Stockholders": 17200000.0,
        "Otherunder Preferred Stock Dividend": 1400000.0,
        "Net Income": 18600000.0,
        "Net Income Including Noncontrolling Interests": 18600000.0,
        "Net Income Continuous Operations": 18600000.0,
        "Tax Provision": 400000.0,
        "Pretax Income": 19000000.0,
        "Other Income Expense": NaN,
        "Other Operating Expenses": 300000.0,
        "Selling General And Administration": 16800000.0,
        "General And Administrative Expense": 16800000.0,
        "Other Gand A": 16800000.0,
        "Total Revenue": 90000000.0,
        "Operating Revenue": 90000000.0
    },
    "2022-06-30": {
        "Tax Effect Of Unusual Items": 0.0,
        "Tax Rate For Calcs": 0.4,
        "Net Income From Continuing Operation Net Minority Interest": 21867000.0,
        "Normalized Income": 21867000.0,
        "Net Income From Continuing And Discontinued Operation": 21867000.0,
        "Total Expenses": 87345000.0,
        "Diluted Average Shares": 49290153.0,
        "Basic Average Shares": 49290153.0,
        "Diluted EPS": 0.419962,
        "Basic EPS": 0.419962,
        "Diluted NI Availto Com Stockholders": 23267000.0,
        "Net Income Common Stockholders": 23267000.0,
        "Otherunder Preferred Stock Dividend": 1300000.0,
        "Net Income": 21867000.0,
        "Net Income Including Noncontrolling Interests": 21867000.0,
        "Net Income Continuous Operations": 21867000.0,
        "Tax Provision": -705000.0,
        "Pretax Income": 21162000.0,
        "Other Income Expense": 400000.0,
        "Other Operating Expenses": 129000.0,
        "Selling General And Administration": 16238000.0,
        "General And Administrative Expense": 16238000.0,
        "Other Gand A": 16238000.0,
        "Total Revenue": 108507000.0,
        "Operating Revenue": 108507000.0
    },
    "2022-03-31": {
        "Diluted EPS": 0.47,
        "Total Revenue": 87,
        "Gross Profit": 42,
        "Operating Income": 25,
        "EBIT": 25,
        "Net Income": 22
    },
    "2021-12-31": {
        "Diluted EPS": 0.2,
        "Total Revenue": 86,
        "Gross Profit": 31,
        "Operating Income": 14,
        "EBIT": 14,
        "Net Income": 6
    },
    "2021-09-30": {
        "Diluted EPS": 0.31,
        "Total Revenue": 91,
        "Gross Profit": 27,
        "Operating Income": 14,
        "EBIT": 14,
        "Net Income": 16
    },
    "2021-06-30": {
        "Diluted EPS": 0.17,
        "Total Revenue": 86,
        "Gross Profit": 21,
        "Operating Income": 7,
        "EBIT": 7,
        "Net Income": 8
    },
    "2021-03-31": {
        "Diluted EPS": 0.21,
        "Total Revenue": 82,
        "Gross Profit": 28,
        "Operating Income": 13,
        "EBIT": 13,
        "Net Income": 10
    },
    "2020-12-31": {
        "Diluted EPS": 0.26,
        "Total Revenue": 74,
        "Gross Profit": 15,
        "Operating Income": 2,
        "EBIT": 2,
        "Net Income": 10
    },
    "2020-09-30": {
        "Diluted EPS": 0.1,
        "Total Revenue": 73,
        "Gross Profit": 16,
        "Operating Income": 5,
        "EBIT": 5,
        "Net Income": 5
    },
    "2020-06-30": {
        "Diluted EPS": 0.25,
        "Total Revenue": 68,
        "Gross Profit": 23,
        "Operating Income": 11,
        "EBIT": 12,
        "Net Income": 11
    },
    "2020-03-31": {
        "Diluted EPS": -0.02,
        "Total Revenue": 69,
        "Gross Profit": 23,
        "Operating Income": 13,
        "EBIT": 13,
        "Net Income": -1
    },
    "2019-12-31": {
        "Diluted EPS": 0.34,
        "Total Revenue": 108,
        "Gross Profit": 22,
        "Operating Income": 2,
        "EBIT": 4,
        "Net Income": 10
    },
    "2019-09-30": {
        "Diluted EPS": 0.13,
        "Total Revenue": 54,
        "Gross Profit": 16,
        "Operating Income": 6,
        "EBIT": 5,
        "Net Income": 4
    },
    "2019-06-30": {
        "Diluted EPS": 0.24,
        "Total Revenue": 54,
        "Gross Profit": 14,
        "Operating Income": 5,
        "EBIT": 6,
        "Net Income": 8
    },
    "2019-03-31": {
        "Diluted EPS": -0.02,
        "Total Revenue": NaN,
        "Gross Profit": NaN,
        "Operating Income": 0,
        "EBIT": 0,
        "Net Income": 0
    },
    "2018-12-31": {
        "Diluted EPS": -0.02,
        "Total Revenue": NaN,
        "Gross Profit": -127,
        "Operating Income": -162,
        "EBIT": -161,
        "Net Income": 0
    },
    "2018-09-30": {
        "Diluted EPS": -0.02,
        "Total Revenue": NaN,
        "Gross Profit": NaN,
        "Operating Income": 0,
        "EBIT": 0,
        "Net Income": 0
    },
    "2018-06-30": {
        "Diluted EPS": -0.01,
        "Total Revenue": NaN,
        "Gross Profit": NaN,
        "Operating Income": 0,
        "EBIT": 0,
        "Net Income": 0
    },
    "2018-03-31": {
        "Diluted EPS": 0.0,
        "Total Revenue": NaN,
        "Gross Profit": NaN,
        "Operating Income": 0,
        "EBIT": 0,
        "Net Income": 0
    },
    "2017-12-31": {
        "Diluted EPS": 0.0,
        "Total Revenue": NaN,
        "Gross Profit": NaN,
        "Operating Income": 0,
        "EBIT": 0,
        "Net Income": 0
    },
    "2017-09-30": {
        "Diluted EPS": 0.0,
        "Total Revenue": NaN,
        "Gross Profit": NaN,
        "Operating Income": 0,
        "EBIT": 0,
        "Net Income": 0
    },
    "2017-06-30": {
        "Diluted EPS": 0.0,
        "Total Revenue": NaN,
        "Gross Profit": NaN,
        "Operating Income": 0,
        "EBIT": 0,
        "Net Income": 0
    },
    "2017-03-31": {
        "Diluted EPS": 0.0,
        "Total Revenue": NaN,
        "Gross Profit": NaN,
        "Operating Income": 0,
        "EBIT": 0,
        "Net Income": 0
    },
    "2023-06-30": {
        "Tax Effect Of Unusual Items": 0.0,
        "Tax Rate For Calcs": 0.055684,
        "Net Income From Continuing Operation Net Minority Interest": 40463000.0,
        "Normalized Income": 40463000.0,
        "Net Income From Continuing And Discontinued Operation": 40463000.0,
        "Total Expenses": 87765000.0,
        "Diluted Average Shares": 43100000.0,
        "Basic Average Shares": 43100000.0,
        "Diluted EPS": 0.87935,
        "Basic EPS": 0.87935,
        "Diluted NI Availto Com Stockholders": 42663000.0,
        "Net Income Common Stockholders": 42663000.0,
        "Otherunder Preferred Stock Dividend": 2600000.0,
        "Net Income": 40463000.0,
        "Net Income Including Noncontrolling Interests": 40463000.0,
        "Net Income Continuous Operations": 40463000.0,
        "Tax Provision": 2386000.0,
        "Pretax Income": 42849000.0,
        "Other Income Expense": 495000.0,
        "Other Operating Expenses": 792000.0,
        "Selling General And Administration": 18851000.0,
        "General And Administrative Expense": 18851000.0,
        "Other Gand A": 18851000.0,
        "Total Revenue": 130614000.0,
        "Operating Revenue": 130614000.0,
        "Loss Adjustment Expense": 45757000.0,
        "Net Policyholder Benefits And Claims": 45757000.0
    },
    "2023-09-30": {
        "Tax Effect Of Unusual Items": NaN,
        "Tax Rate For Calcs": NaN,
        "Net Income From Continuing Operation Net Minority Interest": NaN,
        "Normalized Income": NaN,
        "Net Income From Continuing And Discontinued Operation": NaN,
        "Total Expenses": NaN,
        "Diluted Average Shares": 46476159.0,
        "Basic Average Shares": 46476159.0,
        "Diluted EPS": 0.219467,
        "Basic EPS": 0.219467,
        "Diluted NI Availto Com Stockholders": NaN,
        "Net Income Common Stockholders": NaN,
        "Otherunder Preferred Stock Dividend": NaN,
        "Net Income": NaN,
        "Net Income Including Noncontrolling Interests": NaN,
        "Net Income Continuous Operations": NaN,
        "Tax Provision": NaN,
        "Pretax Income": NaN,
        "Other Income Expense": NaN,
        "Other Operating Expenses": NaN,
        "Selling General And Administration": NaN,
        "General And Administrative Expense": NaN,
        "Other Gand A": NaN,
        "Total Revenue": NaN,
        "Operating Revenue": NaN,
        "Loss Adjustment Expense": NaN,
        "Net Policyholder Benefits And Claims": NaN
    },
    "2023-12-31": {
        "Tax Effect Of Unusual Items": 0.0,
        "Tax Rate For Calcs": 0.047737,
        "Net Income From Continuing Operation Net Minority Interest": 32994000.0,
        "Normalized Income": 32994000.0,
        "Net Income From Continuing And Discontinued Operation": 32994000.0,
        "Total Expenses": 97136000.0,
        "Diluted Average Shares": 44497079.0,
        "Basic Average Shares": 44497079.0,
        "Diluted EPS": 0.741622,
        "Basic EPS": 0.741622,
        "Diluted NI Availto Com Stockholders": 30995000.0,
        "Net Income Common Stockholders": 30995000.0,
        "Otherunder Preferred Stock Dividend": 1999000.0,
        "Net Income": 32994000.0,
        "Net Income Including Noncontrolling Interests": 32994000.0,
        "Net Income Continuous Operations": 32994000.0,
        "Tax Provision": 1654000.0,
        "Pretax Income": 34648000.0,
        "Other Income Expense": 162000.0,
        "Other Operating Expenses": 3146000.0,
        "Selling General And Administration": 22627000.0,
        "General And Administrative Expense": 22627000.0,
        "Other Gand A": 22627000.0,
        "Total Revenue": 131784000.0,
        "Operating Revenue": 131784000.0,
        "Loss Adjustment Expense": 54687000.0,
        "Net Policyholder Benefits And Claims": 54687000.0
    },
    "2024-03-31": {
        "Tax Effect Of Unusual Items": NaN,
        "Tax Rate For Calcs": NaN,
        "Net Income From Continuing Operation Net Minority Interest": NaN,
        "Normalized Income": NaN,
        "Net Income From Continuing And Discontinued Operation": NaN,
        "Total Expenses": NaN,
        "Diluted Average Shares": NaN,
        "Basic Average Shares": NaN,
        "Diluted EPS": NaN,
        "Basic EPS": NaN,
        "Diluted NI Availto Com Stockholders": NaN,
        "Net Income Common Stockholders": NaN,
        "Otherunder Preferred Stock Dividend": 500000.0,
        "Net Income": NaN,
        "Net Income Including Noncontrolling Interests": NaN,
        "Net Income Continuous Operations": NaN,
        "Tax Provision": NaN,
        "Pretax Income": NaN,
        "Other Income Expense": NaN,
        "Other Operating Expenses": NaN,
        "Selling General And Administration": NaN,
        "General And Administrative Expense": NaN,
        "Other Gand A": NaN,
        "Total Revenue": NaN,
        "Operating Revenue": NaN,
        "Loss Adjustment Expense": NaN,
        "Net Policyholder Benefits And Claims": NaN
    },
    "2024-06-30": {
        "Tax Effect Of Unusual Items": 0.0,
        "Tax Rate For Calcs": 0.02381,
        "Net Income From Continuing Operation Net Minority Interest": 32800000.0,
        "Normalized Income": 32800000.0,
        "Net Income From Continuing And Discontinued Operation": 32800000.0,
        "Total Expenses": 101600000.0,
        "Diluted Average Shares": 45669974.0,
        "Basic Average Shares": 45669974.0,
        "Diluted EPS": 0.718196,
        "Basic EPS": 0.718196,
        "Diluted NI Availto Com Stockholders": 32800000.0,
        "Net Income Common Stockholders": 32800000.0,
        "Otherunder Preferred Stock Dividend": 600000.0,
        "Net Income": 32800000.0,
        "Net Income Including Noncontrolling Interests": 32800000.0,
        "Net Income Continuous Operations": 32800000.0,
        "Tax Provision": 800000.0,
        "Pretax Income": 33600000.0,
        "Other Income Expense": 300000.0,
        "Other Operating Expenses": 2700000.0,
        "Selling General And Administration": 22400000.0,
        "General And Administrative Expense": 22400000.0,
        "Other Gand A": 22400000.0,
        "Total Revenue": 135200000.0,
        "Operating Revenue": 135200000.0,
        "Loss Adjustment Expense": 54900000.0,
        "Net Policyholder Benefits And Claims": 54900000.0
    },
    "2024-09-30": {
        "Tax Effect Of Unusual Items": 0.0,
        "Tax Rate For Calcs": 0.030899,
        "Net Income From Continuing Operation Net Minority Interest": 34500000.0,
        "Normalized Income": 34500000.0,
        "Net Income From Continuing And Discontinued Operation": 34500000.0,
        "Total Expenses": 109400000.0,
        "Diluted Average Shares": 45800000.0,
        "Basic Average Shares": 45340740.0,
        "Diluted EPS": 0.75,
        "Basic EPS": 0.756494,
        "Diluted NI Availto Com Stockholders": 34300000.0,
        "Net Income Common Stockholders": 34300000.0,
        "Otherunder Preferred Stock Dividend": 200000.0,
        "Net Income": 34500000.0,
        "Net Income Including Noncontrolling Interests": 34500000.0,
        "Net Income Continuous Operations": 34500000.0,
        "Tax Provision": 1100000.0,
        "Pretax Income": 35600000.0,
        "Other Income Expense": 500000.0,
        "Other Operating Expenses": 900000.0,
        "Selling General And Administration": 23800000.0,
        "General And Administrative Expense": 23800000.0,
        "Other Gand A": 23800000.0,
        "Total Revenue": 145000000.0,
        "Operating Revenue": 145000000.0,
        "Loss Adjustment Expense": 65000000.0,
        "Net Policyholder Benefits And Claims": 65000000.0
    },
    "2024-12-31": {
        "Tax Effect Of Unusual Items": 0.0,
        "Tax Rate For Calcs": 0.25,
        "Net Income From Continuing Operation Net Minority Interest": 30051000.0,
        "Normalized Income": 30051000.0,
        "Net Income From Continuing And Discontinued Operation": 30051000.0,
        "Total Expenses": 96660000.0,
        "Diluted Average Shares": 46153846.0,
        "Basic Average Shares": 45108936.0,
        "Diluted EPS": 0.65,
        "Basic EPS": 0.665057,
        "Diluted NI Availto Com Stockholders": 30011000.0,
        "Net Income Common Stockholders": 30011000.0,
        "Otherunder Preferred Stock Dividend": 40000.0,
        "Net Income": 30051000.0,
        "Net Income Including Noncontrolling Interests": 30051000.0,
        "Net Income Continuous Operations": 30051000.0,
        "Tax Provision": -4360000.0,
        "Pretax Income": 25691000.0,
        "Other Income Expense": 988000.0,
        "Other Operating Expenses": 2751000.0,
        "Selling General And Administration": 22062000.0,
        "General And Administrative Expense": 22062000.0,
        "Other Gand A": 22062000.0,
        "Total Revenue": 122351000.0,
        "Operating Revenue": 122351000.0,
        "Loss Adjustment Expense": 51812000.0,
        "Net Policyholder Benefits And Claims": 51812000.0
    },
    "2025-03-31": {
        "Tax Effect Of Unusual Items": 0.0,
        "Tax Rate For Calcs": 0.04878,
        "Net Income From Continuing Operation Net Minority Interest": 27300000.0,
        "Normalized Income": 27300000.0,
        "Net Income From Continuing And Discontinued Operation": 27300000.0,
        "Total Expenses": 107500000.0,
        "Diluted Average Shares": 45296900.0,
        "Basic Average Shares": 45296900.0,
        "Diluted EPS": 0.585029,
        "Basic EPS": 0.585029,
        "Diluted NI Availto Com Stockholders": 26500000.0,
        "Net Income Common Stockholders": 26500000.0,
        "Otherunder Preferred Stock Dividend": 800000.0,
        "Net Income": 27300000.0,
        "Net Income Including Noncontrolling Interests": 27300000.0,
        "Net Income Continuous Operations": 27300000.0,
        "Tax Provision": 1400000.0,
        "Pretax Income": 28700000.0,
        "Other Income Expense": 700000.0,
        "Other Operating Expenses": 1000000.0,
        "Selling General And Administration": 21600000.0,
        "General And Administrative Expense": 21600000.0,
        "Other Gand A": 21600000.0,
        "Total Revenue": 136200000.0,
        "Operating Revenue": 136200000.0,
        "Loss Adjustment Expense": 62600000.0,
        "Net Policyholder Benefits And Claims": 62600000.0
    },
    "2025-06-30": {
        "Tax Effect Of Unusual Items": 0.0,
        "Tax Rate For Calcs": 0.017291,
        "Net Income From Continuing Operation Net Minority Interest": 34100000.0,
        "Normalized Income": 34100000.0,
        "Net Income From Continuing And Discontinued Operation": 34100000.0,
        "Total Expenses": 107900000.0,
        "Diluted Average Shares": 44400000.0,
        "Basic Average Shares": 43101947.0,
        "Diluted EPS": 0.77,
        "Basic EPS": 0.791148,
        "Diluted NI Availto Com Stockholders": 34100000.0,
        "Net Income Common Stockholders": 34100000.0,
        "Otherunder Preferred Stock Dividend": NaN,
        "Net Income": 34100000.0,
        "Net Income Including Noncontrolling Interests": 34100000.0,
        "Net Income Continuous Operations": 34100000.0,
        "Tax Provision": 600000.0,
        "Pretax Income": 34700000.0,
        "Other Income Expense": 800000.0,
        "Other Operating Expenses": 3700000.0,
        "Selling General And Administration": 24200000.0,
        "General And Administrative Expense": 24200000.0,
        "Other Gand A": 24200000.0,
        "Total Revenue": 142600000.0,
        "Operating Revenue": 142600000.0,
        "Loss Adjustment Expense": 61200000.0,
        "Net Policyholder Benefits And Claims": 61200000.0
    }
}