{
    "2023-03-31": {
        "Tax Effect Of Unusual Items": NaN,
        "Tax Rate For Calcs": NaN,
        "Normalized EBITDA": NaN,
        "Net Income From Continuing Operation Net Minority Interest": NaN,
        "Reconciled Cost Of Revenue": NaN,
        "EBITDA": NaN,
        "EBIT": NaN,
        "Normalized Income": NaN,
        "Net Income From Continuing And Discontinued Operation": NaN,
        "Total Expenses": NaN,
        "Total Operating Income As Reported": NaN,
        "Diluted Average Shares": 54654261.0,
        "Basic Average Shares": 52847602.0,
        "Diluted EPS": 0.98196,
        "Basic EPS": 1.01202,
        "Diluted NI Availto Com Stockholders": NaN,
        "Net Income Common Stockholders": NaN,
        "Net Income": NaN,
        "Net Income Including Noncontrolling Interests": NaN,
        "Net Income Continuous Operations": NaN,
        "Tax Provision": NaN,
        "Pretax Income": NaN,
        "Other Income Expense": NaN,
        "Other Non Operating Income Expenses": NaN,
        "Operating Income": NaN,
        "Operating Expense": NaN,
        "Research And Development": NaN,
        "Selling General And Administration": NaN,
        "Selling And Marketing Expense": NaN,
        "General And Administrative Expense": NaN,
        "Other Gand A": NaN,
        "Gross Profit": NaN,
        "Cost Of Revenue": NaN,
        "Total Revenue": NaN,
        "Operating Revenue": NaN
    },
    "2022-12-31": {
        "Tax Effect Of Unusual Items": NaN,
        "Tax Rate For Calcs": NaN,
        "Normalized EBITDA": NaN,
        "Net Income From Continuing Operation Net Minority Interest": NaN,
        "Reconciled Cost Of Revenue": NaN,
        "EBITDA": NaN,
        "EBIT": NaN,
        "Normalized Income": NaN,
        "Net Income From Continuing And Discontinued Operation": NaN,
        "Total Expenses": NaN,
        "Total Operating Income As Reported": NaN,
        "Diluted Average Shares": 54033560.0,
        "Basic Average Shares": 53205925.0,
        "Diluted EPS": 0.66,
        "Basic EPS": 0.67,
        "Diluted NI Availto Com Stockholders": NaN,
        "Net Income Common Stockholders": NaN,
        "Net Income": NaN,
        "Net Income Including Noncontrolling Interests": NaN,
        "Net Income Continuous Operations": NaN,
        "Tax Provision": NaN,
        "Pretax Income": NaN,
        "Other Income Expense": NaN,
        "Other Non Operating Income Expenses": NaN,
        "Operating Income": NaN,
        "Operating Expense": NaN,
        "Research And Development": NaN,
        "Selling General And Administration": NaN,
        "Selling And Marketing Expense": NaN,
        "General And Administrative Expense": NaN,
        "Other Gand A": NaN,
        "Gross Profit": NaN,
        "Cost Of Revenue": NaN,
        "Total Revenue": NaN,
        "Operating Revenue": NaN
    },
    "2022-09-30": {
        "Tax Effect Of Unusual Items": NaN,
        "Tax Rate For Calcs": NaN,
        "Normalized EBITDA": NaN,
        "Net Income From Continuing Operation Net Minority Interest": NaN,
        "Reconciled Cost Of Revenue": NaN,
        "EBITDA": NaN,
        "EBIT": NaN,
        "Normalized Income": NaN,
        "Net Income From Continuing And Discontinued Operation": NaN,
        "Total Expenses": NaN,
        "Total Operating Income As Reported": NaN,
        "Diluted Average Shares": 54114651.0,
        "Basic Average Shares": 53240710.0,
        "Diluted EPS": 0.73,
        "Basic EPS": 0.74,
        "Diluted NI Availto Com Stockholders": NaN,
        "Net Income Common Stockholders": NaN,
        "Net Income": NaN,
        "Net Income Including Noncontrolling Interests": NaN,
        "Net Income Continuous Operations": NaN,
        "Tax Provision": NaN,
        "Pretax Income": NaN,
        "Other Income Expense": NaN,
        "Other Non Operating Income Expenses": NaN,
        "Operating Income": NaN,
        "Operating Expense": NaN,
        "Research And Development": NaN,
        "Selling General And Administration": NaN,
        "Selling And Marketing Expense": NaN,
        "General And Administrative Expense": NaN,
        "Other Gand A": NaN,
        "Gross Profit": NaN,
        "Cost Of Revenue": NaN,
        "Total Revenue": NaN,
        "Operating Revenue": NaN
    },
    "2022-06-30": {
        "Tax Effect Of Unusual Items": 0.0,
        "Tax Rate For Calcs": 0.146394,
        "Normalized EBITDA": 22610000.0,
        "Net Income From Continuing Operation Net Minority Interest": 21790000.0,
        "Reconciled Cost Of Revenue": 67417000.0,
        "EBITDA": 22610000.0,
        "EBIT": 22610000.0,
        "Normalized Income": 21790000.0,
        "Net Income From Continuing And Discontinued Operation": 21790000.0,
        "Total Expenses": 207997000.0,
        "Total Operating Income As Reported": 22610000.0,
        "Diluted Average Shares": 53958284.0,
        "Basic Average Shares": 53308924.0,
        "Diluted EPS": 0.4,
        "Basic EPS": 0.41,
        "Diluted NI Availto Com Stockholders": 21790000.0,
        "Net Income Common Stockholders": 21790000.0,
        "Net Income": 21790000.0,
        "Net Income Including Noncontrolling Interests": 21790000.0,
        "Net Income Continuous Operations": 21790000.0,
        "Tax Provision": 3737000.0,
        "Pretax Income": 25527000.0,
        "Other Income Expense": 2917000.0,
        "Other Non Operating Income Expenses": 2917000.0,
        "Operating Income": 22610000.0,
        "Operating Expense": 140580000.0,
        "Research And Development": 78201000.0,
        "Selling General And Administration": 62379000.0,
        "Selling And Marketing Expense": 33530000.0,
        "General And Administrative Expense": 28849000.0,
        "Other Gand A": 28849000.0,
        "Gross Profit": 163190000.0,
        "Cost Of Revenue": 67417000.0,
        "Total Revenue": 230607000.0,
        "Operating Revenue": 230607000.0
    },
    "2023-06-30": {
        "Tax Effect Of Unusual Items": NaN,
        "Tax Rate For Calcs": NaN,
        "Normalized EBITDA": NaN,
        "Net Income From Continuing Operation Net Minority Interest": NaN,
        "Reconciled Cost Of Revenue": NaN,
        "EBITDA": NaN,
        "EBIT": NaN,
        "Normalized Income": NaN,
        "Net Income From Continuing And Discontinued Operation": NaN,
        "Total Expenses": NaN,
        "Total Operating Income As Reported": NaN,
        "Diluted Average Shares": 54725528.0,
        "Basic Average Shares": 52804594.0,
        "Diluted EPS": 0.77,
        "Basic EPS": 0.8,
        "Diluted NI Availto Com Stockholders": NaN,
        "Net Income Common Stockholders": NaN,
        "Net Income": NaN,
        "Net Income Including Noncontrolling Interests": NaN,
        "Net Income Continuous Operations": NaN,
        "Tax Provision": NaN,
        "Pretax Income": NaN,
        "Other Income Expense": NaN,
        "Other Non Operating Income Expenses": NaN,
        "Operating Income": NaN,
        "Operating Expense": NaN,
        "Research And Development": NaN,
        "Selling General And Administration": NaN,
        "Selling And Marketing Expense": NaN,
        "General And Administrative Expense": NaN,
        "Other Gand A": NaN,
        "Gross Profit": NaN,
        "Cost Of Revenue": NaN,
        "Total Revenue": NaN,
        "Operating Revenue": NaN
    },
    "2023-09-30": {
        "Tax Effect Of Unusual Items": NaN,
        "Tax Rate For Calcs": NaN,
        "Normalized EBITDA": NaN,
        "Net Income From Continuing Operation Net Minority Interest": NaN,
        "Reconciled Cost Of Revenue": NaN,
        "EBITDA": NaN,
        "EBIT": NaN,
        "Normalized Income": NaN,
        "Net Income From Continuing And Discontinued Operation": NaN,
        "Total Expenses": NaN,
        "Total Operating Income As Reported": NaN,
        "Diluted Average Shares": 54772536.0,
        "Basic Average Shares": 52747426.0,
        "Diluted EPS": 0.95,
        "Basic EPS": 0.98,
        "Diluted NI Availto Com Stockholders": NaN,
        "Net Income Common Stockholders": NaN,
        "Net Income": NaN,
        "Net Income Including Noncontrolling Interests": NaN,
        "Net Income Continuous Operations": NaN,
        "Tax Provision": NaN,
        "Pretax Income": NaN,
        "Other Income Expense": NaN,
        "Other Non Operating Income Expenses": NaN,
        "Operating Income": NaN,
        "Operating Expense": NaN,
        "Research And Development": NaN,
        "Selling General And Administration": NaN,
        "Selling And Marketing Expense": NaN,
        "General And Administrative Expense": NaN,
        "Other Gand A": NaN,
        "Gross Profit": NaN,
        "Cost Of Revenue": NaN,
        "Total Revenue": NaN,
        "Operating Revenue": NaN
    },
    "2023-12-31": {
        "Tax Effect Of Unusual Items": 0.0,
        "Tax Rate For Calcs": 0.25,
        "Normalized EBITDA": 21895000.0,
        "Net Income From Continuing Operation Net Minority Interest": 33271000.0,
        "Reconciled Cost Of Revenue": 72201000.0,
        "EBITDA": 21895000.0,
        "EBIT": 21895000.0,
        "Normalized Income": 33271000.0,
        "Net Income From Continuing And Discontinued Operation": 33271000.0,
        "Total Expenses": 228552000.0,
        "Total Operating Income As Reported": 21895000.0,
        "Diluted Average Shares": NaN,
        "Basic Average Shares": NaN,
        "Diluted EPS": NaN,
        "Basic EPS": NaN,
        "Diluted NI Availto Com Stockholders": 33271000.0,
        "Net Income Common Stockholders": 33271000.0,
        "Net Income": 33271000.0,
        "Net Income Including Noncontrolling Interests": 33271000.0,
        "Net Income Continuous Operations": 33271000.0,
        "Tax Provision": -2411000.0,
        "Pretax Income": 30860000.0,
        "Other Income Expense": -19577000.0,
        "Other Non Operating Income Expenses": -19577000.0,
        "Operating Income": 21895000.0,
        "Operating Expense": 156351000.0,
        "Research And Development": 66293000.0,
        "Selling General And Administration": 90058000.0,
        "Selling And Marketing Expense": 64511000.0,
        "General And Administrative Expense": 25547000.0,
        "Other Gand A": 25547000.0,
        "Gross Profit": 178246000.0,
        "Cost Of Revenue": 72201000.0,
        "Total Revenue": 250447000.0,
        "Operating Revenue": 250447000.0
    },
    "2024-03-31": {
        "Tax Effect Of Unusual Items": 0.0,
        "Tax Rate For Calcs": 0.157748,
        "Normalized EBITDA": 17469000.0,
        "Net Income From Continuing Operation Net Minority Interest": 22302000.0,
        "Reconciled Cost Of Revenue": 66892000.0,
        "EBITDA": 17469000.0,
        "EBIT": 17469000.0,
        "Normalized Income": 22302000.0,
        "Net Income From Continuing And Discontinued Operation": 22302000.0,
        "Total Expenses": 217534000.0,
        "Total Operating Income As Reported": 17469000.0,
        "Diluted Average Shares": 54691599.0,
        "Basic Average Shares": 52729148.0,
        "Diluted EPS": 0.41,
        "Basic EPS": 0.42,
        "Diluted NI Availto Com Stockholders": 22302000.0,
        "Net Income Common Stockholders": 22302000.0,
        "Net Income": 22302000.0,
        "Net Income Including Noncontrolling Interests": 22302000.0,
        "Net Income Continuous Operations": 22302000.0,
        "Tax Provision": 4177000.0,
        "Pretax Income": 26479000.0,
        "Other Income Expense": 9010000.0,
        "Other Non Operating Income Expenses": 9010000.0,
        "Operating Income": 17469000.0,
        "Operating Expense": 150642000.0,
        "Research And Development": 67923000.0,
        "Selling General And Administration": 82719000.0,
        "Selling And Marketing Expense": 54995000.0,
        "General And Administrative Expense": 27724000.0,
        "Other Gand A": 27724000.0,
        "Gross Profit": 168111000.0,
        "Cost Of Revenue": 66892000.0,
        "Total Revenue": 235003000.0,
        "Operating Revenue": 235003000.0
    },
    "2024-06-30": {
        "Tax Effect Of Unusual Items": 0.0,
        "Tax Rate For Calcs": 0.126572,
        "Normalized EBITDA": 18827000.0,
        "Net Income From Continuing Operation Net Minority Interest": 24663000.0,
        "Reconciled Cost Of Revenue": 63372000.0,
        "EBITDA": 18827000.0,
        "EBIT": 18827000.0,
        "Normalized Income": 24663000.0,
        "Net Income From Continuing And Discontinued Operation": 24663000.0,
        "Total Expenses": 196280000.0,
        "Total Operating Income As Reported": 18827000.0,
        "Diluted Average Shares": 10859084.0,
        "Basic Average Shares": 10499308.0,
        "Diluted EPS": 2.25,
        "Basic EPS": 2.35,
        "Diluted NI Availto Com Stockholders": 24663000.0,
        "Net Income Common Stockholders": 24663000.0,
        "Net Income": 24663000.0,
        "Net Income Including Noncontrolling Interests": 24663000.0,
        "Net Income Continuous Operations": 24663000.0,
        "Tax Provision": 3574000.0,
        "Pretax Income": 28237000.0,
        "Other Income Expense": 9410000.0,
        "Other Non Operating Income Expenses": 9410000.0,
        "Operating Income": 18827000.0,
        "Operating Expense": 132908000.0,
        "Research And Development": 57219000.0,
        "Selling General And Administration": 75689000.0,
        "Selling And Marketing Expense": 51263000.0,
        "General And Administrative Expense": 24426000.0,
        "Other Gand A": 24426000.0,
        "Gross Profit": 151735000.0,
        "Cost Of Revenue": 63372000.0,
        "Total Revenue": 215107000.0,
        "Operating Revenue": 215107000.0
    },
    "2024-09-30": {
        "Tax Effect Of Unusual Items": 0.0,
        "Tax Rate For Calcs": 0.124608,
        "Normalized EBITDA": 20698000.0,
        "Net Income From Continuing Operation Net Minority Interest": 25143000.0,
        "Reconciled Cost Of Revenue": 75541000.0,
        "EBITDA": 20698000.0,
        "EBIT": 20698000.0,
        "Normalized Income": 25143000.0,
        "Net Income From Continuing And Discontinued Operation": 25143000.0,
        "Total Expenses": 218709000.0,
        "Total Operating Income As Reported": 20698000.0,
        "Diluted Average Shares": 54011420.0,
        "Basic Average Shares": 52283334.0,
        "Diluted EPS": 0.47,
        "Basic EPS": 0.48,
        "Diluted NI Availto Com Stockholders": 25143000.0,
        "Net Income Common Stockholders": 25143000.0,
        "Net Income": 25143000.0,
        "Net Income Including Noncontrolling Interests": 25143000.0,
        "Net Income Continuous Operations": 25143000.0,
        "Tax Provision": 3579000.0,
        "Pretax Income": 28722000.0,
        "Other Income Expense": 8024000.0,
        "Other Non Operating Income Expenses": 8024000.0,
        "Operating Income": 20698000.0,
        "Operating Expense": 143168000.0,
        "Research And Development": 59307000.0,
        "Selling General And Administration": 83861000.0,
        "Selling And Marketing Expense": 60863000.0,
        "General And Administrative Expense": 22998000.0,
        "Other Gand A": 22998000.0,
        "Gross Profit": 163866000.0,
        "Cost Of Revenue": 75541000.0,
        "Total Revenue": 239407000.0,
        "Operating Revenue": 239407000.0
    },
    "2024-12-31": {
        "Tax Effect Of Unusual Items": 0.0,
        "Tax Rate For Calcs": 0.025108,
        "Normalized EBITDA": 14918000.0,
        "Net Income From Continuing Operation Net Minority Interest": 26481000.0,
        "Reconciled Cost Of Revenue": 76243000.0,
        "EBITDA": 14918000.0,
        "EBIT": 14918000.0,
        "Normalized Income": 26481000.0,
        "Net Income From Continuing And Discontinued Operation": 26481000.0,
        "Total Expenses": 217766000.0,
        "Total Operating Income As Reported": 14918000.0,
        "Diluted Average Shares": 53965183.0,
        "Basic Average Shares": 52097127.0,
        "Diluted EPS": 0.49,
        "Basic EPS": 0.51,
        "Diluted NI Availto Com Stockholders": 26481000.0,
        "Net Income Common Stockholders": 26481000.0,
        "Net Income": 26481000.0,
        "Net Income Including Noncontrolling Interests": 26481000.0,
        "Net Income Continuous Operations": 26481000.0,
        "Tax Provision": 682000.0,
        "Pretax Income": 27163000.0,
        "Other Income Expense": 12245000.0,
        "Other Non Operating Income Expenses": 12245000.0,
        "Operating Income": 14918000.0,
        "Operating Expense": 141523000.0,
        "Research And Development": 63308000.0,
        "Selling General And Administration": 78215000.0,
        "Selling And Marketing Expense": 54109000.0,
        "General And Administrative Expense": 24106000.0,
        "Other Gand A": 24106000.0,
        "Gross Profit": 156441000.0,
        "Cost Of Revenue": 76243000.0,
        "Total Revenue": 232684000.0,
        "Operating Revenue": 232684000.0
    },
    "2025-03-31": {
        "Tax Effect Of Unusual Items": 0.0,
        "Tax Rate For Calcs": 0.104031,
        "Normalized EBITDA": 21597000.0,
        "Net Income From Continuing Operation Net Minority Interest": 26518000.0,
        "Reconciled Cost Of Revenue": 66663000.0,
        "EBITDA": 21597000.0,
        "EBIT": 21597000.0,
        "Normalized Income": 26518000.0,
        "Net Income From Continuing And Discontinued Operation": 26518000.0,
        "Total Expenses": 188842000.0,
        "Total Operating Income As Reported": 21597000.0,
        "Diluted Average Shares": 53884134.0,
        "Basic Average Shares": 51888345.0,
        "Diluted EPS": 0.49,
        "Basic EPS": 0.51,
        "Diluted NI Availto Com Stockholders": 26518000.0,
        "Net Income Common Stockholders": 26518000.0,
        "Net Income": 26518000.0,
        "Net Income Including Noncontrolling Interests": 26518000.0,
        "Net Income Continuous Operations": 26518000.0,
        "Tax Provision": 3079000.0,
        "Pretax Income": 29597000.0,
        "Other Income Expense": 8000000.0,
        "Other Non Operating Income Expenses": 8000000.0,
        "Operating Income": 21597000.0,
        "Operating Expense": 122179000.0,
        "Research And Development": 55385000.0,
        "Selling General And Administration": 66794000.0,
        "Selling And Marketing Expense": 41255000.0,
        "General And Administrative Expense": 25539000.0,
        "Other Gand A": 25539000.0,
        "Gross Profit": 143776000.0,
        "Cost Of Revenue": 66663000.0,
        "Total Revenue": 210439000.0,
        "Operating Revenue": 210439000.0
    },
    "2025-06-30": {
        "Tax Effect Of Unusual Items": 0.0,
        "Tax Rate For Calcs": 0.069288,
        "Normalized EBITDA": 19489000.0,
        "Net Income From Continuing Operation Net Minority Interest": 31889000.0,
        "Reconciled Cost Of Revenue": 64414000.0,
        "EBITDA": 19489000.0,
        "EBIT": 19489000.0,
        "Normalized Income": 31889000.0,
        "Net Income From Continuing And Discontinued Operation": 31889000.0,
        "Total Expenses": 180673000.0,
        "Total Operating Income As Reported": 19489000.0,
        "Diluted Average Shares": 10695682.0,
        "Basic Average Shares": 10279062.0,
        "Diluted EPS": 3.0,
        "Basic EPS": 3.1,
        "Diluted NI Availto Com Stockholders": 31889000.0,
        "Net Income Common Stockholders": 31889000.0,
        "Net Income": 31889000.0,
        "Net Income Including Noncontrolling Interests": 31889000.0,
        "Net Income Continuous Operations": 31889000.0,
        "Tax Provision": 2374000.0,
        "Pretax Income": 34263000.0,
        "Other Income Expense": 14774000.0,
        "Other Non Operating Income Expenses": 14774000.0,
        "Operating Income": 19489000.0,
        "Operating Expense": 116259000.0,
        "Research And Development": 52834000.0,
        "Selling General And Administration": 63425000.0,
        "Selling And Marketing Expense": 41279000.0,
        "General And Administrative Expense": 22146000.0,
        "Other Gand A": 22146000.0,
        "Gross Profit": 135748000.0,
        "Cost Of Revenue": 64414000.0,
        "Total Revenue": 200162000.0,
        "Operating Revenue": 200162000.0
    }
}