{
    "2023-03-31": {
        "Tax Effect Of Unusual Items": -63826.0,
        "Tax Rate For Calcs": 0.329,
        "Normalized EBITDA": 8731000.0,
        "Total Unusual Items": -194000.0,
        "Total Unusual Items Excluding Goodwill": -194000.0,
        "Net Income From Continuing Operation Net Minority Interest": 3491000.0,
        "Reconciled Depreciation": 1597000.0,
        "Reconciled Cost Of Revenue": 49169000.0,
        "EBITDA": 8537000.0,
        "EBIT": 6940000.0,
        "Net Interest Income": -1652000.0,
        "Interest Expense": 1736000.0,
        "Interest Income": 84000.0,
        "Normalized Income": 3621174.0,
        "Net Income From Continuing And Discontinued Operation": 3491000.0,
        "Total Expenses": 71436000.0,
        "Total Operating Income As Reported": 7050000.0,
        "Diluted Average Shares": 50288000.0,
        "Basic Average Shares": 48438000.0,
        "Diluted EPS": 0.07,
        "Basic EPS": 0.07,
        "Diluted NI Availto Com Stockholders": 3491000.0,
        "Net Income Common Stockholders": 3491000.0,
        "Net Income": 3491000.0,
        "Net Income Including Noncontrolling Interests": 3491000.0,
        "Net Income Continuous Operations": 3491000.0,
        "Tax Provision": 1713000.0,
        "Pretax Income": 5204000.0,
        "Other Income Expense": -194000.0,
        "Gain On Sale Of Security": -194000.0,
        "Net Non Operating Interest Income Expense": -1652000.0,
        "Interest Expense Non Operating": 1736000.0,
        "Interest Income Non Operating": 84000.0,
        "Operating Income": 7050000.0,
        "Operating Expense": 22267000.0,
        "Depreciation Amortization Depletion Income Statement": 1597000.0,
        "Depreciation And Amortization In Income Statement": 1597000.0,
        "Selling General And Administration": 20670000.0,
        "Gross Profit": 29317000.0,
        "Cost Of Revenue": 49169000.0,
        "Total Revenue": 78486000.0,
        "Operating Revenue": 78486000.0
    },
    "2022-12-31": {
        "Tax Effect Of Unusual Items": NaN,
        "Tax Rate For Calcs": NaN,
        "Normalized EBITDA": NaN,
        "Total Unusual Items": NaN,
        "Total Unusual Items Excluding Goodwill": NaN,
        "Net Income From Continuing Operation Net Minority Interest": NaN,
        "Reconciled Depreciation": NaN,
        "Reconciled Cost Of Revenue": NaN,
        "EBITDA": NaN,
        "EBIT": NaN,
        "Net Interest Income": NaN,
        "Interest Expense": NaN,
        "Interest Income": NaN,
        "Normalized Income": NaN,
        "Net Income From Continuing And Discontinued Operation": NaN,
        "Total Expenses": NaN,
        "Total Operating Income As Reported": NaN,
        "Diluted Average Shares": 49769000.0,
        "Basic Average Shares": 48128000.0,
        "Diluted EPS": 0.09,
        "Basic EPS": 0.09,
        "Diluted NI Availto Com Stockholders": NaN,
        "Net Income Common Stockholders": NaN,
        "Net Income": NaN,
        "Net Income Including Noncontrolling Interests": NaN,
        "Net Income Continuous Operations": NaN,
        "Tax Provision": NaN,
        "Pretax Income": NaN,
        "Other Income Expense": NaN,
        "Gain On Sale Of Security": NaN,
        "Net Non Operating Interest Income Expense": NaN,
        "Interest Expense Non Operating": NaN,
        "Interest Income Non Operating": NaN,
        "Operating Income": NaN,
        "Operating Expense": NaN,
        "Depreciation Amortization Depletion Income Statement": NaN,
        "Depreciation And Amortization In Income Statement": NaN,
        "Selling General And Administration": NaN,
        "Gross Profit": NaN,
        "Cost Of Revenue": NaN,
        "Total Revenue": NaN,
        "Operating Revenue": NaN
    },
    "2022-09-30": {
        "Tax Effect Of Unusual Items": 23580.0,
        "Tax Rate For Calcs": 0.18,
        "Normalized EBITDA": 8753000.0,
        "Total Unusual Items": 131000.0,
        "Total Unusual Items Excluding Goodwill": 131000.0,
        "Net Income From Continuing Operation Net Minority Interest": 5556000.0,
        "Reconciled Depreciation": 1285000.0,
        "Reconciled Cost Of Revenue": 39787000.0,
        "EBITDA": 8884000.0,
        "EBIT": 7598000.0,
        "Net Interest Income": -787000.0,
        "Interest Expense": 824000.0,
        "Interest Income": 37000.0,
        "Normalized Income": 5448580.0,
        "Net Income From Continuing And Discontinued Operation": 5556000.0,
        "Total Expenses": 61406000.0,
        "Total Operating Income As Reported": 7430000.0,
        "Diluted Average Shares": 49844000.0,
        "Basic Average Shares": 47888000.0,
        "Diluted EPS": 0.11,
        "Basic EPS": 0.12,
        "Diluted NI Availto Com Stockholders": 5556000.0,
        "Net Income Common Stockholders": 5556000.0,
        "Net Income": 5556000.0,
        "Net Income Including Noncontrolling Interests": 5556000.0,
        "Net Income Continuous Operations": 5556000.0,
        "Tax Provision": 1218000.0,
        "Pretax Income": 6774000.0,
        "Other Income Expense": 131000.0,
        "Gain On Sale Of Security": 131000.0,
        "Net Non Operating Interest Income Expense": -787000.0,
        "Interest Expense Non Operating": 824000.0,
        "Interest Income Non Operating": 37000.0,
        "Operating Income": 7430000.0,
        "Operating Expense": 21620000.0,
        "Depreciation Amortization Depletion Income Statement": 1286000.0,
        "Depreciation And Amortization In Income Statement": 1286000.0,
        "Selling General And Administration": 20334000.0,
        "Gross Profit": 29050000.0,
        "Cost Of Revenue": 39786000.0,
        "Total Revenue": 68836000.0,
        "Operating Revenue": 68836000.0
    },
    "2022-06-30": {
        "Tax Effect Of Unusual Items": 24204.01438,
        "Tax Rate For Calcs": 0.25749,
        "Normalized EBITDA": 8490000.0,
        "Total Unusual Items": 94000.0,
        "Total Unusual Items Excluding Goodwill": 94000.0,
        "Net Income From Continuing Operation Net Minority Interest": 4957000.0,
        "Reconciled Depreciation": 1298000.0,
        "Reconciled Cost Of Revenue": 41370000.0,
        "EBITDA": 8584000.0,
        "EBIT": 7286000.0,
        "Net Interest Income": -566000.0,
        "Interest Expense": 610000.0,
        "Interest Income": 44000.0,
        "Normalized Income": 4887204.01438,
        "Net Income From Continuing And Discontinued Operation": 4957000.0,
        "Total Expenses": 63553000.0,
        "Total Operating Income As Reported": 7148000.0,
        "Diluted Average Shares": 50742000.0,
        "Basic Average Shares": 48160000.0,
        "Diluted EPS": 0.1,
        "Basic EPS": 0.1,
        "Diluted NI Availto Com Stockholders": 4957000.0,
        "Net Income Common Stockholders": 4957000.0,
        "Net Income": 4957000.0,
        "Net Income Including Noncontrolling Interests": 4957000.0,
        "Net Income Continuous Operations": 4957000.0,
        "Tax Provision": 1719000.0,
        "Pretax Income": 6676000.0,
        "Other Income Expense": 94000.0,
        "Gain On Sale Of Security": 94000.0,
        "Net Non Operating Interest Income Expense": -566000.0,
        "Interest Expense Non Operating": 610000.0,
        "Interest Income Non Operating": 44000.0,
        "Operating Income": 7148000.0,
        "Operating Expense": 22183000.0,
        "Depreciation Amortization Depletion Income Statement": 1298000.0,
        "Depreciation And Amortization In Income Statement": 1298000.0,
        "Selling General And Administration": 20885000.0,
        "Gross Profit": 29331000.0,
        "Cost Of Revenue": 41370000.0,
        "Total Revenue": 70701000.0,
        "Operating Revenue": 70701000.0
    },
    "2023-04-30": {
        "Diluted EPS": 0.07,
        "Total Revenue": 607,
        "Gross Profit": 250,
        "Operating Income": 15,
        "EBIT": 22,
        "Net Income": 3
    },
    "2023-01-31": {
        "Diluted EPS": -5.41,
        "Total Revenue": 854,
        "Gross Profit": 282,
        "Operating Income": -292,
        "EBIT": -285,
        "Net Income": -261
    },
    "2022-10-31": {
        "Diluted EPS": 1.26,
        "Total Revenue": NaN,
        "Gross Profit": 345,
        "Operating Income": 97,
        "EBIT": 104,
        "Net Income": 61
    },
    "2022-07-31": {
        "Diluted EPS": 0.74,
        "Total Revenue": 605,
        "Gross Profit": 229,
        "Operating Income": 31,
        "EBIT": 38,
        "Net Income": 36
    },
    "2022-04-30": {
        "Diluted EPS": 0.62,
        "Total Revenue": 689,
        "Gross Profit": 246,
        "Operating Income": 55,
        "EBIT": 61,
        "Net Income": 31
    },
    "2022-01-31": {
        "Diluted EPS": 0.97,
        "Total Revenue": 748,
        "Gross Profit": 252,
        "Operating Income": 67,
        "EBIT": 74,
        "Net Income": 48
    },
    "2021-10-31": {
        "Diluted EPS": 2.16,
        "Total Revenue": NaN,
        "Gross Profit": 348,
        "Operating Income": 158,
        "EBIT": 165,
        "Net Income": 107
    },
    "2021-07-31": {
        "Diluted EPS": 0.39,
        "Total Revenue": 483,
        "Gross Profit": 193,
        "Operating Income": 39,
        "EBIT": 46,
        "Net Income": 19
    },
    "2021-04-30": {
        "Diluted EPS": 0.53,
        "Total Revenue": 520,
        "Gross Profit": 195,
        "Operating Income": 47,
        "EBIT": 54,
        "Net Income": 26
    },
    "2021-01-31": {
        "Diluted EPS": 0.32,
        "Total Revenue": 526,
        "Gross Profit": 188,
        "Operating Income": 27,
        "EBIT": 36,
        "Net Income": 15
    },
    "2020-10-31": {
        "Diluted EPS": 1.29,
        "Total Revenue": 827,
        "Gross Profit": 298,
        "Operating Income": 110,
        "EBIT": 120,
        "Net Income": 63
    },
    "2020-07-31": {
        "Diluted EPS": -0.31,
        "Total Revenue": 297,
        "Gross Profit": 135,
        "Operating Income": -11,
        "EBIT": -2,
        "Net Income": -15
    },
    "2020-04-30": {
        "Diluted EPS": -0.82,
        "Total Revenue": 405,
        "Gross Profit": 124,
        "Operating Income": -43,
        "EBIT": -33,
        "Net Income": -39
    },
    "2020-01-31": {
        "Diluted EPS": 0.5,
        "Total Revenue": 755,
        "Gross Profit": 251,
        "Operating Income": 32,
        "EBIT": 42,
        "Net Income": 25
    },
    "2019-10-31": {
        "Diluted EPS": 1.97,
        "Total Revenue": NaN,
        "Gross Profit": 399,
        "Operating Income": 143,
        "EBIT": 153,
        "Net Income": 95
    },
    "2019-07-31": {
        "Diluted EPS": 0.23,
        "Total Revenue": 644,
        "Gross Profit": 232,
        "Operating Income": 27,
        "EBIT": 37,
        "Net Income": 11
    },
    "2019-04-30": {
        "Diluted EPS": 0.24,
        "Total Revenue": 634,
        "Gross Profit": 236,
        "Operating Income": 26,
        "EBIT": 35,
        "Net Income": 12
    },
    "2019-01-31": {
        "Diluted EPS": 0.49,
        "Total Revenue": 767,
        "Gross Profit": 259,
        "Operating Income": 44,
        "EBIT": 54,
        "Net Income": 24
    },
    "2018-10-31": {
        "Diluted EPS": 1.86,
        "Total Revenue": NaN,
        "Gross Profit": 382,
        "Operating Income": 140,
        "EBIT": 150,
        "Net Income": 94
    },
    "2018-07-31": {
        "Diluted EPS": 0.2,
        "Total Revenue": 625,
        "Gross Profit": 232,
        "Operating Income": 23,
        "EBIT": 33,
        "Net Income": 10
    },
    "2018-04-30": {
        "Diluted EPS": 0.2,
        "Total Revenue": 612,
        "Gross Profit": 235,
        "Operating Income": 23,
        "EBIT": 32,
        "Net Income": 10
    },
    "2018-01-31": {
        "Diluted EPS": -0.01,
        "Total Revenue": 715,
        "Gross Profit": 259,
        "Operating Income": 22,
        "EBIT": 32,
        "Net Income": -1
    },
    "2017-10-31": {
        "Diluted EPS": 1.65,
        "Total Revenue": NaN,
        "Gross Profit": 391,
        "Operating Income": 141,
        "EBIT": 148,
        "Net Income": 82
    },
    "2017-07-31": {
        "Diluted EPS": -0.18,
        "Total Revenue": 538,
        "Gross Profit": 203,
        "Operating Income": -4,
        "EBIT": 7,
        "Net Income": -9
    },
    "2017-04-30": {
        "Diluted EPS": -0.21,
        "Total Revenue": 529,
        "Gross Profit": 202,
        "Operating Income": -6,
        "EBIT": 4,
        "Net Income": -10
    },
    "2017-01-31": {
        "Diluted EPS": -0.43,
        "Total Revenue": 603,
        "Gross Profit": 199,
        "Operating Income": -21,
        "EBIT": -12,
        "Net Income": -20
    },
    "2016-10-31": {
        "Diluted EPS": 1.5,
        "Total Revenue": 883,
        "Gross Profit": 321,
        "Operating Income": 115,
        "EBIT": 123,
        "Net Income": 71
    },
    "2016-07-31": {
        "Diluted EPS": -0.03,
        "Total Revenue": 442,
        "Gross Profit": 156,
        "Operating Income": -5,
        "EBIT": 2,
        "Net Income": -1
    },
    "2016-04-30": {
        "Diluted EPS": 0.06,
        "Total Revenue": 457,
        "Gross Profit": 166,
        "Operating Income": 5,
        "EBIT": 13,
        "Net Income": 3
    },
    "2016-01-31": {
        "Diluted EPS": 0.17,
        "Total Revenue": 527,
        "Gross Profit": 179,
        "Operating Income": 12,
        "EBIT": 20,
        "Net Income": 8
    },
    "2015-10-31": {
        "Diluted EPS": 1.87,
        "Total Revenue": 910,
        "Gross Profit": 337,
        "Operating Income": 139,
        "EBIT": 146,
        "Net Income": 87
    },
    "2015-07-31": {
        "Diluted EPS": 0.27,
        "Total Revenue": 474,
        "Gross Profit": 168,
        "Operating Income": 21,
        "EBIT": 27,
        "Net Income": 12
    },
    "2015-04-30": {
        "Diluted EPS": 0.15,
        "Total Revenue": 433,
        "Gross Profit": 154,
        "Operating Income": 12,
        "EBIT": 17,
        "Net Income": 7
    },
    "2015-01-31": {
        "Diluted EPS": 0.55,
        "Total Revenue": 514,
        "Gross Profit": 183,
        "Operating Income": 36,
        "EBIT": 42,
        "Net Income": 22
    },
    "2014-10-31": {
        "Diluted EPS": 1.76,
        "Total Revenue": 812,
        "Gross Profit": 295,
        "Operating Income": 113,
        "EBIT": 119,
        "Net Income": 81
    },
    "2014-07-31": {
        "Diluted EPS": 0.14,
        "Total Revenue": 424,
        "Gross Profit": 148,
        "Operating Income": 12,
        "EBIT": 17,
        "Net Income": 6
    },
    "2014-04-30": {
        "Diluted EPS": 0.03,
        "Total Revenue": 366,
        "Gross Profit": 130,
        "Operating Income": 3,
        "EBIT": 8,
        "Net Income": 1
    },
    "2014-01-31": {
        "Diluted EPS": 0.32,
        "Total Revenue": 473,
        "Gross Profit": 166,
        "Operating Income": 22,
        "EBIT": 26,
        "Net Income": 13
    },
    "2013-10-31": {
        "Diluted EPS": 1.43,
        "Total Revenue": 669,
        "Gross Profit": 227,
        "Operating Income": 98,
        "EBIT": 101,
        "Net Income": 60
    },
    "2013-07-31": {
        "Diluted EPS": 0.09,
        "Total Revenue": 304,
        "Gross Profit": 99,
        "Operating Income": 7,
        "EBIT": 10,
        "Net Income": 4
    },
    "2013-04-30": {
        "Diluted EPS": 0.03,
        "Total Revenue": 273,
        "Gross Profit": 92,
        "Operating Income": 3,
        "EBIT": 7,
        "Net Income": 1
    },
    "2013-01-31": {
        "Diluted EPS": 0.2,
        "Total Revenue": 375,
        "Gross Profit": 118,
        "Operating Income": 16,
        "EBIT": 19,
        "Net Income": 8
    },
    "2012-10-31": {
        "Diluted EPS": 1.19,
        "Total Revenue": 544,
        "Gross Profit": 190,
        "Operating Income": 81,
        "EBIT": 84,
        "Net Income": 48
    },
    "2012-07-31": {
        "Diluted EPS": 0.04,
        "Total Revenue": 251,
        "Gross Profit": 75,
        "Operating Income": 3,
        "EBIT": 5,
        "Net Income": 1
    },
    "2012-04-30": {
        "Diluted EPS": -0.02,
        "Total Revenue": 229,
        "Gross Profit": 69,
        "Operating Income": 0,
        "EBIT": 2,
        "Net Income": -1
    },
    "2012-01-31": {
        "Diluted EPS": 0.13,
        "Total Revenue": 294,
        "Gross Profit": 83,
        "Operating Income": 9,
        "EBIT": 11,
        "Net Income": 5
    },
    "2011-10-31": {
        "Diluted EPS": 1.08,
        "Total Revenue": 510,
        "Gross Profit": 162,
        "Operating Income": 73,
        "EBIT": 75,
        "Net Income": 44
    },
    "2011-07-31": {
        "Diluted EPS": 0.04,
        "Total Revenue": 230,
        "Gross Profit": 66,
        "Operating Income": 4,
        "EBIT": 6,
        "Net Income": 2
    },
    "2011-04-30": {
        "Diluted EPS": -0.02,
        "Total Revenue": 197,
        "Gross Profit": 59,
        "Operating Income": 0,
        "EBIT": 2,
        "Net Income": -1
    },
    "2011-01-31": {
        "Diluted EPS": 0.32,
        "Total Revenue": 270,
        "Gross Profit": 87,
        "Operating Income": 21,
        "EBIT": 23,
        "Net Income": 12
    },
    "2010-10-31": {
        "Diluted EPS": 1.08,
        "Total Revenue": 450,
        "Gross Profit": 154,
        "Operating Income": 72,
        "EBIT": 74,
        "Net Income": 43
    },
    "2010-07-31": {
        "Diluted EPS": 0.08,
        "Total Revenue": 189,
        "Gross Profit": 61,
        "Operating Income": 6,
        "EBIT": 7,
        "Net Income": 3
    },
    "2010-04-30": {
        "Diluted EPS": -0.04,
        "Total Revenue": 154,
        "Gross Profit": 49,
        "Operating Income": -2,
        "EBIT": -1,
        "Net Income": -1
    },
    "2010-01-31": {
        "Diluted EPS": 0.27,
        "Total Revenue": 194,
        "Gross Profit": 69,
        "Operating Income": 13,
        "EBIT": 15,
        "Net Income": 9
    },
    "2009-10-31": {
        "Diluted EPS": 0.94,
        "Total Revenue": 364,
        "Gross Profit": 126,
        "Operating Income": 58,
        "EBIT": 59,
        "Net Income": 32
    },
    "2009-07-31": {
        "Diluted EPS": -0.09,
        "Total Revenue": 136,
        "Gross Profit": 41,
        "Operating Income": -4,
        "EBIT": -2,
        "Net Income": -3
    },
    "2009-04-30": {
        "Diluted EPS": -0.21,
        "Total Revenue": 108,
        "Gross Profit": 31,
        "Operating Income": -11,
        "EBIT": -10,
        "Net Income": -7
    },
    "2009-01-31": {
        "Diluted EPS": -0.94,
        "Total Revenue": 171,
        "Gross Profit": 42,
        "Operating Income": -39,
        "EBIT": -37,
        "Net Income": -32
    },
    "2023-06-30": {
        "Tax Effect Of Unusual Items": 57874.359666,
        "Tax Rate For Calcs": 0.370989,
        "Normalized EBITDA": 6529000.0,
        "Total Unusual Items": 156000.0,
        "Total Unusual Items Excluding Goodwill": 156000.0,
        "Net Income From Continuing Operation Net Minority Interest": 2333000.0,
        "Reconciled Depreciation": 1569000.0,
        "Reconciled Cost Of Revenue": 45847000.0,
        "EBITDA": 6685000.0,
        "EBIT": 5116000.0,
        "Net Interest Income": -1310000.0,
        "Interest Expense": 1407000.0,
        "Interest Income": 97000.0,
        "Normalized Income": 2234874.359666,
        "Net Income From Continuing And Discontinued Operation": 2333000.0,
        "Total Expenses": 69746000.0,
        "Total Operating Income As Reported": 4863000.0,
        "Diluted Average Shares": 50317000.0,
        "Basic Average Shares": 48476000.0,
        "Diluted EPS": 0.05,
        "Basic EPS": 0.05,
        "Diluted NI Availto Com Stockholders": 2333000.0,
        "Net Income Common Stockholders": 2333000.0,
        "Net Income": 2333000.0,
        "Net Income Including Noncontrolling Interests": 2333000.0,
        "Net Income Continuous Operations": 2333000.0,
        "Tax Provision": 1376000.0,
        "Pretax Income": 3709000.0,
        "Other Income Expense": 156000.0,
        "Gain On Sale Of Security": 156000.0,
        "Net Non Operating Interest Income Expense": -1310000.0,
        "Interest Expense Non Operating": 1407000.0,
        "Interest Income Non Operating": 97000.0,
        "Operating Income": 4863000.0,
        "Operating Expense": 23899000.0,
        "Depreciation Amortization Depletion Income Statement": 1569000.0,
        "Depreciation And Amortization In Income Statement": 1569000.0,
        "Selling General And Administration": 22330000.0,
        "Gross Profit": 28762000.0,
        "Cost Of Revenue": 45847000.0,
        "Total Revenue": 74609000.0,
        "Operating Revenue": 74609000.0
    },
    "2023-09-30": {
        "Tax Effect Of Unusual Items": NaN,
        "Tax Rate For Calcs": NaN,
        "Normalized EBITDA": NaN,
        "Total Unusual Items": NaN,
        "Total Unusual Items Excluding Goodwill": NaN,
        "Net Income From Continuing Operation Net Minority Interest": NaN,
        "Reconciled Depreciation": NaN,
        "Reconciled Cost Of Revenue": NaN,
        "EBITDA": NaN,
        "EBIT": NaN,
        "Net Interest Income": NaN,
        "Interest Expense": NaN,
        "Interest Income": NaN,
        "Normalized Income": NaN,
        "Net Income From Continuing And Discontinued Operation": NaN,
        "Total Expenses": NaN,
        "Total Operating Income As Reported": NaN,
        "Diluted Average Shares": 50257000.0,
        "Basic Average Shares": 48711000.0,
        "Diluted EPS": 0.06,
        "Basic EPS": 0.07,
        "Diluted NI Availto Com Stockholders": NaN,
        "Net Income Common Stockholders": NaN,
        "Net Income": NaN,
        "Net Income Including Noncontrolling Interests": NaN,
        "Net Income Continuous Operations": NaN,
        "Tax Provision": NaN,
        "Pretax Income": NaN,
        "Other Income Expense": NaN,
        "Gain On Sale Of Security": NaN,
        "Net Non Operating Interest Income Expense": NaN,
        "Interest Expense Non Operating": NaN,
        "Interest Income Non Operating": NaN,
        "Operating Income": NaN,
        "Operating Expense": NaN,
        "Depreciation Amortization Depletion Income Statement": NaN,
        "Depreciation And Amortization In Income Statement": NaN,
        "Selling General And Administration": NaN,
        "Gross Profit": NaN,
        "Cost Of Revenue": NaN,
        "Total Revenue": NaN,
        "Operating Revenue": NaN
    },
    "2023-12-31": {
        "Tax Effect Of Unusual Items": -24780.0,
        "Tax Rate For Calcs": 0.21,
        "Normalized EBITDA": -1746000.0,
        "Total Unusual Items": -118000.0,
        "Total Unusual Items Excluding Goodwill": -118000.0,
        "Net Income From Continuing Operation Net Minority Interest": -2871000.0,
        "Reconciled Depreciation": 1566000.0,
        "Reconciled Cost Of Revenue": 40865000.0,
        "EBITDA": -1864000.0,
        "EBIT": -3430000.0,
        "Net Interest Income": -1302000.0,
        "Interest Expense": 1514000.0,
        "Interest Income": 212000.0,
        "Normalized Income": -2777780.0,
        "Net Income From Continuing And Discontinued Operation": -2871000.0,
        "Total Expenses": 69710000.0,
        "Total Operating Income As Reported": -3524000.0,
        "Diluted Average Shares": 49838000.0,
        "Basic Average Shares": 48810000.0,
        "Diluted EPS": -0.06,
        "Basic EPS": -0.06,
        "Diluted NI Availto Com Stockholders": -2871000.0,
        "Net Income Common Stockholders": -2871000.0,
        "Net Income": -2871000.0,
        "Net Income Including Noncontrolling Interests": -2871000.0,
        "Net Income Continuous Operations": -2871000.0,
        "Tax Provision": -2073000.0,
        "Pretax Income": -4944000.0,
        "Other Income Expense": -118000.0,
        "Gain On Sale Of Security": -118000.0,
        "Net Non Operating Interest Income Expense": -1302000.0,
        "Interest Expense Non Operating": 1514000.0,
        "Interest Income Non Operating": 212000.0,
        "Operating Income": -3524000.0,
        "Operating Expense": 28845000.0,
        "Depreciation Amortization Depletion Income Statement": 1566000.0,
        "Depreciation And Amortization In Income Statement": 1566000.0,
        "Selling General And Administration": 27279000.0,
        "Gross Profit": 25321000.0,
        "Cost Of Revenue": 40865000.0,
        "Total Revenue": 66186000.0,
        "Operating Revenue": 66186000.0
    },
    "2024-03-31": {
        "Tax Effect Of Unusual Items": -446.685083,
        "Tax Rate For Calcs": 0.063812,
        "Normalized EBITDA": -608000.0,
        "Total Unusual Items": -7000.0,
        "Total Unusual Items Excluding Goodwill": -7000.0,
        "Net Income From Continuing Operation Net Minority Interest": -3389000.0,
        "Reconciled Depreciation": 1505000.0,
        "Reconciled Cost Of Revenue": 41047000.0,
        "EBITDA": -615000.0,
        "EBIT": -2120000.0,
        "Net Interest Income": -1243000.0,
        "Interest Expense": 1500000.0,
        "Interest Income": 257000.0,
        "Normalized Income": -3382446.685083,
        "Net Income From Continuing And Discontinued Operation": -3389000.0,
        "Total Expenses": 66639000.0,
        "Total Operating Income As Reported": -2370000.0,
        "Diluted Average Shares": 48492000.0,
        "Basic Average Shares": 48492000.0,
        "Diluted EPS": -0.07,
        "Basic EPS": -0.07,
        "Diluted NI Availto Com Stockholders": -3389000.0,
        "Net Income Common Stockholders": -3389000.0,
        "Net Income": -3389000.0,
        "Net Income Including Noncontrolling Interests": -3389000.0,
        "Net Income Continuous Operations": -3389000.0,
        "Tax Provision": -231000.0,
        "Pretax Income": -3620000.0,
        "Other Income Expense": -7000.0,
        "Gain On Sale Of Security": -7000.0,
        "Net Non Operating Interest Income Expense": -1243000.0,
        "Interest Expense Non Operating": 1500000.0,
        "Interest Income Non Operating": 257000.0,
        "Operating Income": -2370000.0,
        "Operating Expense": 25592000.0,
        "Depreciation Amortization Depletion Income Statement": 1505000.0,
        "Depreciation And Amortization In Income Statement": 1505000.0,
        "Selling General And Administration": 24087000.0,
        "Gross Profit": 23222000.0,
        "Cost Of Revenue": 41047000.0,
        "Total Revenue": 64269000.0,
        "Operating Revenue": 64269000.0
    },
    "2024-06-30": {
        "Tax Effect Of Unusual Items": 1565.386275,
        "Tax Rate For Calcs": 0.120414,
        "Normalized EBITDA": 5494000.0,
        "Total Unusual Items": 13000.0,
        "Total Unusual Items Excluding Goodwill": 13000.0,
        "Net Income From Continuing Operation Net Minority Interest": 2038000.0,
        "Reconciled Depreciation": 1622000.0,
        "Reconciled Cost Of Revenue": 38908000.0,
        "EBITDA": 5507000.0,
        "EBIT": 3885000.0,
        "Net Interest Income": -1346000.0,
        "Interest Expense": 1568000.0,
        "Interest Income": 222000.0,
        "Normalized Income": 2026565.386275,
        "Net Income From Continuing And Discontinued Operation": 2038000.0,
        "Total Expenses": 60613000.0,
        "Total Operating Income As Reported": 3650000.0,
        "Diluted Average Shares": 49577000.0,
        "Basic Average Shares": 48798000.0,
        "Diluted EPS": 0.04,
        "Basic EPS": 0.04,
        "Diluted NI Availto Com Stockholders": 2038000.0,
        "Net Income Common Stockholders": 2038000.0,
        "Net Income": 2038000.0,
        "Net Income Including Noncontrolling Interests": 2038000.0,
        "Net Income Continuous Operations": 2038000.0,
        "Tax Provision": 279000.0,
        "Pretax Income": 2317000.0,
        "Other Income Expense": 13000.0,
        "Gain On Sale Of Security": 13000.0,
        "Net Non Operating Interest Income Expense": -1346000.0,
        "Interest Expense Non Operating": 1568000.0,
        "Interest Income Non Operating": 222000.0,
        "Operating Income": 3650000.0,
        "Operating Expense": 21705000.0,
        "Depreciation Amortization Depletion Income Statement": 1622000.0,
        "Depreciation And Amortization In Income Statement": 1622000.0,
        "Selling General And Administration": 20083000.0,
        "Gross Profit": 25355000.0,
        "Cost Of Revenue": 38908000.0,
        "Total Revenue": 64263000.0,
        "Operating Revenue": 64263000.0
    },
    "2024-09-30": {
        "Tax Effect Of Unusual Items": -6300.0,
        "Tax Rate For Calcs": 0.21,
        "Normalized EBITDA": 6114000.0,
        "Total Unusual Items": -30000.0,
        "Total Unusual Items Excluding Goodwill": -30000.0,
        "Net Income From Continuing Operation Net Minority Interest": 1148000.0,
        "Reconciled Depreciation": 1597000.0,
        "Reconciled Cost Of Revenue": 36531000.0,
        "EBITDA": 6084000.0,
        "EBIT": 4486000.0,
        "Net Interest Income": -1382000.0,
        "Interest Expense": 1604000.0,
        "Interest Income": 222000.0,
        "Normalized Income": 1171700.0,
        "Net Income From Continuing And Discontinued Operation": 1148000.0,
        "Total Expenses": 56983000.0,
        "Total Operating Income As Reported": 4294000.0,
        "Diluted Average Shares": 50158000.0,
        "Basic Average Shares": 48940000.0,
        "Diluted EPS": 0.02,
        "Basic EPS": 0.02,
        "Diluted NI Availto Com Stockholders": 1148000.0,
        "Net Income Common Stockholders": 1148000.0,
        "Net Income": 1148000.0,
        "Net Income Including Noncontrolling Interests": 1148000.0,
        "Net Income Continuous Operations": 1148000.0,
        "Tax Provision": 1734000.0,
        "Pretax Income": 2882000.0,
        "Other Income Expense": -30000.0,
        "Special Income Charges": NaN,
        "Gain On Sale Of Business": NaN,
        "Gain On Sale Of Security": -30000.0,
        "Net Non Operating Interest Income Expense": -1382000.0,
        "Interest Expense Non Operating": 1604000.0,
        "Interest Income Non Operating": 222000.0,
        "Operating Income": 4294000.0,
        "Operating Expense": 20453000.0,
        "Depreciation Amortization Depletion Income Statement": 1598000.0,
        "Depreciation And Amortization In Income Statement": 1598000.0,
        "Selling General And Administration": 18855000.0,
        "Gross Profit": 24747000.0,
        "Cost Of Revenue": 36530000.0,
        "Total Revenue": 61277000.0,
        "Operating Revenue": 61277000.0
    },
    "2024-12-31": {
        "Tax Effect Of Unusual Items": 755672.697368,
        "Tax Rate For Calcs": 0.166118,
        "Normalized EBITDA": 1428000.0,
        "Total Unusual Items": 4549000.0,
        "Total Unusual Items Excluding Goodwill": 4549000.0,
        "Net Income From Continuing Operation Net Minority Interest": 3042000.0,
        "Reconciled Depreciation": 1164000.0,
        "Reconciled Cost Of Revenue": 33822000.0,
        "EBITDA": 5977000.0,
        "EBIT": 4813000.0,
        "Net Interest Income": -1084000.0,
        "Interest Expense": 1165000.0,
        "Interest Income": 81000.0,
        "Normalized Income": -751327.302632,
        "Net Income From Continuing And Discontinued Operation": 3042000.0,
        "Total Expenses": 57594000.0,
        "Total Operating Income As Reported": 183000.0,
        "Diluted Average Shares": 50638000.0,
        "Basic Average Shares": 48909000.0,
        "Diluted EPS": 0.06,
        "Basic EPS": 0.06,
        "Diluted NI Availto Com Stockholders": 3042000.0,
        "Net Income Common Stockholders": 3042000.0,
        "Net Income": 3042000.0,
        "Net Income Including Noncontrolling Interests": 3042000.0,
        "Net Income Continuous Operations": 3042000.0,
        "Tax Provision": 606000.0,
        "Pretax Income": 3648000.0,
        "Other Income Expense": 4549000.0,
        "Special Income Charges": NaN,
        "Gain On Sale Of Business": NaN,
        "Gain On Sale Of Security": 17000.0,
        "Net Non Operating Interest Income Expense": -1084000.0,
        "Interest Expense Non Operating": 1165000.0,
        "Interest Income Non Operating": 81000.0,
        "Operating Income": 183000.0,
        "Operating Expense": 23772000.0,
        "Depreciation Amortization Depletion Income Statement": 1164000.0,
        "Depreciation And Amortization In Income Statement": 1164000.0,
        "Selling General And Administration": 22608000.0,
        "Gross Profit": 23955000.0,
        "Cost Of Revenue": 33822000.0,
        "Total Revenue": 57777000.0,
        "Operating Revenue": 57777000.0
    },
    "2025-03-31": {
        "Tax Effect Of Unusual Items": 1137.0,
        "Tax Rate For Calcs": 0.379,
        "Normalized EBITDA": 4556000.0,
        "Total Unusual Items": 3000.0,
        "Total Unusual Items Excluding Goodwill": 3000.0,
        "Net Income From Continuing Operation Net Minority Interest": 1488000.0,
        "Reconciled Depreciation": 1105000.0,
        "Reconciled Cost Of Revenue": 33927000.0,
        "EBITDA": 4559000.0,
        "EBIT": 3454000.0,
        "Net Interest Income": -1001000.0,
        "Interest Expense": 1056000.0,
        "Interest Income": 55000.0,
        "Normalized Income": 1486137.0,
        "Net Income From Continuing And Discontinued Operation": 1488000.0,
        "Total Expenses": 56187000.0,
        "Total Operating Income As Reported": 3396000.0,
        "Diluted Average Shares": 50252000.0,
        "Basic Average Shares": 48369000.0,
        "Diluted EPS": 0.03,
        "Basic EPS": 0.03,
        "Diluted NI Availto Com Stockholders": 1488000.0,
        "Net Income Common Stockholders": 1488000.0,
        "Net Income": 1488000.0,
        "Net Income Including Noncontrolling Interests": 1488000.0,
        "Net Income Continuous Operations": 1488000.0,
        "Tax Provision": 910000.0,
        "Pretax Income": 2398000.0,
        "Other Income Expense": 3000.0,
        "Special Income Charges": NaN,
        "Gain On Sale Of Business": NaN,
        "Gain On Sale Of Security": 3000.0,
        "Net Non Operating Interest Income Expense": -1001000.0,
        "Interest Expense Non Operating": 1056000.0,
        "Interest Income Non Operating": 55000.0,
        "Operating Income": 3396000.0,
        "Operating Expense": 22260000.0,
        "Depreciation Amortization Depletion Income Statement": 1105000.0,
        "Depreciation And Amortization In Income Statement": 1105000.0,
        "Selling General And Administration": 21155000.0,
        "Gross Profit": 25656000.0,
        "Cost Of Revenue": 33927000.0,
        "Total Revenue": 59583000.0,
        "Operating Revenue": 59583000.0
    },
    "2025-06-30": {
        "Tax Effect Of Unusual Items": -37132.58427,
        "Tax Rate For Calcs": 0.386798,
        "Normalized EBITDA": 5867000.0,
        "Total Unusual Items": -96000.0,
        "Total Unusual Items Excluding Goodwill": -96000.0,
        "Net Income From Continuing Operation Net Minority Interest": 2183000.0,
        "Reconciled Depreciation": 1165000.0,
        "Reconciled Cost Of Revenue": 35591000.0,
        "EBITDA": 5771000.0,
        "EBIT": 4606000.0,
        "Net Interest Income": -1009000.0,
        "Interest Expense": 1046000.0,
        "Interest Income": 37000.0,
        "Normalized Income": 2241867.41573,
        "Net Income From Continuing And Discontinued Operation": 2183000.0,
        "Total Expenses": 56900000.0,
        "Total Operating Income As Reported": 4665000.0,
        "Diluted Average Shares": 50129000.0,
        "Basic Average Shares": 48274000.0,
        "Diluted EPS": 0.04,
        "Basic EPS": 0.05,
        "Diluted NI Availto Com Stockholders": 2183000.0,
        "Net Income Common Stockholders": 2183000.0,
        "Net Income": 2183000.0,
        "Net Income Including Noncontrolling Interests": 2183000.0,
        "Net Income Continuous Operations": 2183000.0,
        "Tax Provision": 1377000.0,
        "Pretax Income": 3560000.0,
        "Other Income Expense": -96000.0,
        "Special Income Charges": NaN,
        "Gain On Sale Of Business": NaN,
        "Gain On Sale Of Security": -96000.0,
        "Net Non Operating Interest Income Expense": -1009000.0,
        "Interest Expense Non Operating": 1046000.0,
        "Interest Income Non Operating": 37000.0,
        "Operating Income": 4665000.0,
        "Operating Expense": 21309000.0,
        "Depreciation Amortization Depletion Income Statement": 1165000.0,
        "Depreciation And Amortization In Income Statement": 1165000.0,
        "Selling General And Administration": 20144000.0,
        "Gross Profit": 25974000.0,
        "Cost Of Revenue": 35591000.0,
        "Total Revenue": 61565000.0,
        "Operating Revenue": 61565000.0
    },
    "2025-09-30": {
        "Tax Effect Of Unusual Items": 173940.700167,
        "Tax Rate For Calcs": 0.272208,
        "Normalized EBITDA": 5754000.0,
        "Total Unusual Items": 639000.0,
        "Total Unusual Items Excluding Goodwill": 639000.0,
        "Net Income From Continuing Operation Net Minority Interest": 3056000.0,
        "Reconciled Depreciation": 1143000.0,
        "Reconciled Cost Of Revenue": 36032000.0,
        "EBITDA": 6393000.0,
        "EBIT": 5250000.0,
        "Net Interest Income": -1028000.0,
        "Interest Expense": 1051000.0,
        "Interest Income": 23000.0,
        "Normalized Income": 2590940.700167,
        "Net Income From Continuing And Discontinued Operation": 3056000.0,
        "Total Expenses": 57776000.0,
        "Total Operating Income As Reported": 4588000.0,
        "Diluted Average Shares": 50437000.0,
        "Basic Average Shares": 48132000.0,
        "Diluted EPS": 0.06,
        "Basic EPS": 0.06,
        "Diluted NI Availto Com Stockholders": 3056000.0,
        "Net Income Common Stockholders": 3056000.0,
        "Net Income": 3056000.0,
        "Net Income Including Noncontrolling Interests": 3056000.0,
        "Net Income Continuous Operations": 3056000.0,
        "Tax Provision": 1143000.0,
        "Pretax Income": 4199000.0,
        "Other Income Expense": 639000.0,
        "Special Income Charges": 720000.0,
        "Gain On Sale Of Business": 720000.0,
        "Gain On Sale Of Security": -81000.0,
        "Net Non Operating Interest Income Expense": -1028000.0,
        "Interest Expense Non Operating": 1051000.0,
        "Interest Income Non Operating": 23000.0,
        "Operating Income": 4588000.0,
        "Operating Expense": 21744000.0,
        "Depreciation Amortization Depletion Income Statement": 1143000.0,
        "Depreciation And Amortization In Income Statement": 1143000.0,
        "Selling General And Administration": 20601000.0,
        "Gross Profit": 26332000.0,
        "Cost Of Revenue": 36032000.0,
        "Total Revenue": 62364000.0,
        "Operating Revenue": 62364000.0
    }
}