{
    "2023-06-30": {
        "Tax Effect Of Unusual Items": NaN,
        "Tax Rate For Calcs": NaN,
        "Normalized EBITDA": NaN,
        "Total Unusual Items": 0.0,
        "Total Unusual Items Excluding Goodwill": 0.0,
        "Net Income From Continuing Operation Net Minority Interest": NaN,
        "Reconciled Depreciation": NaN,
        "Reconciled Cost Of Revenue": NaN,
        "EBITDA": NaN,
        "EBIT": NaN,
        "Net Interest Income": NaN,
        "Interest Expense": NaN,
        "Interest Income": NaN,
        "Normalized Income": NaN,
        "Net Income From Continuing And Discontinued Operation": NaN,
        "Total Expenses": NaN,
        "Diluted Average Shares": 19548000.0,
        "Basic Average Shares": 19488000.0,
        "Diluted EPS": 0.54,
        "Basic EPS": 0.54,
        "Diluted NI Availto Com Stockholders": NaN,
        "Net Income Common Stockholders": NaN,
        "Net Income": NaN,
        "Net Income Including Noncontrolling Interests": NaN,
        "Net Income Continuous Operations": NaN,
        "Tax Provision": NaN,
        "Pretax Income": NaN,
        "Other Income Expense": NaN,
        "Other Non Operating Income Expenses": NaN,
        "Special Income Charges": 0.0,
        "Restructuring And Mergern Acquisition": 0.0,
        "Net Non Operating Interest Income Expense": NaN,
        "Interest Expense Non Operating": NaN,
        "Interest Income Non Operating": NaN,
        "Operating Income": NaN,
        "Operating Expense": NaN,
        "Selling General And Administration": NaN,
        "Gross Profit": NaN,
        "Cost Of Revenue": NaN,
        "Total Revenue": NaN,
        "Operating Revenue": NaN
    },
    "2023-03-31": {
        "Tax Effect Of Unusual Items": NaN,
        "Tax Rate For Calcs": NaN,
        "Normalized EBITDA": NaN,
        "Total Unusual Items": 0.0,
        "Total Unusual Items Excluding Goodwill": 0.0,
        "Net Income From Continuing Operation Net Minority Interest": NaN,
        "Reconciled Depreciation": NaN,
        "Reconciled Cost Of Revenue": NaN,
        "EBITDA": NaN,
        "EBIT": NaN,
        "Net Interest Income": NaN,
        "Interest Expense": NaN,
        "Interest Income": NaN,
        "Normalized Income": NaN,
        "Net Income From Continuing And Discontinued Operation": NaN,
        "Total Expenses": NaN,
        "Diluted Average Shares": 19562000.0,
        "Basic Average Shares": 19503000.0,
        "Diluted EPS": 0.26,
        "Basic EPS": 0.26,
        "Diluted NI Availto Com Stockholders": NaN,
        "Net Income Common Stockholders": NaN,
        "Net Income": NaN,
        "Net Income Including Noncontrolling Interests": NaN,
        "Net Income Continuous Operations": NaN,
        "Tax Provision": NaN,
        "Pretax Income": NaN,
        "Other Income Expense": NaN,
        "Other Non Operating Income Expenses": NaN,
        "Special Income Charges": 0.0,
        "Restructuring And Mergern Acquisition": 0.0,
        "Net Non Operating Interest Income Expense": NaN,
        "Interest Expense Non Operating": NaN,
        "Interest Income Non Operating": NaN,
        "Operating Income": NaN,
        "Operating Expense": NaN,
        "Selling General And Administration": NaN,
        "Gross Profit": NaN,
        "Cost Of Revenue": NaN,
        "Total Revenue": NaN,
        "Operating Revenue": NaN
    },
    "2022-12-31": {
        "Tax Effect Of Unusual Items": NaN,
        "Tax Rate For Calcs": NaN,
        "Normalized EBITDA": NaN,
        "Total Unusual Items": 0.0,
        "Total Unusual Items Excluding Goodwill": 0.0,
        "Net Income From Continuing Operation Net Minority Interest": NaN,
        "Reconciled Depreciation": NaN,
        "Reconciled Cost Of Revenue": NaN,
        "EBITDA": NaN,
        "EBIT": NaN,
        "Net Interest Income": NaN,
        "Interest Expense": NaN,
        "Interest Income": NaN,
        "Normalized Income": NaN,
        "Net Income From Continuing And Discontinued Operation": NaN,
        "Total Expenses": NaN,
        "Diluted Average Shares": NaN,
        "Basic Average Shares": NaN,
        "Diluted EPS": NaN,
        "Basic EPS": NaN,
        "Diluted NI Availto Com Stockholders": NaN,
        "Net Income Common Stockholders": NaN,
        "Net Income": NaN,
        "Net Income Including Noncontrolling Interests": NaN,
        "Net Income Continuous Operations": NaN,
        "Tax Provision": NaN,
        "Pretax Income": NaN,
        "Other Income Expense": NaN,
        "Other Non Operating Income Expenses": NaN,
        "Special Income Charges": 0.0,
        "Restructuring And Mergern Acquisition": 0.0,
        "Net Non Operating Interest Income Expense": NaN,
        "Interest Expense Non Operating": NaN,
        "Interest Income Non Operating": NaN,
        "Operating Income": NaN,
        "Operating Expense": NaN,
        "Selling General And Administration": NaN,
        "Gross Profit": NaN,
        "Cost Of Revenue": NaN,
        "Total Revenue": NaN,
        "Operating Revenue": NaN
    },
    "2022-09-30": {
        "Tax Effect Of Unusual Items": NaN,
        "Tax Rate For Calcs": NaN,
        "Normalized EBITDA": NaN,
        "Total Unusual Items": 0.0,
        "Total Unusual Items Excluding Goodwill": 0.0,
        "Net Income From Continuing Operation Net Minority Interest": NaN,
        "Reconciled Depreciation": NaN,
        "Reconciled Cost Of Revenue": NaN,
        "EBITDA": NaN,
        "EBIT": NaN,
        "Net Interest Income": NaN,
        "Interest Expense": NaN,
        "Interest Income": NaN,
        "Normalized Income": NaN,
        "Net Income From Continuing And Discontinued Operation": NaN,
        "Total Expenses": NaN,
        "Diluted Average Shares": NaN,
        "Basic Average Shares": NaN,
        "Diluted EPS": NaN,
        "Basic EPS": NaN,
        "Diluted NI Availto Com Stockholders": NaN,
        "Net Income Common Stockholders": NaN,
        "Net Income": NaN,
        "Net Income Including Noncontrolling Interests": NaN,
        "Net Income Continuous Operations": NaN,
        "Tax Provision": NaN,
        "Pretax Income": NaN,
        "Other Income Expense": NaN,
        "Other Non Operating Income Expenses": NaN,
        "Special Income Charges": 0.0,
        "Restructuring And Mergern Acquisition": 0.0,
        "Net Non Operating Interest Income Expense": NaN,
        "Interest Expense Non Operating": NaN,
        "Interest Income Non Operating": NaN,
        "Operating Income": NaN,
        "Operating Expense": NaN,
        "Selling General And Administration": NaN,
        "Gross Profit": NaN,
        "Cost Of Revenue": NaN,
        "Total Revenue": NaN,
        "Operating Revenue": NaN
    },
    "2022-06-30": {
        "Tax Effect Of Unusual Items": 0.0,
        "Tax Rate For Calcs": 0.227,
        "Normalized EBITDA": 53564000.0,
        "Total Unusual Items": 0.0,
        "Total Unusual Items Excluding Goodwill": 0.0,
        "Net Income From Continuing Operation Net Minority Interest": 38559000.0,
        "Reconciled Depreciation": 3632000.0,
        "Reconciled Cost Of Revenue": 169091000.0,
        "EBITDA": 53564000.0,
        "EBIT": 49932000.0,
        "Net Interest Income": 63000.0,
        "Interest Expense": 23000.0,
        "Interest Income": 86000.0,
        "Normalized Income": 38559000.0,
        "Net Income From Continuing And Discontinued Operation": 38559000.0,
        "Total Expenses": 177326000.0,
        "Diluted Average Shares": 19657000.0,
        "Basic Average Shares": 19537000.0,
        "Diluted EPS": 1.96,
        "Basic EPS": 1.97,
        "Diluted NI Availto Com Stockholders": 38559000.0,
        "Net Income Common Stockholders": 38559000.0,
        "Net Income": 38559000.0,
        "Net Income Including Noncontrolling Interests": 38559000.0,
        "Net Income Continuous Operations": 38559000.0,
        "Tax Provision": 11350000.0,
        "Pretax Income": 49909000.0,
        "Other Income Expense": -1000.0,
        "Other Non Operating Income Expenses": -1000.0,
        "Special Income Charges": 0.0,
        "Restructuring And Mergern Acquisition": 0.0,
        "Net Non Operating Interest Income Expense": 63000.0,
        "Interest Expense Non Operating": 23000.0,
        "Interest Income Non Operating": 86000.0,
        "Operating Income": 49847000.0,
        "Operating Expense": 8235000.0,
        "Selling General And Administration": 8235000.0,
        "Gross Profit": 58082000.0,
        "Cost Of Revenue": 169091000.0,
        "Total Revenue": 227173000.0,
        "Operating Revenue": 227173000.0
    },
    "2022-03-31": {
        "Diluted EPS": 1.99,
        "Total Revenue": 213,
        "Gross Profit": 57,
        "Operating Income": 50,
        "EBIT": 54,
        "Net Income": 39
    },
    "2021-12-31": {
        "Diluted EPS": 1.18,
        "Total Revenue": 178,
        "Gross Profit": 42,
        "Operating Income": 30,
        "EBIT": 34,
        "Net Income": 23
    },
    "2021-09-30": {
        "Diluted EPS": 1.29,
        "Total Revenue": 171,
        "Gross Profit": 40,
        "Operating Income": 33,
        "EBIT": 36,
        "Net Income": 25
    },
    "2021-06-30": {
        "Diluted EPS": 0.94,
        "Total Revenue": 161,
        "Gross Profit": 32,
        "Operating Income": 24,
        "EBIT": 27,
        "Net Income": 18
    },
    "2021-03-31": {
        "Diluted EPS": 0.76,
        "Total Revenue": 139,
        "Gross Profit": 30,
        "Operating Income": 19,
        "EBIT": 23,
        "Net Income": 15
    },
    "2020-12-31": {
        "Diluted EPS": 0.42,
        "Total Revenue": 120,
        "Gross Profit": 20,
        "Operating Income": 11,
        "EBIT": 14,
        "Net Income": 8
    },
    "2020-09-30": {
        "Diluted EPS": 0.38,
        "Total Revenue": 138,
        "Gross Profit": 19,
        "Operating Income": 9,
        "EBIT": 13,
        "Net Income": 7
    },
    "2020-06-30": {
        "Diluted EPS": 0.34,
        "Total Revenue": 122,
        "Gross Profit": 15,
        "Operating Income": 7,
        "EBIT": 11,
        "Net Income": 7
    },
    "2020-03-31": {
        "Diluted EPS": 0.23,
        "Total Revenue": 115,
        "Gross Profit": 15,
        "Operating Income": 5,
        "EBIT": 9,
        "Net Income": 4
    },
    "2019-12-31": {
        "Diluted EPS": 0.03,
        "Total Revenue": 98,
        "Gross Profit": 6,
        "Operating Income": 0,
        "EBIT": 4,
        "Net Income": 1
    },
    "2019-09-30": {
        "Diluted EPS": -0.08,
        "Total Revenue": 113,
        "Gross Profit": 4,
        "Operating Income": -2,
        "EBIT": 1,
        "Net Income": -2
    },
    "2019-06-30": {
        "Diluted EPS": 0.11,
        "Total Revenue": 126,
        "Gross Profit": 8,
        "Operating Income": 3,
        "EBIT": 6,
        "Net Income": 2
    },
    "2019-03-31": {
        "Diluted EPS": 0.05,
        "Total Revenue": 112,
        "Gross Profit": 7,
        "Operating Income": 0,
        "EBIT": 4,
        "Net Income": 1
    },
    "2018-12-31": {
        "Diluted EPS": 0.21,
        "Total Revenue": 104,
        "Gross Profit": 11,
        "Operating Income": 4,
        "EBIT": 8,
        "Net Income": 4
    },
    "2018-09-30": {
        "Diluted EPS": 0.48,
        "Total Revenue": 121,
        "Gross Profit": 20,
        "Operating Income": 12,
        "EBIT": 15,
        "Net Income": 9
    },
    "2018-06-30": {
        "Diluted EPS": 0.67,
        "Total Revenue": 127,
        "Gross Profit": 24,
        "Operating Income": 17,
        "EBIT": 20,
        "Net Income": 13
    },
    "2018-03-31": {
        "Diluted EPS": 0.31,
        "Total Revenue": 107,
        "Gross Profit": 15,
        "Operating Income": 8,
        "EBIT": 11,
        "Net Income": 6
    },
    "2017-12-31": {
        "Diluted EPS": 0.42,
        "Total Revenue": 98,
        "Gross Profit": 12,
        "Operating Income": 6,
        "EBIT": 9,
        "Net Income": 8
    },
    "2017-09-30": {
        "Diluted EPS": 0.19,
        "Total Revenue": 97,
        "Gross Profit": 12,
        "Operating Income": 6,
        "EBIT": 9,
        "Net Income": 4
    },
    "2017-06-30": {
        "Diluted EPS": 0.36,
        "Total Revenue": 97,
        "Gross Profit": 17,
        "Operating Income": 10,
        "EBIT": 13,
        "Net Income": 7
    },
    "2017-03-31": {
        "Diluted EPS": 0.39,
        "Total Revenue": 101,
        "Gross Profit": 18,
        "Operating Income": 11,
        "EBIT": 14,
        "Net Income": 7
    },
    "2016-12-31": {
        "Diluted EPS": 0.23,
        "Total Revenue": 94,
        "Gross Profit": 13,
        "Operating Income": 7,
        "EBIT": 10,
        "Net Income": 4
    },
    "2016-09-30": {
        "Diluted EPS": 0.5,
        "Total Revenue": 103,
        "Gross Profit": 23,
        "Operating Income": 15,
        "EBIT": 18,
        "Net Income": 10
    },
    "2016-06-30": {
        "Diluted EPS": 0.71,
        "Total Revenue": 116,
        "Gross Profit": 28,
        "Operating Income": 21,
        "EBIT": 24,
        "Net Income": 14
    },
    "2016-03-31": {
        "Diluted EPS": 0.38,
        "Total Revenue": 107,
        "Gross Profit": 19,
        "Operating Income": 11,
        "EBIT": 14,
        "Net Income": 7
    },
    "2015-12-31": {
        "Diluted EPS": 0.36,
        "Total Revenue": 92,
        "Gross Profit": 16,
        "Operating Income": 10,
        "EBIT": 13,
        "Net Income": 7
    },
    "2015-09-30": {
        "Diluted EPS": 0.5,
        "Total Revenue": 118,
        "Gross Profit": 22,
        "Operating Income": 14,
        "EBIT": 18,
        "Net Income": 10
    },
    "2015-06-30": {
        "Diluted EPS": 0.29,
        "Total Revenue": 117,
        "Gross Profit": 16,
        "Operating Income": 9,
        "EBIT": 12,
        "Net Income": 5
    },
    "2015-03-31": {
        "Diluted EPS": 0.14,
        "Total Revenue": 102,
        "Gross Profit": 9,
        "Operating Income": 2,
        "EBIT": 5,
        "Net Income": 3
    },
    "2014-12-31": {
        "Diluted EPS": 0.22,
        "Total Revenue": 111,
        "Gross Profit": 12,
        "Operating Income": 6,
        "EBIT": 9,
        "Net Income": 4
    },
    "2014-09-30": {
        "Diluted EPS": 0.24,
        "Total Revenue": 117,
        "Gross Profit": 14,
        "Operating Income": 6,
        "EBIT": 8,
        "Net Income": 5
    },
    "2014-06-30": {
        "Diluted EPS": 0.31,
        "Total Revenue": 113,
        "Gross Profit": 14,
        "Operating Income": 8,
        "EBIT": 11,
        "Net Income": 6
    },
    "2014-03-31": {
        "Diluted EPS": 0.19,
        "Total Revenue": 91,
        "Gross Profit": 12,
        "Operating Income": 6,
        "EBIT": 8,
        "Net Income": 4
    },
    "2013-12-31": {
        "Diluted EPS": 0.15,
        "Total Revenue": 87,
        "Gross Profit": 9,
        "Operating Income": 4,
        "EBIT": 7,
        "Net Income": 3
    },
    "2013-09-30": {
        "Diluted EPS": 0.13,
        "Total Revenue": 98,
        "Gross Profit": 9,
        "Operating Income": 3,
        "EBIT": 6,
        "Net Income": 2
    },
    "2013-06-30": {
        "Diluted EPS": 0.18,
        "Total Revenue": 97,
        "Gross Profit": 11,
        "Operating Income": 6,
        "EBIT": 8,
        "Net Income": 3
    },
    "2013-03-31": {
        "Diluted EPS": 0.2,
        "Total Revenue": 83,
        "Gross Profit": 11,
        "Operating Income": 6,
        "EBIT": 8,
        "Net Income": 4
    },
    "2012-12-31": {
        "Diluted EPS": 0.13,
        "Total Revenue": 86,
        "Gross Profit": 9,
        "Operating Income": 4,
        "EBIT": 6,
        "Net Income": 2
    },
    "2012-09-30": {
        "Diluted EPS": 0.05,
        "Total Revenue": 98,
        "Gross Profit": 6,
        "Operating Income": 1,
        "EBIT": 4,
        "Net Income": 1
    },
    "2012-06-30": {
        "Diluted EPS": 0.05,
        "Total Revenue": 94,
        "Gross Profit": 6,
        "Operating Income": 2,
        "EBIT": 4,
        "Net Income": 1
    },
    "2012-03-31": {
        "Diluted EPS": 0.01,
        "Total Revenue": 87,
        "Gross Profit": 5,
        "Operating Income": 0,
        "EBIT": 3,
        "Net Income": 0
    },
    "2011-12-31": {
        "Diluted EPS": -0.01,
        "Total Revenue": 85,
        "Gross Profit": 5,
        "Operating Income": -1,
        "EBIT": 2,
        "Net Income": 0
    },
    "2011-09-30": {
        "Diluted EPS": 0.07,
        "Total Revenue": 99,
        "Gross Profit": 8,
        "Operating Income": 2,
        "EBIT": 5,
        "Net Income": 1
    },
    "2011-06-30": {
        "Diluted EPS": 0.2,
        "Total Revenue": 99,
        "Gross Profit": 13,
        "Operating Income": 6,
        "EBIT": 8,
        "Net Income": 4
    },
    "2011-03-31": {
        "Diluted EPS": 0.15,
        "Total Revenue": 87,
        "Gross Profit": 12,
        "Operating Income": 5,
        "EBIT": 7,
        "Net Income": 3
    },
    "2010-12-31": {
        "Diluted EPS": -0.44,
        "Total Revenue": 52,
        "Gross Profit": 0,
        "Operating Income": -11,
        "EBIT": -9,
        "Net Income": -8
    },
    "2010-09-30": {
        "Diluted EPS": -0.08,
        "Total Revenue": 56,
        "Gross Profit": 2,
        "Operating Income": -1,
        "EBIT": 0,
        "Net Income": -2
    },
    "2010-06-30": {
        "Diluted EPS": 0.09,
        "Total Revenue": 62,
        "Gross Profit": 8,
        "Operating Income": 3,
        "EBIT": 5,
        "Net Income": 2
    },
    "2010-03-31": {
        "Diluted EPS": 0.09,
        "Total Revenue": 52,
        "Gross Profit": 6,
        "Operating Income": 2,
        "EBIT": 4,
        "Net Income": 2
    },
    "2009-12-31": {
        "Diluted EPS": -0.07,
        "Total Revenue": 41,
        "Gross Profit": 2,
        "Operating Income": -2,
        "EBIT": 0,
        "Net Income": -1
    },
    "2009-09-30": {
        "Diluted EPS": 0.1,
        "Total Revenue": 61,
        "Gross Profit": 9,
        "Operating Income": 5,
        "EBIT": 7,
        "Net Income": 2
    },
    "2009-06-30": {
        "Diluted EPS": -0.1,
        "Total Revenue": 57,
        "Gross Profit": 1,
        "Operating Income": -3,
        "EBIT": -1,
        "Net Income": -2
    },
    "2009-03-31": {
        "Diluted EPS": -0.94,
        "Total Revenue": 50,
        "Gross Profit": -21,
        "Operating Income": -25,
        "EBIT": -23,
        "Net Income": -16
    },
    "2023-09-30": {
        "Tax Effect Of Unusual Items": NaN,
        "Tax Rate For Calcs": NaN,
        "Normalized EBITDA": NaN,
        "Total Unusual Items": 0.0,
        "Total Unusual Items Excluding Goodwill": 0.0,
        "Net Income From Continuing Operation Net Minority Interest": NaN,
        "Reconciled Depreciation": NaN,
        "Reconciled Cost Of Revenue": NaN,
        "EBITDA": NaN,
        "EBIT": NaN,
        "Net Interest Income": NaN,
        "Interest Expense": NaN,
        "Interest Income": NaN,
        "Normalized Income": NaN,
        "Net Income From Continuing And Discontinued Operation": NaN,
        "Total Expenses": NaN,
        "Diluted Average Shares": NaN,
        "Basic Average Shares": NaN,
        "Diluted EPS": NaN,
        "Basic EPS": NaN,
        "Diluted NI Availto Com Stockholders": NaN,
        "Net Income Common Stockholders": NaN,
        "Net Income": NaN,
        "Net Income Including Noncontrolling Interests": NaN,
        "Net Income Continuous Operations": NaN,
        "Tax Provision": NaN,
        "Pretax Income": NaN,
        "Other Income Expense": NaN,
        "Other Non Operating Income Expenses": NaN,
        "Special Income Charges": 0.0,
        "Restructuring And Mergern Acquisition": 0.0,
        "Net Non Operating Interest Income Expense": NaN,
        "Interest Expense Non Operating": NaN,
        "Interest Income Non Operating": NaN,
        "Operating Income": NaN,
        "Operating Expense": NaN,
        "Selling General And Administration": NaN,
        "Gross Profit": NaN,
        "Cost Of Revenue": NaN,
        "Total Revenue": NaN,
        "Operating Revenue": NaN
    },
    "2023-12-31": {
        "Tax Effect Of Unusual Items": NaN,
        "Tax Rate For Calcs": NaN,
        "Normalized EBITDA": NaN,
        "Total Unusual Items": 0.0,
        "Total Unusual Items Excluding Goodwill": 0.0,
        "Net Income From Continuing Operation Net Minority Interest": NaN,
        "Reconciled Depreciation": NaN,
        "Reconciled Cost Of Revenue": NaN,
        "EBITDA": NaN,
        "EBIT": NaN,
        "Net Interest Income": NaN,
        "Interest Expense": NaN,
        "Interest Income": NaN,
        "Normalized Income": NaN,
        "Net Income From Continuing And Discontinued Operation": NaN,
        "Total Expenses": NaN,
        "Diluted Average Shares": NaN,
        "Basic Average Shares": NaN,
        "Diluted EPS": NaN,
        "Basic EPS": NaN,
        "Diluted NI Availto Com Stockholders": NaN,
        "Net Income Common Stockholders": NaN,
        "Net Income": NaN,
        "Net Income Including Noncontrolling Interests": NaN,
        "Net Income Continuous Operations": NaN,
        "Tax Provision": NaN,
        "Pretax Income": NaN,
        "Other Income Expense": NaN,
        "Other Non Operating Income Expenses": NaN,
        "Special Income Charges": 0.0,
        "Restructuring And Mergern Acquisition": 0.0,
        "Net Non Operating Interest Income Expense": NaN,
        "Interest Expense Non Operating": NaN,
        "Interest Income Non Operating": NaN,
        "Operating Income": NaN,
        "Operating Expense": NaN,
        "Selling General And Administration": NaN,
        "Gross Profit": NaN,
        "Cost Of Revenue": NaN,
        "Total Revenue": NaN,
        "Operating Revenue": NaN
    },
    "2024-03-31": {
        "Tax Effect Of Unusual Items": NaN,
        "Tax Rate For Calcs": NaN,
        "Normalized EBITDA": NaN,
        "Total Unusual Items": 0.0,
        "Total Unusual Items Excluding Goodwill": 0.0,
        "Net Income From Continuing Operation Net Minority Interest": NaN,
        "Reconciled Depreciation": NaN,
        "Reconciled Cost Of Revenue": NaN,
        "EBITDA": NaN,
        "EBIT": NaN,
        "Net Interest Income": NaN,
        "Interest Expense": NaN,
        "Interest Income": NaN,
        "Normalized Income": NaN,
        "Net Income From Continuing And Discontinued Operation": NaN,
        "Total Expenses": NaN,
        "Diluted Average Shares": NaN,
        "Basic Average Shares": NaN,
        "Diluted EPS": NaN,
        "Basic EPS": NaN,
        "Diluted NI Availto Com Stockholders": NaN,
        "Net Income Common Stockholders": NaN,
        "Net Income": NaN,
        "Net Income Including Noncontrolling Interests": NaN,
        "Net Income Continuous Operations": NaN,
        "Tax Provision": NaN,
        "Pretax Income": NaN,
        "Other Income Expense": NaN,
        "Other Non Operating Income Expenses": NaN,
        "Special Income Charges": 0.0,
        "Restructuring And Mergern Acquisition": 0.0,
        "Net Non Operating Interest Income Expense": NaN,
        "Interest Expense Non Operating": NaN,
        "Interest Income Non Operating": NaN,
        "Operating Income": NaN,
        "Operating Expense": NaN,
        "Selling General And Administration": NaN,
        "Gross Profit": NaN,
        "Cost Of Revenue": NaN,
        "Total Revenue": NaN,
        "Operating Revenue": NaN
    },
    "2024-06-30": {
        "Tax Effect Of Unusual Items": NaN,
        "Tax Rate For Calcs": NaN,
        "Normalized EBITDA": NaN,
        "Total Unusual Items": 0.0,
        "Total Unusual Items Excluding Goodwill": 0.0,
        "Net Income From Continuing Operation Net Minority Interest": NaN,
        "Reconciled Depreciation": NaN,
        "Reconciled Cost Of Revenue": NaN,
        "EBITDA": NaN,
        "EBIT": NaN,
        "Net Interest Income": NaN,
        "Interest Expense": NaN,
        "Interest Income": NaN,
        "Normalized Income": NaN,
        "Net Income From Continuing And Discontinued Operation": NaN,
        "Total Expenses": NaN,
        "Diluted Average Shares": NaN,
        "Basic Average Shares": NaN,
        "Diluted EPS": NaN,
        "Basic EPS": NaN,
        "Diluted NI Availto Com Stockholders": NaN,
        "Net Income Common Stockholders": NaN,
        "Net Income": NaN,
        "Net Income Including Noncontrolling Interests": NaN,
        "Net Income Continuous Operations": NaN,
        "Tax Provision": NaN,
        "Pretax Income": NaN,
        "Other Income Expense": NaN,
        "Other Non Operating Income Expenses": NaN,
        "Special Income Charges": 0.0,
        "Restructuring And Mergern Acquisition": 0.0,
        "Net Non Operating Interest Income Expense": NaN,
        "Interest Expense Non Operating": NaN,
        "Interest Income Non Operating": NaN,
        "Operating Income": NaN,
        "Operating Expense": NaN,
        "Selling General And Administration": NaN,
        "Gross Profit": NaN,
        "Cost Of Revenue": NaN,
        "Total Revenue": NaN,
        "Operating Revenue": NaN
    },
    "2024-09-30": {
        "Tax Effect Of Unusual Items": 0.0,
        "Tax Rate For Calcs": 0.229792,
        "Normalized EBITDA": 10076000.0,
        "Total Unusual Items": NaN,
        "Total Unusual Items Excluding Goodwill": NaN,
        "Net Income From Continuing Operation Net Minority Interest": 4669000.0,
        "Reconciled Depreciation": 4001000.0,
        "Reconciled Cost Of Revenue": 122045000.0,
        "EBITDA": 10076000.0,
        "EBIT": 6075000.0,
        "Net Interest Income": 1369000.0,
        "Interest Expense": 13000.0,
        "Interest Income": 1382000.0,
        "Normalized Income": 4669000.0,
        "Net Income From Continuing And Discontinued Operation": 4669000.0,
        "Total Expenses": 129515000.0,
        "Diluted Average Shares": 19564000.0,
        "Basic Average Shares": 19502000.0,
        "Diluted EPS": 0.24,
        "Basic EPS": 0.24,
        "Diluted NI Availto Com Stockholders": 4669000.0,
        "Net Income Common Stockholders": 4669000.0,
        "Net Income": 4669000.0,
        "Net Income Including Noncontrolling Interests": 4669000.0,
        "Net Income Continuous Operations": 4669000.0,
        "Tax Provision": 1393000.0,
        "Pretax Income": 6062000.0,
        "Other Income Expense": -96000.0,
        "Other Non Operating Income Expenses": -35000.0,
        "Special Income Charges": NaN,
        "Restructuring And Mergern Acquisition": NaN,
        "Net Non Operating Interest Income Expense": 1369000.0,
        "Interest Expense Non Operating": 13000.0,
        "Interest Income Non Operating": 1382000.0,
        "Operating Income": 4789000.0,
        "Operating Expense": 7470000.0,
        "Selling General And Administration": 7470000.0,
        "Gross Profit": 12259000.0,
        "Cost Of Revenue": 122045000.0,
        "Total Revenue": 134304000.0,
        "Operating Revenue": 134304000.0
    },
    "2024-12-31": {
        "Tax Effect Of Unusual Items": -252387.0,
        "Tax Rate For Calcs": 0.261,
        "Normalized EBITDA": 6871000.0,
        "Total Unusual Items": -967000.0,
        "Total Unusual Items Excluding Goodwill": -967000.0,
        "Net Income From Continuing Operation Net Minority Interest": 1081000.0,
        "Reconciled Depreciation": 4429000.0,
        "Reconciled Cost Of Revenue": 120191000.0,
        "EBITDA": 5904000.0,
        "EBIT": 1475000.0,
        "Net Interest Income": 773000.0,
        "Interest Expense": 13000.0,
        "Interest Income": 786000.0,
        "Normalized Income": 1795613.0,
        "Net Income From Continuing And Discontinued Operation": 1081000.0,
        "Total Expenses": 128078000.0,
        "Diluted Average Shares": 19550000.0,
        "Basic Average Shares": 19497000.0,
        "Diluted EPS": 0.06,
        "Basic EPS": 0.06,
        "Diluted NI Availto Com Stockholders": 1081000.0,
        "Net Income Common Stockholders": 1081000.0,
        "Net Income": 1081000.0,
        "Net Income Including Noncontrolling Interests": 1081000.0,
        "Net Income Continuous Operations": 1081000.0,
        "Tax Provision": 381000.0,
        "Pretax Income": 1462000.0,
        "Other Income Expense": -953000.0,
        "Other Non Operating Income Expenses": 14000.0,
        "Special Income Charges": -967000.0,
        "Restructuring And Mergern Acquisition": 967000.0,
        "Net Non Operating Interest Income Expense": 773000.0,
        "Interest Expense Non Operating": 13000.0,
        "Interest Income Non Operating": 786000.0,
        "Operating Income": 1642000.0,
        "Operating Expense": 7887000.0,
        "Selling General And Administration": 7887000.0,
        "Gross Profit": 9529000.0,
        "Cost Of Revenue": 120191000.0,
        "Total Revenue": 129720000.0,
        "Operating Revenue": 129720000.0
    },
    "2025-03-31": {
        "Tax Effect Of Unusual Items": -159848.0,
        "Tax Rate For Calcs": 0.232,
        "Normalized EBITDA": 18630000.0,
        "Total Unusual Items": -689000.0,
        "Total Unusual Items Excluding Goodwill": -689000.0,
        "Net Income From Continuing Operation Net Minority Interest": 10230000.0,
        "Reconciled Depreciation": 4603000.0,
        "Reconciled Cost Of Revenue": 136127000.0,
        "EBITDA": 17941000.0,
        "EBIT": 13338000.0,
        "Net Interest Income": 303000.0,
        "Interest Expense": 13000.0,
        "Interest Income": 316000.0,
        "Normalized Income": 10759152.0,
        "Net Income From Continuing And Discontinued Operation": 10230000.0,
        "Total Expenses": 146927000.0,
        "Diluted Average Shares": 19529000.0,
        "Basic Average Shares": 19482000.0,
        "Diluted EPS": 0.52,
        "Basic EPS": 0.53,
        "Diluted NI Availto Com Stockholders": 10230000.0,
        "Net Income Common Stockholders": 10230000.0,
        "Net Income": 10230000.0,
        "Net Income Including Noncontrolling Interests": 10230000.0,
        "Net Income Continuous Operations": 10230000.0,
        "Tax Provision": 3095000.0,
        "Pretax Income": 13325000.0,
        "Other Income Expense": -707000.0,
        "Other Non Operating Income Expenses": -18000.0,
        "Special Income Charges": -689000.0,
        "Restructuring And Mergern Acquisition": 689000.0,
        "Net Non Operating Interest Income Expense": 303000.0,
        "Interest Expense Non Operating": 13000.0,
        "Interest Income Non Operating": 316000.0,
        "Operating Income": 13729000.0,
        "Operating Expense": 10800000.0,
        "Selling General And Administration": 10800000.0,
        "Gross Profit": 24529000.0,
        "Cost Of Revenue": 136127000.0,
        "Total Revenue": 160656000.0,
        "Operating Revenue": 160656000.0
    },
    "2025-06-30": {
        "Tax Effect Of Unusual Items": -202710.0,
        "Tax Rate For Calcs": 0.233,
        "Normalized EBITDA": 25347000.0,
        "Total Unusual Items": -870000.0,
        "Total Unusual Items Excluding Goodwill": -870000.0,
        "Net Income From Continuing Operation Net Minority Interest": 15159000.0,
        "Reconciled Depreciation": 4694000.0,
        "Reconciled Cost Of Revenue": 149114000.0,
        "EBITDA": 24477000.0,
        "EBIT": 19783000.0,
        "Net Interest Income": 458000.0,
        "Interest Expense": 14000.0,
        "Interest Income": 472000.0,
        "Normalized Income": 15826290.0,
        "Net Income From Continuing And Discontinued Operation": 15159000.0,
        "Total Expenses": 159721000.0,
        "Diluted Average Shares": 19553000.0,
        "Basic Average Shares": 19476000.0,
        "Diluted EPS": 0.78,
        "Basic EPS": 0.78,
        "Diluted NI Availto Com Stockholders": 15159000.0,
        "Net Income Common Stockholders": 15159000.0,
        "Net Income": 15159000.0,
        "Net Income Including Noncontrolling Interests": 15159000.0,
        "Net Income Continuous Operations": 15159000.0,
        "Tax Provision": 4610000.0,
        "Pretax Income": 19769000.0,
        "Other Income Expense": -854000.0,
        "Other Non Operating Income Expenses": 16000.0,
        "Special Income Charges": -870000.0,
        "Restructuring And Mergern Acquisition": 870000.0,
        "Net Non Operating Interest Income Expense": 458000.0,
        "Interest Expense Non Operating": 14000.0,
        "Interest Income Non Operating": 472000.0,
        "Operating Income": 20165000.0,
        "Operating Expense": 10607000.0,
        "Selling General And Administration": 10607000.0,
        "Gross Profit": 30772000.0,
        "Cost Of Revenue": 149114000.0,
        "Total Revenue": 179886000.0,
        "Operating Revenue": 179886000.0
    },
    "2025-09-30": {
        "Tax Effect Of Unusual Items": -25144.007481,
        "Tax Rate For Calcs": 0.244117,
        "Normalized EBITDA": 24028000.0,
        "Total Unusual Items": -103000.0,
        "Total Unusual Items Excluding Goodwill": -103000.0,
        "Net Income From Continuing Operation Net Minority Interest": 14550000.0,
        "Reconciled Depreciation": 4664000.0,
        "Reconciled Cost Of Revenue": 148836000.0,
        "EBITDA": 23925000.0,
        "EBIT": 19261000.0,
        "Net Interest Income": 481000.0,
        "Interest Expense": 12000.0,
        "Interest Income": 493000.0,
        "Normalized Income": 14627855.992519,
        "Net Income From Continuing And Discontinued Operation": 14550000.0,
        "Total Expenses": 158544000.0,
        "Diluted Average Shares": 19599000.0,
        "Basic Average Shares": 19481000.0,
        "Diluted EPS": 0.74,
        "Basic EPS": 0.75,
        "Diluted NI Availto Com Stockholders": 14550000.0,
        "Net Income Common Stockholders": 14550000.0,
        "Net Income": 14550000.0,
        "Net Income Including Noncontrolling Interests": 14550000.0,
        "Net Income Continuous Operations": 14550000.0,
        "Tax Provision": 4699000.0,
        "Pretax Income": 19249000.0,
        "Other Income Expense": -132000.0,
        "Other Non Operating Income Expenses": -29000.0,
        "Special Income Charges": -103000.0,
        "Restructuring And Mergern Acquisition": 103000.0,
        "Net Non Operating Interest Income Expense": 481000.0,
        "Interest Expense Non Operating": 12000.0,
        "Interest Income Non Operating": 493000.0,
        "Operating Income": 18900000.0,
        "Operating Expense": 9708000.0,
        "Selling General And Administration": 9708000.0,
        "Gross Profit": 28608000.0,
        "Cost Of Revenue": 148836000.0,
        "Total Revenue": 177444000.0,
        "Operating Revenue": 177444000.0
    }
}