{
    "2023-03-31": {
        "Tax Effect Of Unusual Items": -478590.0,
        "Tax Rate For Calcs": 0.21,
        "Normalized EBITDA": 16738000.0,
        "Total Unusual Items": -2279000.0,
        "Total Unusual Items Excluding Goodwill": -2279000.0,
        "Net Income From Continuing Operation Net Minority Interest": 36000.0,
        "Reconciled Depreciation": 9015000.0,
        "Reconciled Cost Of Revenue": 19930000.0,
        "EBITDA": 14459000.0,
        "EBIT": 5444000.0,
        "Net Interest Income": -6199000.0,
        "Interest Expense": 6199000.0,
        "Normalized Income": 1836410.0,
        "Net Income From Continuing And Discontinued Operation": 36000.0,
        "Total Expenses": 86149000.0,
        "Total Operating Income As Reported": 5444000.0,
        "Diluted Average Shares": 34269140.0,
        "Basic Average Shares": 23135898.0,
        "Diluted EPS": 0.001051,
        "Basic EPS": 0.001556,
        "Diluted NI Availto Com Stockholders": 36000.0,
        "Net Income Common Stockholders": 36000.0,
        "Net Income": 36000.0,
        "Minority Interests": 228000.0,
        "Net Income Including Noncontrolling Interests": -192000.0,
        "Net Income Continuous Operations": -192000.0,
        "Tax Provision": -563000.0,
        "Pretax Income": -755000.0,
        "Other Income Expense": -2279000.0,
        "Other Non Operating Income Expenses": NaN,
        "Special Income Charges": -2279000.0,
        "Restructuring And Mergern Acquisition": 2279000.0,
        "Net Non Operating Interest Income Expense": -6199000.0,
        "Interest Expense Non Operating": 6199000.0,
        "Operating Income": 7723000.0,
        "Operating Expense": 66219000.0,
        "Depreciation Amortization Depletion Income Statement": 9015000.0,
        "Depreciation And Amortization In Income Statement": 9015000.0,
        "Selling General And Administration": 57204000.0,
        "Gross Profit": 73942000.0,
        "Cost Of Revenue": 19930000.0,
        "Total Revenue": 93872000.0,
        "Operating Revenue": 89216000.0
    },
    "2022-12-31": {
        "Tax Effect Of Unusual Items": NaN,
        "Tax Rate For Calcs": NaN,
        "Normalized EBITDA": NaN,
        "Total Unusual Items": NaN,
        "Total Unusual Items Excluding Goodwill": NaN,
        "Net Income From Continuing Operation Net Minority Interest": NaN,
        "Reconciled Depreciation": NaN,
        "Reconciled Cost Of Revenue": NaN,
        "EBITDA": NaN,
        "EBIT": NaN,
        "Net Interest Income": NaN,
        "Interest Expense": NaN,
        "Normalized Income": NaN,
        "Net Income From Continuing And Discontinued Operation": NaN,
        "Total Expenses": NaN,
        "Total Operating Income As Reported": NaN,
        "Diluted Average Shares": NaN,
        "Basic Average Shares": NaN,
        "Diluted EPS": NaN,
        "Basic EPS": NaN,
        "Diluted NI Availto Com Stockholders": NaN,
        "Net Income Common Stockholders": NaN,
        "Net Income": NaN,
        "Minority Interests": NaN,
        "Net Income Including Noncontrolling Interests": NaN,
        "Net Income Discontinuous Operations": NaN,
        "Net Income Continuous Operations": NaN,
        "Tax Provision": NaN,
        "Pretax Income": NaN,
        "Other Income Expense": NaN,
        "Other Non Operating Income Expenses": 203000.0,
        "Special Income Charges": NaN,
        "Restructuring And Mergern Acquisition": NaN,
        "Net Non Operating Interest Income Expense": NaN,
        "Interest Expense Non Operating": NaN,
        "Operating Income": NaN,
        "Operating Expense": NaN,
        "Depreciation Amortization Depletion Income Statement": NaN,
        "Depreciation And Amortization In Income Statement": NaN,
        "Selling General And Administration": NaN,
        "Gross Profit": NaN,
        "Cost Of Revenue": NaN,
        "Total Revenue": NaN,
        "Operating Revenue": NaN
    },
    "2022-09-30": {
        "Tax Effect Of Unusual Items": 201390.0,
        "Tax Rate For Calcs": 0.21,
        "Normalized EBITDA": 12870000.0,
        "Total Unusual Items": 959000.0,
        "Total Unusual Items Excluding Goodwill": 959000.0,
        "Net Income From Continuing Operation Net Minority Interest": -3473000.0,
        "Reconciled Depreciation": 7601000.0,
        "Reconciled Cost Of Revenue": 20477000.0,
        "EBITDA": 13829000.0,
        "EBIT": 6228000.0,
        "Net Interest Income": -4477000.0,
        "Interest Expense": 4477000.0,
        "Normalized Income": -4230610.0,
        "Net Income From Continuing And Discontinued Operation": -3473000.0,
        "Total Expenses": 78990000.0,
        "Total Operating Income As Reported": 7219000.0,
        "Diluted Average Shares": 22645755.0,
        "Basic Average Shares": 22645755.0,
        "Diluted EPS": -0.15,
        "Basic EPS": -0.15,
        "Diluted NI Availto Com Stockholders": -3473000.0,
        "Net Income Common Stockholders": -3473000.0,
        "Net Income": -3473000.0,
        "Minority Interests": 937000.0,
        "Net Income Including Noncontrolling Interests": -4410000.0,
        "Net Income Continuous Operations": -4410000.0,
        "Tax Provision": 6161000.0,
        "Pretax Income": 1751000.0,
        "Other Income Expense": -32000.0,
        "Other Non Operating Income Expenses": -991000.0,
        "Special Income Charges": 959000.0,
        "Restructuring And Mergern Acquisition": -959000.0,
        "Net Non Operating Interest Income Expense": -4477000.0,
        "Interest Expense Non Operating": 4477000.0,
        "Operating Income": 6260000.0,
        "Operating Expense": 58513000.0,
        "Depreciation Amortization Depletion Income Statement": 7601000.0,
        "Depreciation And Amortization In Income Statement": 7601000.0,
        "Selling General And Administration": 50912000.0,
        "Gross Profit": 64773000.0,
        "Cost Of Revenue": 20477000.0,
        "Total Revenue": 85250000.0,
        "Operating Revenue": 85250000.0
    },
    "2022-06-30": {
        "Tax Effect Of Unusual Items": -2299128.962758,
        "Tax Rate For Calcs": 0.278547,
        "Normalized EBITDA": 13029000.0,
        "Total Unusual Items": -8254000.0,
        "Total Unusual Items Excluding Goodwill": -8254000.0,
        "Net Income From Continuing Operation Net Minority Interest": -3728000.0,
        "Reconciled Depreciation": 7506000.0,
        "Reconciled Cost Of Revenue": 19749000.0,
        "EBITDA": 4775000.0,
        "EBIT": -2731000.0,
        "Net Interest Income": -3767000.0,
        "Interest Expense": 3767000.0,
        "Normalized Income": 2226871.037242,
        "Net Income From Continuing And Discontinued Operation": -3728000.0,
        "Total Expenses": 75030000.0,
        "Total Operating Income As Reported": -2731000.0,
        "Diluted Average Shares": 22229787.0,
        "Basic Average Shares": 22229787.0,
        "Diluted EPS": -0.17,
        "Basic EPS": -0.17,
        "Diluted NI Availto Com Stockholders": -3728000.0,
        "Net Income Common Stockholders": -3728000.0,
        "Net Income": -3728000.0,
        "Minority Interests": 960000.0,
        "Net Income Including Noncontrolling Interests": -4688000.0,
        "Net Income Continuous Operations": -4688000.0,
        "Tax Provision": -1810000.0,
        "Pretax Income": -6498000.0,
        "Other Income Expense": -8254000.0,
        "Other Non Operating Income Expenses": NaN,
        "Special Income Charges": -8254000.0,
        "Restructuring And Mergern Acquisition": 8254000.0,
        "Net Non Operating Interest Income Expense": -3767000.0,
        "Interest Expense Non Operating": 3767000.0,
        "Operating Income": 5523000.0,
        "Operating Expense": 55281000.0,
        "Depreciation Amortization Depletion Income Statement": 7506000.0,
        "Depreciation And Amortization In Income Statement": 7506000.0,
        "Selling General And Administration": 47775000.0,
        "Gross Profit": 60804000.0,
        "Cost Of Revenue": 19749000.0,
        "Total Revenue": 80553000.0,
        "Operating Revenue": 80553000.0
    },
    "2022-03-31": {
        "Diluted EPS": -0.33,
        "Total Revenue": 78,
        "Gross Profit": 78,
        "Operating Income": -6,
        "EBIT": 3,
        "Net Income": -7
    },
    "2021-12-31": {
        "Diluted EPS": -0.11,
        "Total Revenue": 74,
        "Gross Profit": 74,
        "Operating Income": -1,
        "EBIT": 8,
        "Net Income": -3
    },
    "2021-09-30": {
        "Diluted EPS": -0.01,
        "Total Revenue": 67,
        "Gross Profit": 67,
        "Operating Income": 1,
        "EBIT": 8,
        "Net Income": 0
    },
    "2021-06-30": {
        "Diluted EPS": -0.15,
        "Total Revenue": 63,
        "Gross Profit": 63,
        "Operating Income": -1,
        "EBIT": 8,
        "Net Income": -3
    },
    "2021-03-31": {
        "Diluted EPS": 0.04,
        "Total Revenue": 49,
        "Gross Profit": 49,
        "Operating Income": 1,
        "EBIT": 9,
        "Net Income": 1
    },
    "2020-12-31": {
        "Diluted EPS": -0.1,
        "Total Revenue": 45,
        "Gross Profit": 45,
        "Operating Income": -1,
        "EBIT": 6,
        "Net Income": -2
    },
    "2020-09-30": {
        "Diluted EPS": -0.05,
        "Total Revenue": 38,
        "Gross Profit": 38,
        "Operating Income": 1,
        "EBIT": 7,
        "Net Income": -1
    },
    "2020-06-30": {
        "Diluted EPS": -0.02,
        "Total Revenue": 32,
        "Gross Profit": 32,
        "Operating Income": 0,
        "EBIT": 6,
        "Net Income": 0
    },
    "2020-03-31": {
        "Diluted EPS": 0.05,
        "Total Revenue": 39,
        "Gross Profit": 39,
        "Operating Income": 2,
        "EBIT": 7,
        "Net Income": 1
    },
    "2019-12-31": {
        "Diluted EPS": -0.01,
        "Total Revenue": 41,
        "Gross Profit": 41,
        "Operating Income": 4,
        "EBIT": 9,
        "Net Income": 0
    },
    "2019-09-30": {
        "Diluted EPS": -0.07,
        "Total Revenue": 109,
        "Gross Profit": 109,
        "Operating Income": 2,
        "EBIT": 7,
        "Net Income": -1
    },
    "2019-06-30": {
        "Diluted EPS": -0.12,
        "Total Revenue": 97,
        "Gross Profit": 97,
        "Operating Income": 1,
        "EBIT": 6,
        "Net Income": -1
    },
    "2019-03-31": {
        "Diluted EPS": -0.12,
        "Total Revenue": 85,
        "Gross Profit": 85,
        "Operating Income": 0,
        "EBIT": 4,
        "Net Income": -1
    },
    "2018-12-31": {
        "Diluted EPS": 0.02,
        "Total Revenue": 85,
        "Gross Profit": 85,
        "Operating Income": 4,
        "EBIT": 7,
        "Net Income": 0
    },
    "2018-09-30": {
        "Diluted EPS": 0.7,
        "Total Revenue": 84,
        "Gross Profit": 84,
        "Operating Income": 3,
        "EBIT": 7,
        "Net Income": 1
    },
    "2018-06-30": {
        "Diluted EPS": -0.01,
        "Total Revenue": 85,
        "Gross Profit": 85,
        "Operating Income": 3,
        "EBIT": 6,
        "Net Income": -1
    },
    "2018-03-31": {
        "Diluted EPS": -0.77,
        "Total Revenue": 78,
        "Gross Profit": 78,
        "Operating Income": 3,
        "EBIT": 6,
        "Net Income": -7
    },
    "2017-12-31": {
        "Diluted EPS": 0.0,
        "Total Revenue": 77,
        "Gross Profit": 77,
        "Operating Income": 3,
        "EBIT": 6,
        "Net Income": 0
    },
    "2017-09-30": {
        "Diluted EPS": 0.0,
        "Total Revenue": NaN,
        "Gross Profit": NaN,
        "Operating Income": NaN,
        "EBIT": NaN,
        "Net Income": NaN
    },
    "2017-06-30": {
        "Diluted EPS": 0.0,
        "Total Revenue": 66,
        "Gross Profit": 66,
        "Operating Income": 3,
        "EBIT": 3,
        "Net Income": 1
    },
    "2016-09-30": {
        "Diluted EPS": 0.0,
        "Total Revenue": NaN,
        "Gross Profit": NaN,
        "Operating Income": NaN,
        "EBIT": NaN,
        "Net Income": NaN
    },
    "2023-06-30": {
        "Tax Effect Of Unusual Items": NaN,
        "Tax Rate For Calcs": NaN,
        "Normalized EBITDA": NaN,
        "Total Unusual Items": NaN,
        "Total Unusual Items Excluding Goodwill": NaN,
        "Net Income From Continuing Operation Net Minority Interest": NaN,
        "Reconciled Depreciation": NaN,
        "Reconciled Cost Of Revenue": NaN,
        "EBITDA": NaN,
        "EBIT": NaN,
        "Net Interest Income": NaN,
        "Interest Expense": NaN,
        "Normalized Income": NaN,
        "Net Income From Continuing And Discontinued Operation": NaN,
        "Total Expenses": NaN,
        "Total Operating Income As Reported": NaN,
        "Diluted Average Shares": NaN,
        "Basic Average Shares": NaN,
        "Diluted EPS": NaN,
        "Basic EPS": NaN,
        "Diluted NI Availto Com Stockholders": NaN,
        "Net Income Common Stockholders": NaN,
        "Net Income": NaN,
        "Minority Interests": NaN,
        "Net Income Including Noncontrolling Interests": NaN,
        "Net Income Discontinuous Operations": 4840000.0,
        "Net Income Continuous Operations": NaN,
        "Tax Provision": NaN,
        "Pretax Income": NaN,
        "Other Income Expense": NaN,
        "Other Non Operating Income Expenses": NaN,
        "Special Income Charges": NaN,
        "Restructuring And Mergern Acquisition": NaN,
        "Net Non Operating Interest Income Expense": NaN,
        "Interest Expense Non Operating": NaN,
        "Operating Income": NaN,
        "Operating Expense": NaN,
        "Depreciation Amortization Depletion Income Statement": NaN,
        "Depreciation And Amortization In Income Statement": NaN,
        "Selling General And Administration": NaN,
        "Gross Profit": NaN,
        "Cost Of Revenue": NaN,
        "Total Revenue": NaN,
        "Operating Revenue": NaN
    },
    "2023-09-30": {
        "Tax Effect Of Unusual Items": NaN,
        "Tax Rate For Calcs": NaN,
        "Normalized EBITDA": NaN,
        "Total Unusual Items": NaN,
        "Total Unusual Items Excluding Goodwill": NaN,
        "Net Income From Continuing Operation Net Minority Interest": NaN,
        "Reconciled Depreciation": NaN,
        "Reconciled Cost Of Revenue": NaN,
        "EBITDA": NaN,
        "EBIT": NaN,
        "Net Interest Income": NaN,
        "Interest Expense": NaN,
        "Normalized Income": NaN,
        "Net Income From Continuing And Discontinued Operation": NaN,
        "Total Expenses": NaN,
        "Total Operating Income As Reported": NaN,
        "Diluted Average Shares": NaN,
        "Basic Average Shares": NaN,
        "Diluted EPS": NaN,
        "Basic EPS": NaN,
        "Diluted NI Availto Com Stockholders": NaN,
        "Net Income Common Stockholders": NaN,
        "Net Income": NaN,
        "Minority Interests": NaN,
        "Net Income Including Noncontrolling Interests": NaN,
        "Net Income Discontinuous Operations": NaN,
        "Net Income Continuous Operations": NaN,
        "Tax Provision": NaN,
        "Pretax Income": NaN,
        "Other Income Expense": NaN,
        "Other Non Operating Income Expenses": -1731000.0,
        "Special Income Charges": NaN,
        "Restructuring And Mergern Acquisition": NaN,
        "Net Non Operating Interest Income Expense": NaN,
        "Interest Expense Non Operating": NaN,
        "Operating Income": NaN,
        "Operating Expense": NaN,
        "Depreciation Amortization Depletion Income Statement": NaN,
        "Depreciation And Amortization In Income Statement": NaN,
        "Selling General And Administration": NaN,
        "Gross Profit": NaN,
        "Cost Of Revenue": NaN,
        "Total Revenue": NaN,
        "Operating Revenue": NaN
    },
    "2023-12-31": {
        "Tax Effect Of Unusual Items": NaN,
        "Tax Rate For Calcs": NaN,
        "Normalized EBITDA": NaN,
        "Total Unusual Items": NaN,
        "Total Unusual Items Excluding Goodwill": NaN,
        "Net Income From Continuing Operation Net Minority Interest": NaN,
        "Reconciled Depreciation": NaN,
        "Reconciled Cost Of Revenue": NaN,
        "EBITDA": NaN,
        "EBIT": NaN,
        "Net Interest Income": NaN,
        "Interest Expense": NaN,
        "Normalized Income": NaN,
        "Net Income From Continuing And Discontinued Operation": NaN,
        "Total Expenses": NaN,
        "Total Operating Income As Reported": NaN,
        "Diluted Average Shares": NaN,
        "Basic Average Shares": NaN,
        "Diluted EPS": NaN,
        "Basic EPS": NaN,
        "Diluted NI Availto Com Stockholders": NaN,
        "Net Income Common Stockholders": NaN,
        "Net Income": NaN,
        "Minority Interests": NaN,
        "Net Income Including Noncontrolling Interests": NaN,
        "Net Income Discontinuous Operations": NaN,
        "Net Income Continuous Operations": NaN,
        "Tax Provision": NaN,
        "Pretax Income": NaN,
        "Other Income Expense": NaN,
        "Other Non Operating Income Expenses": -107000.0,
        "Special Income Charges": NaN,
        "Restructuring And Mergern Acquisition": NaN,
        "Net Non Operating Interest Income Expense": NaN,
        "Interest Expense Non Operating": NaN,
        "Operating Income": NaN,
        "Operating Expense": NaN,
        "Depreciation Amortization Depletion Income Statement": NaN,
        "Depreciation And Amortization In Income Statement": NaN,
        "Selling General And Administration": NaN,
        "Gross Profit": NaN,
        "Cost Of Revenue": NaN,
        "Total Revenue": NaN,
        "Operating Revenue": NaN
    },
    "2024-03-31": {
        "Tax Effect Of Unusual Items": NaN,
        "Tax Rate For Calcs": NaN,
        "Normalized EBITDA": NaN,
        "Total Unusual Items": NaN,
        "Total Unusual Items Excluding Goodwill": NaN,
        "Net Income From Continuing Operation Net Minority Interest": NaN,
        "Reconciled Depreciation": NaN,
        "Reconciled Cost Of Revenue": NaN,
        "EBITDA": NaN,
        "EBIT": NaN,
        "Net Interest Income": NaN,
        "Interest Expense": NaN,
        "Normalized Income": NaN,
        "Net Income From Continuing And Discontinued Operation": NaN,
        "Total Expenses": NaN,
        "Total Operating Income As Reported": NaN,
        "Diluted Average Shares": NaN,
        "Basic Average Shares": NaN,
        "Diluted EPS": NaN,
        "Basic EPS": NaN,
        "Diluted NI Availto Com Stockholders": NaN,
        "Average Dilution Earnings": NaN,
        "Net Income Common Stockholders": NaN,
        "Net Income": NaN,
        "Minority Interests": NaN,
        "Net Income Including Noncontrolling Interests": NaN,
        "Net Income Discontinuous Operations": NaN,
        "Net Income Continuous Operations": NaN,
        "Tax Provision": NaN,
        "Pretax Income": NaN,
        "Other Income Expense": NaN,
        "Other Non Operating Income Expenses": 2257000.0,
        "Special Income Charges": NaN,
        "Restructuring And Mergern Acquisition": NaN,
        "Net Non Operating Interest Income Expense": NaN,
        "Interest Expense Non Operating": NaN,
        "Operating Income": NaN,
        "Operating Expense": NaN,
        "Depreciation Amortization Depletion Income Statement": NaN,
        "Depreciation And Amortization In Income Statement": NaN,
        "Selling General And Administration": NaN,
        "Gross Profit": NaN,
        "Cost Of Revenue": NaN,
        "Total Revenue": NaN,
        "Operating Revenue": NaN
    },
    "2024-06-30": {
        "Tax Effect Of Unusual Items": -210.0,
        "Tax Rate For Calcs": 0.21,
        "Normalized EBITDA": 8748000.0,
        "Total Unusual Items": -1000.0,
        "Total Unusual Items Excluding Goodwill": -1000.0,
        "Net Income From Continuing Operation Net Minority Interest": -13654000.0,
        "Reconciled Depreciation": 10057000.0,
        "Reconciled Cost Of Revenue": 11387000.0,
        "EBITDA": 8747000.0,
        "EBIT": -1310000.0,
        "Net Interest Income": -7906000.0,
        "Interest Expense": 7906000.0,
        "Normalized Income": -13653210.0,
        "Net Income From Continuing And Discontinued Operation": -7545000.0,
        "Total Expenses": 47492000.0,
        "Total Operating Income As Reported": -1310000.0,
        "Diluted Average Shares": NaN,
        "Basic Average Shares": NaN,
        "Diluted EPS": NaN,
        "Basic EPS": NaN,
        "Diluted NI Availto Com Stockholders": -7545000.0,
        "Average Dilution Earnings": NaN,
        "Net Income Common Stockholders": -7545000.0,
        "Net Income": -7545000.0,
        "Minority Interests": 753000.0,
        "Net Income Including Noncontrolling Interests": -8298000.0,
        "Net Income Discontinuous Operations": 6109000.0,
        "Net Income Continuous Operations": -14407000.0,
        "Tax Provision": 5191000.0,
        "Pretax Income": -9216000.0,
        "Other Income Expense": -1000.0,
        "Other Non Operating Income Expenses": NaN,
        "Special Income Charges": -1000.0,
        "Restructuring And Mergern Acquisition": 1000.0,
        "Net Non Operating Interest Income Expense": -7906000.0,
        "Interest Expense Non Operating": 7906000.0,
        "Operating Income": -1309000.0,
        "Operating Expense": 32205000.0,
        "Depreciation Amortization Depletion Income Statement": 6157000.0,
        "Depreciation And Amortization In Income Statement": 6157000.0,
        "Selling General And Administration": 26048000.0,
        "Gross Profit": 30896000.0,
        "Cost Of Revenue": 15287000.0,
        "Total Revenue": 46183000.0,
        "Operating Revenue": 43760000.0
    },
    "2024-09-30": {
        "Tax Effect Of Unusual Items": 30450.0,
        "Tax Rate For Calcs": 0.21,
        "Normalized EBITDA": 12234000.0,
        "Total Unusual Items": 145000.0,
        "Total Unusual Items Excluding Goodwill": 145000.0,
        "Net Income From Continuing Operation Net Minority Interest": -53616000.0,
        "Reconciled Depreciation": 7580000.0,
        "Reconciled Cost Of Revenue": 5033000.0,
        "EBITDA": 12379000.0,
        "EBIT": 4799000.0,
        "Net Interest Income": -6956000.0,
        "Interest Expense": 6956000.0,
        "Normalized Income": -53730550.0,
        "Net Income From Continuing And Discontinued Operation": 117910000.0,
        "Total Expenses": 57455000.0,
        "Total Operating Income As Reported": 3554000.0,
        "Diluted Average Shares": 25356989.0,
        "Basic Average Shares": 23676707.0,
        "Diluted EPS": 4.65,
        "Basic EPS": 4.98,
        "Diluted NI Availto Com Stockholders": 117910000.0,
        "Average Dilution Earnings": NaN,
        "Net Income Common Stockholders": 117910000.0,
        "Net Income": 117910000.0,
        "Minority Interests": -60634000.0,
        "Net Income Including Noncontrolling Interests": 178544000.0,
        "Net Income Discontinuous Operations": 171526000.0,
        "Net Income Continuous Operations": 7018000.0,
        "Tax Provision": -9175000.0,
        "Pretax Income": -2157000.0,
        "Other Income Expense": 1390000.0,
        "Other Non Operating Income Expenses": 1245000.0,
        "Special Income Charges": 145000.0,
        "Restructuring And Mergern Acquisition": -145000.0,
        "Net Non Operating Interest Income Expense": -6956000.0,
        "Interest Expense Non Operating": 6956000.0,
        "Operating Income": 3409000.0,
        "Operating Expense": 52422000.0,
        "Depreciation Amortization Depletion Income Statement": 7580000.0,
        "Depreciation And Amortization In Income Statement": 7580000.0,
        "Selling General And Administration": 44842000.0,
        "Gross Profit": 55831000.0,
        "Cost Of Revenue": 5033000.0,
        "Total Revenue": 60864000.0,
        "Operating Revenue": 57864000.0
    },
    "2024-12-31": {
        "Tax Effect Of Unusual Items": -192780.0,
        "Tax Rate For Calcs": 0.14,
        "Normalized EBITDA": 13586000.0,
        "Total Unusual Items": -1377000.0,
        "Total Unusual Items Excluding Goodwill": -1377000.0,
        "Net Income From Continuing Operation Net Minority Interest": 2270000.0,
        "Reconciled Depreciation": 7684000.0,
        "Reconciled Cost Of Revenue": 21031000.0,
        "EBITDA": 12209000.0,
        "EBIT": 4525000.0,
        "Net Interest Income": -680000.0,
        "Interest Expense": 680000.0,
        "Normalized Income": 3454220.0,
        "Net Income From Continuing And Discontinued Operation": 2056000.0,
        "Total Expenses": 57615000.0,
        "Total Operating Income As Reported": 2699000.0,
        "Diluted Average Shares": 34057196.0,
        "Basic Average Shares": 23551352.0,
        "Diluted EPS": 0.08,
        "Basic EPS": 0.08,
        "Diluted NI Availto Com Stockholders": 2056000.0,
        "Average Dilution Earnings": NaN,
        "Net Income Common Stockholders": 2056000.0,
        "Net Income": 2056000.0,
        "Minority Interests": -1052000.0,
        "Net Income Including Noncontrolling Interests": 3108000.0,
        "Net Income Discontinuous Operations": -214000.0,
        "Net Income Continuous Operations": 3322000.0,
        "Tax Provision": 523000.0,
        "Pretax Income": 3845000.0,
        "Other Income Expense": 449000.0,
        "Other Non Operating Income Expenses": 1826000.0,
        "Special Income Charges": -1377000.0,
        "Restructuring And Mergern Acquisition": 1377000.0,
        "Net Non Operating Interest Income Expense": -680000.0,
        "Interest Expense Non Operating": 680000.0,
        "Operating Income": 4076000.0,
        "Operating Expense": 36584000.0,
        "Depreciation Amortization Depletion Income Statement": 7684000.0,
        "Depreciation And Amortization In Income Statement": 7684000.0,
        "Selling General And Administration": 28900000.0,
        "Gross Profit": 40660000.0,
        "Cost Of Revenue": 21031000.0,
        "Total Revenue": 61691000.0,
        "Operating Revenue": 61691000.0
    },
    "2025-03-31": {
        "Tax Effect Of Unusual Items": -80010.0,
        "Tax Rate For Calcs": 0.21,
        "Normalized EBITDA": 12816000.0,
        "Total Unusual Items": -381000.0,
        "Total Unusual Items Excluding Goodwill": -381000.0,
        "Net Income From Continuing Operation Net Minority Interest": 172000.0,
        "Reconciled Depreciation": 7840000.0,
        "Reconciled Cost Of Revenue": 22187000.0,
        "EBITDA": 12435000.0,
        "EBIT": 4595000.0,
        "Net Interest Income": -446000.0,
        "Interest Expense": 446000.0,
        "Normalized Income": 472990.0,
        "Net Income From Continuing And Discontinued Operation": -154000.0,
        "Total Expenses": 58714000.0,
        "Total Operating Income As Reported": 3964000.0,
        "Diluted Average Shares": 24133738.0,
        "Basic Average Shares": 23834233.0,
        "Diluted EPS": -0.01,
        "Basic EPS": -0.01,
        "Diluted NI Availto Com Stockholders": -154000.0,
        "Average Dilution Earnings": NaN,
        "Net Income Common Stockholders": -154000.0,
        "Net Income": -154000.0,
        "Minority Interests": -923000.0,
        "Net Income Including Noncontrolling Interests": 769000.0,
        "Net Income Discontinuous Operations": -326000.0,
        "Net Income Continuous Operations": 1095000.0,
        "Tax Provision": 3054000.0,
        "Pretax Income": 4149000.0,
        "Other Income Expense": 250000.0,
        "Other Non Operating Income Expenses": 631000.0,
        "Special Income Charges": -381000.0,
        "Restructuring And Mergern Acquisition": 381000.0,
        "Net Non Operating Interest Income Expense": -446000.0,
        "Interest Expense Non Operating": 446000.0,
        "Operating Income": 4345000.0,
        "Operating Expense": 36527000.0,
        "Depreciation Amortization Depletion Income Statement": 7840000.0,
        "Depreciation And Amortization In Income Statement": 7840000.0,
        "Selling General And Administration": 28687000.0,
        "Gross Profit": 40872000.0,
        "Cost Of Revenue": 22187000.0,
        "Total Revenue": 63059000.0,
        "Operating Revenue": 60364000.0
    },
    "2025-06-30": {
        "Tax Effect Of Unusual Items": 520.0,
        "Tax Rate For Calcs": 0.02,
        "Normalized EBITDA": 7026000.0,
        "Total Unusual Items": 26000.0,
        "Total Unusual Items Excluding Goodwill": 26000.0,
        "Net Income From Continuing Operation Net Minority Interest": -6539000.0,
        "Reconciled Depreciation": 7264000.0,
        "Reconciled Cost Of Revenue": 16458000.0,
        "EBITDA": 7052000.0,
        "EBIT": -212000.0,
        "Net Interest Income": -806000.0,
        "Interest Expense": 806000.0,
        "Normalized Income": -6564480.0,
        "Net Income From Continuing And Discontinued Operation": 12882000.0,
        "Total Expenses": 56740000.0,
        "Total Operating Income As Reported": -4813000.0,
        "Diluted Average Shares": 25764000.0,
        "Basic Average Shares": 24305660.0,
        "Diluted EPS": 0.5,
        "Basic EPS": 0.53,
        "Diluted NI Availto Com Stockholders": 17096000.0,
        "Average Dilution Earnings": 4214000.0,
        "Net Income Common Stockholders": 12882000.0,
        "Net Income": 12882000.0,
        "Minority Interests": -5543000.0,
        "Net Income Including Noncontrolling Interests": 18425000.0,
        "Net Income Discontinuous Operations": 19421000.0,
        "Net Income Continuous Operations": -996000.0,
        "Tax Provision": -22000.0,
        "Pretax Income": -1018000.0,
        "Other Income Expense": 4627000.0,
        "Other Non Operating Income Expenses": 4601000.0,
        "Special Income Charges": 26000.0,
        "Restructuring And Mergern Acquisition": -26000.0,
        "Net Non Operating Interest Income Expense": -806000.0,
        "Interest Expense Non Operating": 806000.0,
        "Operating Income": -4839000.0,
        "Operating Expense": 40007000.0,
        "Depreciation Amortization Depletion Income Statement": 6989000.0,
        "Depreciation And Amortization In Income Statement": 6989000.0,
        "Selling General And Administration": 33018000.0,
        "Gross Profit": 35168000.0,
        "Cost Of Revenue": 16733000.0,
        "Total Revenue": 51901000.0,
        "Operating Revenue": 49345000.0
    },
    "2025-09-30": {
        "Tax Effect Of Unusual Items": NaN,
        "Tax Rate For Calcs": NaN,
        "Normalized EBITDA": NaN,
        "Total Unusual Items": NaN,
        "Total Unusual Items Excluding Goodwill": NaN,
        "Net Income From Continuing Operation Net Minority Interest": NaN,
        "Reconciled Depreciation": NaN,
        "Reconciled Cost Of Revenue": NaN,
        "EBITDA": NaN,
        "EBIT": NaN,
        "Net Interest Income": NaN,
        "Interest Expense": NaN,
        "Normalized Income": NaN,
        "Net Income From Continuing And Discontinued Operation": NaN,
        "Total Expenses": NaN,
        "Total Operating Income As Reported": NaN,
        "Diluted Average Shares": 34215380.0,
        "Basic Average Shares": 23915802.0,
        "Diluted EPS": 0.11,
        "Basic EPS": 0.13,
        "Diluted NI Availto Com Stockholders": NaN,
        "Average Dilution Earnings": NaN,
        "Net Income Common Stockholders": NaN,
        "Net Income": NaN,
        "Minority Interests": NaN,
        "Net Income Including Noncontrolling Interests": NaN,
        "Net Income Discontinuous Operations": NaN,
        "Net Income Continuous Operations": NaN,
        "Tax Provision": NaN,
        "Pretax Income": NaN,
        "Other Income Expense": NaN,
        "Other Non Operating Income Expenses": NaN,
        "Special Income Charges": NaN,
        "Restructuring And Mergern Acquisition": NaN,
        "Net Non Operating Interest Income Expense": NaN,
        "Interest Expense Non Operating": NaN,
        "Operating Income": NaN,
        "Operating Expense": NaN,
        "Depreciation Amortization Depletion Income Statement": NaN,
        "Depreciation And Amortization In Income Statement": NaN,
        "Selling General And Administration": NaN,
        "Gross Profit": NaN,
        "Cost Of Revenue": NaN,
        "Total Revenue": NaN,
        "Operating Revenue": NaN
    }
}