{
    "2023-03-31": {
        "Tax Effect Of Unusual Items": 0.0,
        "Tax Rate For Calcs": 0.21,
        "Normalized EBITDA": 49000000.0,
        "Total Unusual Items": NaN,
        "Total Unusual Items Excluding Goodwill": NaN,
        "Net Income From Continuing Operation Net Minority Interest": 3000000.0,
        "Reconciled Depreciation": 107000000.0,
        "Reconciled Cost Of Revenue": 432000000.0,
        "EBITDA": 49000000.0,
        "EBIT": -58000000.0,
        "Net Interest Income": -3000000.0,
        "Interest Expense": 20000000.0,
        "Interest Income": 17000000.0,
        "Normalized Income": 3000000.0,
        "Net Income From Continuing And Discontinued Operation": 3000000.0,
        "Total Expenses": 1151000000.0,
        "Total Operating Income As Reported": -64000000.0,
        "Diluted Average Shares": 158000000.0,
        "Basic Average Shares": 158000000.0,
        "Diluted EPS": 0.02,
        "Basic EPS": 0.02,
        "Diluted NI Availto Com Stockholders": 3000000.0,
        "Net Income Common Stockholders": 3000000.0,
        "Net Income": 3000000.0,
        "Net Income Including Noncontrolling Interests": 3000000.0,
        "Net Income Continuous Operations": 3000000.0,
        "Tax Provision": -81000000.0,
        "Pretax Income": -78000000.0,
        "Other Income Expense": -11000000.0,
        "Other Non Operating Income Expenses": -11000000.0,
        "Special Income Charges": NaN,
        "Other Special Charges": NaN,
        "Impairment Of Capital Assets": NaN,
        "Net Non Operating Interest Income Expense": -3000000.0,
        "Interest Expense Non Operating": 20000000.0,
        "Interest Income Non Operating": 17000000.0,
        "Operating Income": -64000000.0,
        "Operating Expense": 719000000.0,
        "Research And Development": 341000000.0,
        "Selling General And Administration": 378000000.0,
        "Gross Profit": 655000000.0,
        "Cost Of Revenue": 432000000.0,
        "Total Revenue": 1087000000.0,
        "Operating Revenue": 1087000000.0
    },
    "2022-12-31": {
        "Tax Effect Of Unusual Items": NaN,
        "Tax Rate For Calcs": NaN,
        "Normalized EBITDA": NaN,
        "Total Unusual Items": -21000000.0,
        "Total Unusual Items Excluding Goodwill": -21000000.0,
        "Net Income From Continuing Operation Net Minority Interest": NaN,
        "Reconciled Depreciation": NaN,
        "Reconciled Cost Of Revenue": NaN,
        "EBITDA": NaN,
        "EBIT": NaN,
        "Net Interest Income": NaN,
        "Interest Expense": NaN,
        "Interest Income": NaN,
        "Normalized Income": NaN,
        "Net Income From Continuing And Discontinued Operation": NaN,
        "Total Expenses": NaN,
        "Total Operating Income As Reported": NaN,
        "Diluted Average Shares": NaN,
        "Basic Average Shares": NaN,
        "Diluted EPS": NaN,
        "Basic EPS": NaN,
        "Diluted NI Availto Com Stockholders": NaN,
        "Net Income Common Stockholders": NaN,
        "Net Income": NaN,
        "Net Income Including Noncontrolling Interests": NaN,
        "Net Income Continuous Operations": NaN,
        "Tax Provision": NaN,
        "Pretax Income": NaN,
        "Other Income Expense": NaN,
        "Other Non Operating Income Expenses": NaN,
        "Special Income Charges": -21000000.0,
        "Other Special Charges": 21000000.0,
        "Impairment Of Capital Assets": 0.0,
        "Net Non Operating Interest Income Expense": NaN,
        "Interest Expense Non Operating": NaN,
        "Interest Income Non Operating": NaN,
        "Operating Income": NaN,
        "Operating Expense": NaN,
        "Research And Development": NaN,
        "Selling General And Administration": NaN,
        "Gross Profit": NaN,
        "Cost Of Revenue": NaN,
        "Total Revenue": NaN,
        "Operating Revenue": NaN
    },
    "2022-09-30": {
        "Tax Effect Of Unusual Items": NaN,
        "Tax Rate For Calcs": NaN,
        "Normalized EBITDA": NaN,
        "Total Unusual Items": -3903000000.0,
        "Total Unusual Items Excluding Goodwill": -3903000000.0,
        "Net Income From Continuing Operation Net Minority Interest": NaN,
        "Reconciled Depreciation": NaN,
        "Reconciled Cost Of Revenue": NaN,
        "EBITDA": NaN,
        "EBIT": NaN,
        "Net Interest Income": NaN,
        "Interest Expense": NaN,
        "Interest Income": NaN,
        "Normalized Income": NaN,
        "Net Income From Continuing And Discontinued Operation": NaN,
        "Total Expenses": NaN,
        "Total Operating Income As Reported": NaN,
        "Diluted Average Shares": NaN,
        "Basic Average Shares": NaN,
        "Diluted EPS": NaN,
        "Basic EPS": NaN,
        "Diluted NI Availto Com Stockholders": NaN,
        "Net Income Common Stockholders": NaN,
        "Net Income": NaN,
        "Net Income Including Noncontrolling Interests": NaN,
        "Net Income Continuous Operations": NaN,
        "Tax Provision": NaN,
        "Pretax Income": NaN,
        "Other Income Expense": NaN,
        "Other Non Operating Income Expenses": NaN,
        "Special Income Charges": -3903000000.0,
        "Other Special Charges": -11000000.0,
        "Impairment Of Capital Assets": 3914000000.0,
        "Net Non Operating Interest Income Expense": NaN,
        "Interest Expense Non Operating": NaN,
        "Interest Income Non Operating": NaN,
        "Operating Income": NaN,
        "Operating Expense": NaN,
        "Research And Development": NaN,
        "Selling General And Administration": NaN,
        "Gross Profit": NaN,
        "Cost Of Revenue": NaN,
        "Total Revenue": NaN,
        "Operating Revenue": NaN
    },
    "2022-06-30": {
        "Tax Effect Of Unusual Items": -97440000.0,
        "Tax Rate For Calcs": 0.16,
        "Normalized EBITDA": 72000000.0,
        "Total Unusual Items": -609000000.0,
        "Total Unusual Items Excluding Goodwill": -609000000.0,
        "Net Income From Continuing Operation Net Minority Interest": -535000000.0,
        "Reconciled Depreciation": 94000000.0,
        "Reconciled Cost Of Revenue": 395000000.0,
        "EBITDA": -537000000.0,
        "EBIT": -631000000.0,
        "Net Interest Income": -5000000.0,
        "Interest Expense": 6000000.0,
        "Interest Income": 1000000.0,
        "Normalized Income": -23440000.0,
        "Net Income From Continuing And Discontinued Operation": -535000000.0,
        "Total Expenses": 1132000000.0,
        "Total Operating Income As Reported": -579000000.0,
        "Diluted Average Shares": 157000000.0,
        "Basic Average Shares": 157000000.0,
        "Diluted EPS": -3.4,
        "Basic EPS": -3.4,
        "Diluted NI Availto Com Stockholders": -535000000.0,
        "Net Income Common Stockholders": -535000000.0,
        "Net Income": -535000000.0,
        "Net Income Including Noncontrolling Interests": -535000000.0,
        "Net Income Continuous Operations": -535000000.0,
        "Tax Provision": -102000000.0,
        "Pretax Income": -637000000.0,
        "Other Income Expense": -662000000.0,
        "Other Non Operating Income Expenses": -53000000.0,
        "Special Income Charges": -609000000.0,
        "Other Special Charges": 609000000.0,
        "Impairment Of Capital Assets": NaN,
        "Net Non Operating Interest Income Expense": -5000000.0,
        "Interest Expense Non Operating": 6000000.0,
        "Interest Income Non Operating": 1000000.0,
        "Operating Income": 30000000.0,
        "Operating Expense": 737000000.0,
        "Research And Development": 327000000.0,
        "Selling General And Administration": 410000000.0,
        "Gross Profit": 767000000.0,
        "Cost Of Revenue": 395000000.0,
        "Total Revenue": 1162000000.0,
        "Operating Revenue": 1162000000.0
    },
    "2022-03-31": {
        "Diluted EPS": 0.55,
        "Total Revenue": NaN,
        "Gross Profit": 815,
        "Operating Income": 184,
        "EBIT": 275,
        "Net Income": 86
    },
    "2021-12-31": {
        "Diluted EPS": 0.7,
        "Total Revenue": NaN,
        "Gross Profit": 818,
        "Operating Income": 42,
        "EBIT": 137,
        "Net Income": 113
    },
    "2021-09-30": {
        "Diluted EPS": 2.08,
        "Total Revenue": NaN,
        "Gross Profit": 770,
        "Operating Income": -545,
        "EBIT": -473,
        "Net Income": 317
    },
    "2021-06-30": {
        "Diluted EPS": 1.26,
        "Total Revenue": NaN,
        "Gross Profit": 802,
        "Operating Income": 187,
        "EBIT": 245,
        "Net Income": 185
    },
    "2021-03-31": {
        "Diluted EPS": 1.0,
        "Total Revenue": NaN,
        "Gross Profit": 764,
        "Operating Income": 193,
        "EBIT": 251,
        "Net Income": 147
    },
    "2020-12-31": {
        "Diluted EPS": 1.75,
        "Total Revenue": 953,
        "Gross Profit": 630,
        "Operating Income": 133,
        "EBIT": 194,
        "Net Income": 257
    },
    "2020-09-30": {
        "Diluted EPS": 1.21,
        "Total Revenue": 794,
        "Gross Profit": 526,
        "Operating Income": 162,
        "EBIT": 219,
        "Net Income": 179
    },
    "2020-06-30": {
        "Diluted EPS": 0.32,
        "Total Revenue": 633,
        "Gross Profit": 428,
        "Operating Income": 96,
        "EBIT": 151,
        "Net Income": 47
    },
    "2020-03-31": {
        "Diluted EPS": 1.17,
        "Total Revenue": 859,
        "Gross Profit": 619,
        "Operating Income": 189,
        "EBIT": 243,
        "Net Income": 173
    },
    "2019-12-31": {
        "Diluted EPS": 1.6,
        "Total Revenue": 952,
        "Gross Profit": 662,
        "Operating Income": 268,
        "EBIT": 323,
        "Net Income": 239
    },
    "2019-09-30": {
        "Diluted EPS": 1.58,
        "Total Revenue": 907,
        "Gross Profit": 648,
        "Operating Income": 308,
        "EBIT": 364,
        "Net Income": 234
    },
    "2019-06-30": {
        "Diluted EPS": 1.99,
        "Total Revenue": 838,
        "Gross Profit": 573,
        "Operating Income": 205,
        "EBIT": 267,
        "Net Income": 296
    },
    "2019-03-31": {
        "Diluted EPS": 1.57,
        "Total Revenue": 846,
        "Gross Profit": 584,
        "Operating Income": 204,
        "EBIT": 265,
        "Net Income": 233
    },
    "2018-12-31": {
        "Diluted EPS": 1.41,
        "Total Revenue": 868,
        "Gross Profit": 590,
        "Operating Income": 197,
        "EBIT": 262,
        "Net Income": 210
    },
    "2018-09-30": {
        "Diluted EPS": 1.33,
        "Total Revenue": 853,
        "Gross Profit": 597,
        "Operating Income": 241,
        "EBIT": 296,
        "Net Income": 199
    },
    "2018-06-30": {
        "Diluted EPS": 1.41,
        "Total Revenue": 830,
        "Gross Profit": 575,
        "Operating Income": 227,
        "EBIT": 280,
        "Net Income": 209
    },
    "2018-03-31": {
        "Diluted EPS": 1.41,
        "Total Revenue": 782,
        "Gross Profit": 538,
        "Operating Income": 218,
        "EBIT": 265,
        "Net Income": 208
    },
    "2017-12-31": {
        "Diluted EPS": 0.46,
        "Total Revenue": 778,
        "Gross Profit": 542,
        "Operating Income": 230,
        "EBIT": 276,
        "Net Income": 68
    },
    "2017-09-30": {
        "Diluted EPS": 1.11,
        "Total Revenue": 714,
        "Gross Profit": 482,
        "Operating Income": 181,
        "EBIT": 230,
        "Net Income": 163
    },
    "2017-06-30": {
        "Diluted EPS": 0.87,
        "Total Revenue": 662,
        "Gross Profit": 434,
        "Operating Income": 143,
        "EBIT": 189,
        "Net Income": 128
    },
    "2017-03-31": {
        "Diluted EPS": 2.48,
        "Total Revenue": 598,
        "Gross Profit": 368,
        "Operating Income": 52,
        "EBIT": 97,
        "Net Income": 367
    },
    "2016-12-31": {
        "Diluted EPS": 0.78,
        "Total Revenue": 619,
        "Gross Profit": 419,
        "Operating Income": 143,
        "EBIT": 189,
        "Net Income": 124
    },
    "2016-09-30": {
        "Diluted EPS": 0.87,
        "Total Revenue": 607,
        "Gross Profit": 426,
        "Operating Income": 161,
        "EBIT": 204,
        "Net Income": 129
    },
    "2016-06-30": {
        "Diluted EPS": 0.82,
        "Total Revenue": 600,
        "Gross Profit": 424,
        "Operating Income": 162,
        "EBIT": 203,
        "Net Income": 120
    },
    "2016-03-31": {
        "Diluted EPS": 0.6,
        "Total Revenue": 572,
        "Gross Profit": 397,
        "Operating Income": 121,
        "EBIT": 162,
        "Net Income": 90
    },
    "2015-12-31": {
        "Diluted EPS": 0.7,
        "Total Revenue": 592,
        "Gross Profit": 410,
        "Operating Income": 144,
        "EBIT": 187,
        "Net Income": 105
    },
    "2015-09-30": {
        "Diluted EPS": 0.79,
        "Total Revenue": 550,
        "Gross Profit": 388,
        "Operating Income": 141,
        "EBIT": 183,
        "Net Income": 118
    },
    "2015-06-30": {
        "Diluted EPS": 0.69,
        "Total Revenue": 539,
        "Gross Profit": 376,
        "Operating Income": 152,
        "EBIT": 193,
        "Net Income": 102
    },
    "2015-03-31": {
        "Diluted EPS": 0.92,
        "Total Revenue": 539,
        "Gross Profit": 375,
        "Operating Income": 176,
        "EBIT": 216,
        "Net Income": 137
    },
    "2014-12-31": {
        "Diluted EPS": 1.03,
        "Total Revenue": 512,
        "Gross Profit": 385,
        "Operating Income": 203,
        "EBIT": 243,
        "Net Income": 153
    },
    "2014-09-30": {
        "Diluted EPS": 0.63,
        "Total Revenue": 481,
        "Gross Profit": 334,
        "Operating Income": 119,
        "EBIT": 156,
        "Net Income": 93
    },
    "2014-06-30": {
        "Diluted EPS": 0.31,
        "Total Revenue": 448,
        "Gross Profit": 301,
        "Operating Income": 100,
        "EBIT": 137,
        "Net Income": 47
    },
    "2014-03-31": {
        "Diluted EPS": 0.4,
        "Total Revenue": 421,
        "Gross Profit": 278,
        "Operating Income": 92,
        "EBIT": 129,
        "Net Income": 60
    },
    "2013-12-31": {
        "Diluted EPS": 0.6,
        "Total Revenue": 387,
        "Gross Profit": 259,
        "Operating Income": 74,
        "EBIT": 110,
        "Net Income": 81
    },
    "2013-09-30": {
        "Diluted EPS": 0.22,
        "Total Revenue": 357,
        "Gross Profit": 210,
        "Operating Income": 45,
        "EBIT": 81,
        "Net Income": 31
    },
    "2013-06-30": {
        "Diluted EPS": 0.26,
        "Total Revenue": 346,
        "Gross Profit": 223,
        "Operating Income": 60,
        "EBIT": 92,
        "Net Income": 36
    },
    "2013-03-31": {
        "Diluted EPS": -0.18,
        "Total Revenue": 331,
        "Gross Profit": 219,
        "Operating Income": -45,
        "EBIT": -16,
        "Net Income": -23
    },
    "2012-12-31": {
        "Diluted EPS": 0.53,
        "Total Revenue": 309,
        "Gross Profit": 204,
        "Operating Income": 59,
        "EBIT": 87,
        "Net Income": 72
    },
    "2012-09-30": {
        "Diluted EPS": 0.22,
        "Total Revenue": 286,
        "Gross Profit": 196,
        "Operating Income": 49,
        "EBIT": 74,
        "Net Income": 30
    },
    "2012-06-30": {
        "Diluted EPS": 0.18,
        "Total Revenue": 281,
        "Gross Profit": 193,
        "Operating Income": 43,
        "EBIT": 67,
        "Net Income": 23
    },
    "2012-03-31": {
        "Diluted EPS": 0.2,
        "Total Revenue": 273,
        "Gross Profit": 181,
        "Operating Income": 50,
        "EBIT": 74,
        "Net Income": 26
    },
    "2011-12-31": {
        "Diluted EPS": 0.09,
        "Total Revenue": 250,
        "Gross Profit": 171,
        "Operating Income": 27,
        "EBIT": 55,
        "Net Income": 12
    },
    "2011-09-30": {
        "Diluted EPS": 0.15,
        "Total Revenue": 235,
        "Gross Profit": 157,
        "Operating Income": 37,
        "EBIT": 63,
        "Net Income": 20
    },
    "2011-06-30": {
        "Diluted EPS": 0.22,
        "Total Revenue": 287,
        "Gross Profit": 193,
        "Operating Income": 66,
        "EBIT": 91,
        "Net Income": 31
    },
    "2011-03-31": {
        "Diluted EPS": 0.16,
        "Total Revenue": 283,
        "Gross Profit": 188,
        "Operating Income": 69,
        "EBIT": 92,
        "Net Income": 24
    },
    "2010-12-31": {
        "Diluted EPS": 0.26,
        "Total Revenue": 261,
        "Gross Profit": 166,
        "Operating Income": 69,
        "EBIT": 86,
        "Net Income": 38
    },
    "2010-09-30": {
        "Diluted EPS": 0.24,
        "Total Revenue": 237,
        "Gross Profit": 157,
        "Operating Income": 57,
        "EBIT": 74,
        "Net Income": 35
    },
    "2010-06-30": {
        "Diluted EPS": 0.21,
        "Total Revenue": 212,
        "Gross Profit": 146,
        "Operating Income": 47,
        "EBIT": 63,
        "Net Income": 30
    },
    "2010-03-31": {
        "Diluted EPS": 0.16,
        "Total Revenue": 192,
        "Gross Profit": 132,
        "Operating Income": 38,
        "EBIT": 52,
        "Net Income": 21
    },
    "2009-12-31": {
        "Diluted EPS": 0.09,
        "Total Revenue": 181,
        "Gross Profit": 126,
        "Operating Income": 26,
        "EBIT": 39,
        "Net Income": 12
    },
    "2009-09-30": {
        "Diluted EPS": 0.12,
        "Total Revenue": 158,
        "Gross Profit": 107,
        "Operating Income": 29,
        "EBIT": 43,
        "Net Income": 17
    },
    "2009-06-30": {
        "Diluted EPS": 0.18,
        "Total Revenue": 162,
        "Gross Profit": 111,
        "Operating Income": 36,
        "EBIT": 49,
        "Net Income": 25
    },
    "2009-03-31": {
        "Diluted EPS": 0.14,
        "Total Revenue": 166,
        "Gross Profit": 110,
        "Operating Income": 35,
        "EBIT": 47,
        "Net Income": 19
    },
    "2023-06-30": {
        "Tax Effect Of Unusual Items": NaN,
        "Tax Rate For Calcs": NaN,
        "Normalized EBITDA": NaN,
        "Total Unusual Items": NaN,
        "Total Unusual Items Excluding Goodwill": NaN,
        "Net Income From Continuing Operation Net Minority Interest": NaN,
        "Reconciled Depreciation": NaN,
        "Reconciled Cost Of Revenue": NaN,
        "EBITDA": NaN,
        "EBIT": NaN,
        "Net Interest Income": NaN,
        "Interest Expense": NaN,
        "Interest Income": NaN,
        "Normalized Income": NaN,
        "Net Income From Continuing And Discontinued Operation": NaN,
        "Total Expenses": NaN,
        "Total Operating Income As Reported": NaN,
        "Diluted Average Shares": NaN,
        "Basic Average Shares": NaN,
        "Diluted EPS": NaN,
        "Basic EPS": NaN,
        "Diluted NI Availto Com Stockholders": NaN,
        "Net Income Common Stockholders": NaN,
        "Net Income": NaN,
        "Net Income Including Noncontrolling Interests": NaN,
        "Net Income Continuous Operations": NaN,
        "Tax Provision": NaN,
        "Pretax Income": NaN,
        "Other Income Expense": NaN,
        "Other Non Operating Income Expenses": NaN,
        "Special Income Charges": NaN,
        "Other Special Charges": 12000000.0,
        "Impairment Of Capital Assets": NaN,
        "Net Non Operating Interest Income Expense": NaN,
        "Interest Expense Non Operating": NaN,
        "Interest Income Non Operating": NaN,
        "Operating Income": NaN,
        "Operating Expense": NaN,
        "Research And Development": NaN,
        "Selling General And Administration": NaN,
        "Gross Profit": NaN,
        "Cost Of Revenue": NaN,
        "Total Revenue": NaN,
        "Operating Revenue": NaN
    },
    "2023-09-30": {
        "Tax Effect Of Unusual Items": NaN,
        "Tax Rate For Calcs": NaN,
        "Normalized EBITDA": NaN,
        "Total Unusual Items": -820000000.0,
        "Total Unusual Items Excluding Goodwill": -820000000.0,
        "Net Income From Continuing Operation Net Minority Interest": NaN,
        "Reconciled Depreciation": NaN,
        "Reconciled Cost Of Revenue": NaN,
        "EBITDA": NaN,
        "EBIT": NaN,
        "Net Interest Income": NaN,
        "Interest Expense": NaN,
        "Interest Income": NaN,
        "Normalized Income": NaN,
        "Net Income From Continuing And Discontinued Operation": NaN,
        "Total Expenses": NaN,
        "Total Operating Income As Reported": NaN,
        "Diluted Average Shares": NaN,
        "Basic Average Shares": NaN,
        "Diluted EPS": NaN,
        "Basic EPS": NaN,
        "Diluted NI Availto Com Stockholders": NaN,
        "Net Income Common Stockholders": NaN,
        "Net Income": NaN,
        "Net Income Including Noncontrolling Interests": NaN,
        "Net Income Continuous Operations": NaN,
        "Tax Provision": NaN,
        "Pretax Income": NaN,
        "Other Income Expense": NaN,
        "Other Non Operating Income Expenses": NaN,
        "Special Income Charges": -820000000.0,
        "Other Special Charges": -1000000.0,
        "Impairment Of Capital Assets": 821000000.0,
        "Net Non Operating Interest Income Expense": NaN,
        "Interest Expense Non Operating": NaN,
        "Interest Income Non Operating": NaN,
        "Operating Income": NaN,
        "Operating Expense": NaN,
        "Research And Development": NaN,
        "Selling General And Administration": NaN,
        "Gross Profit": NaN,
        "Cost Of Revenue": NaN,
        "Total Revenue": NaN,
        "Operating Revenue": NaN
    },
    "2023-12-31": {
        "Tax Effect Of Unusual Items": NaN,
        "Tax Rate For Calcs": NaN,
        "Normalized EBITDA": NaN,
        "Total Unusual Items": -42000000.0,
        "Total Unusual Items Excluding Goodwill": -42000000.0,
        "Net Income From Continuing Operation Net Minority Interest": NaN,
        "Reconciled Depreciation": NaN,
        "Reconciled Cost Of Revenue": NaN,
        "EBITDA": NaN,
        "EBIT": NaN,
        "Net Interest Income": NaN,
        "Interest Expense": NaN,
        "Interest Income": NaN,
        "Normalized Income": NaN,
        "Net Income From Continuing And Discontinued Operation": NaN,
        "Total Expenses": NaN,
        "Total Operating Income As Reported": NaN,
        "Diluted Average Shares": NaN,
        "Basic Average Shares": NaN,
        "Diluted EPS": NaN,
        "Basic EPS": NaN,
        "Diluted NI Availto Com Stockholders": NaN,
        "Net Income Common Stockholders": NaN,
        "Net Income": NaN,
        "Net Income Including Noncontrolling Interests": NaN,
        "Net Income Continuous Operations": NaN,
        "Tax Provision": NaN,
        "Pretax Income": NaN,
        "Other Income Expense": NaN,
        "Other Non Operating Income Expenses": NaN,
        "Special Income Charges": -12000000.0,
        "Other Special Charges": 6000000.0,
        "Impairment Of Capital Assets": 6000000.0,
        "Net Non Operating Interest Income Expense": NaN,
        "Interest Expense Non Operating": NaN,
        "Interest Income Non Operating": NaN,
        "Operating Income": NaN,
        "Operating Expense": NaN,
        "Research And Development": NaN,
        "Selling General And Administration": NaN,
        "Gross Profit": NaN,
        "Cost Of Revenue": NaN,
        "Total Revenue": NaN,
        "Operating Revenue": NaN
    },
    "2024-03-31": {
        "Tax Effect Of Unusual Items": 0.0,
        "Tax Rate For Calcs": 0.21,
        "Normalized EBITDA": 17000000.0,
        "Total Unusual Items": NaN,
        "Total Unusual Items Excluding Goodwill": NaN,
        "Net Income From Continuing Operation Net Minority Interest": -126000000.0,
        "Reconciled Depreciation": 108000000.0,
        "Reconciled Cost Of Revenue": 409000000.0,
        "EBITDA": 17000000.0,
        "EBIT": -91000000.0,
        "Net Interest Income": -6000000.0,
        "Interest Expense": 18000000.0,
        "Interest Income": 12000000.0,
        "Normalized Income": -126000000.0,
        "Net Income From Continuing And Discontinued Operation": -126000000.0,
        "Total Expenses": 1187000000.0,
        "Total Operating Income As Reported": -111000000.0,
        "Diluted Average Shares": 159000000.0,
        "Basic Average Shares": 159000000.0,
        "Diluted EPS": -0.79,
        "Basic EPS": -0.79,
        "Diluted NI Availto Com Stockholders": -126000000.0,
        "Net Income Common Stockholders": -126000000.0,
        "Net Income": -126000000.0,
        "Net Income Including Noncontrolling Interests": -126000000.0,
        "Net Income Continuous Operations": -126000000.0,
        "Tax Provision": 17000000.0,
        "Pretax Income": -109000000.0,
        "Other Income Expense": 8000000.0,
        "Other Non Operating Income Expenses": 8000000.0,
        "Special Income Charges": NaN,
        "Other Special Charges": NaN,
        "Impairment Of Capital Assets": NaN,
        "Net Non Operating Interest Income Expense": -6000000.0,
        "Interest Expense Non Operating": 18000000.0,
        "Interest Income Non Operating": 12000000.0,
        "Operating Income": -111000000.0,
        "Operating Expense": 778000000.0,
        "Research And Development": 339000000.0,
        "Selling General And Administration": 439000000.0,
        "Gross Profit": 667000000.0,
        "Cost Of Revenue": 409000000.0,
        "Total Revenue": 1076000000.0,
        "Operating Revenue": 1076000000.0
    },
    "2024-06-30": {
        "Tax Effect Of Unusual Items": NaN,
        "Tax Rate For Calcs": NaN,
        "Normalized EBITDA": NaN,
        "Total Unusual Items": -1886000000.0,
        "Total Unusual Items Excluding Goodwill": -1886000000.0,
        "Net Income From Continuing Operation Net Minority Interest": NaN,
        "Reconciled Depreciation": NaN,
        "Reconciled Cost Of Revenue": NaN,
        "EBITDA": NaN,
        "EBIT": NaN,
        "Net Interest Income": NaN,
        "Interest Expense": NaN,
        "Interest Income": NaN,
        "Normalized Income": NaN,
        "Net Income From Continuing And Discontinued Operation": NaN,
        "Total Expenses": NaN,
        "Total Operating Income As Reported": NaN,
        "Diluted Average Shares": NaN,
        "Basic Average Shares": NaN,
        "Diluted EPS": NaN,
        "Basic EPS": NaN,
        "Diluted NI Availto Com Stockholders": NaN,
        "Net Income Common Stockholders": NaN,
        "Net Income": NaN,
        "Net Income Including Noncontrolling Interests": NaN,
        "Net Income Continuous Operations": NaN,
        "Tax Provision": NaN,
        "Pretax Income": NaN,
        "Other Income Expense": NaN,
        "Other Non Operating Income Expenses": NaN,
        "Special Income Charges": -1886000000.0,
        "Other Special Charges": NaN,
        "Impairment Of Capital Assets": 1886000000.0,
        "Net Non Operating Interest Income Expense": NaN,
        "Interest Expense Non Operating": NaN,
        "Interest Income Non Operating": NaN,
        "Operating Income": NaN,
        "Operating Expense": NaN,
        "Research And Development": NaN,
        "Selling General And Administration": NaN,
        "Gross Profit": NaN,
        "Cost Of Revenue": NaN,
        "Total Revenue": NaN,
        "Operating Revenue": NaN
    },
    "2024-09-30": {
        "Tax Effect Of Unusual Items": 10248000.0,
        "Tax Rate For Calcs": 0.021,
        "Normalized EBITDA": 338000000.0,
        "Total Unusual Items": 488000000.0,
        "Total Unusual Items Excluding Goodwill": 488000000.0,
        "Net Income From Continuing Operation Net Minority Interest": 705000000.0,
        "Reconciled Depreciation": 70000000.0,
        "Reconciled Cost Of Revenue": 335000000.0,
        "EBITDA": 826000000.0,
        "EBIT": 756000000.0,
        "Net Interest Income": -25000000.0,
        "Interest Expense": 36000000.0,
        "Interest Income": 11000000.0,
        "Normalized Income": 227248000.0,
        "Net Income From Continuing And Discontinued Operation": 705000000.0,
        "Total Expenses": 827000000.0,
        "Total Operating Income As Reported": 741000000.0,
        "Diluted Average Shares": NaN,
        "Basic Average Shares": NaN,
        "Diluted EPS": NaN,
        "Basic EPS": NaN,
        "Diluted NI Availto Com Stockholders": 705000000.0,
        "Net Income Common Stockholders": 705000000.0,
        "Net Income": 705000000.0,
        "Net Income Including Noncontrolling Interests": 705000000.0,
        "Net Income Continuous Operations": 705000000.0,
        "Tax Provision": 15000000.0,
        "Pretax Income": 720000000.0,
        "Other Income Expense": 492000000.0,
        "Other Non Operating Income Expenses": 4000000.0,
        "Special Income Charges": 488000000.0,
        "Other Special Charges": -488000000.0,
        "Impairment Of Capital Assets": 0.0,
        "Net Non Operating Interest Income Expense": -25000000.0,
        "Interest Expense Non Operating": 36000000.0,
        "Interest Income Non Operating": 11000000.0,
        "Operating Income": 253000000.0,
        "Operating Expense": 492000000.0,
        "Research And Development": 253000000.0,
        "Selling General And Administration": 239000000.0,
        "Gross Profit": 745000000.0,
        "Cost Of Revenue": 335000000.0,
        "Total Revenue": 1080000000.0,
        "Operating Revenue": 1080000000.0
    },
    "2024-12-31": {
        "Tax Effect Of Unusual Items": 0.0,
        "Tax Rate For Calcs": 0.0,
        "Normalized EBITDA": 301000000.0,
        "Total Unusual Items": -18000000.0,
        "Total Unusual Items Excluding Goodwill": -18000000.0,
        "Net Income From Continuing Operation Net Minority Interest": 187000000.0,
        "Reconciled Depreciation": 71000000.0,
        "Reconciled Cost Of Revenue": 376000000.0,
        "EBITDA": 283000000.0,
        "EBIT": 212000000.0,
        "Net Interest Income": -15000000.0,
        "Interest Expense": 25000000.0,
        "Interest Income": 10000000.0,
        "Normalized Income": 205000000.0,
        "Net Income From Continuing And Discontinued Operation": 187000000.0,
        "Total Expenses": 911000000.0,
        "Total Operating Income As Reported": 175000000.0,
        "Diluted Average Shares": 160000000.0,
        "Basic Average Shares": 159000000.0,
        "Diluted EPS": 1.17,
        "Basic EPS": 1.17,
        "Diluted NI Availto Com Stockholders": 187000000.0,
        "Net Income Common Stockholders": 187000000.0,
        "Net Income": 187000000.0,
        "Net Income Including Noncontrolling Interests": 187000000.0,
        "Net Income Continuous Operations": 187000000.0,
        "Tax Provision": 0.0,
        "Pretax Income": 187000000.0,
        "Other Income Expense": 9000000.0,
        "Other Non Operating Income Expenses": 27000000.0,
        "Special Income Charges": -18000000.0,
        "Other Special Charges": 18000000.0,
        "Impairment Of Capital Assets": 0.0,
        "Net Non Operating Interest Income Expense": -15000000.0,
        "Interest Expense Non Operating": 25000000.0,
        "Interest Income Non Operating": 10000000.0,
        "Operating Income": 193000000.0,
        "Operating Expense": 535000000.0,
        "Research And Development": 256000000.0,
        "Selling General And Administration": 279000000.0,
        "Gross Profit": 728000000.0,
        "Cost Of Revenue": 376000000.0,
        "Total Revenue": 1104000000.0,
        "Operating Revenue": 1104000000.0
    },
    "2025-03-31": {
        "Tax Effect Of Unusual Items": 0.0,
        "Tax Rate For Calcs": 0.279,
        "Normalized EBITDA": 276000000.0,
        "Total Unusual Items": NaN,
        "Total Unusual Items Excluding Goodwill": NaN,
        "Net Income From Continuing Operation Net Minority Interest": 131000000.0,
        "Reconciled Depreciation": 69000000.0,
        "Reconciled Cost Of Revenue": 358000000.0,
        "EBITDA": 276000000.0,
        "EBIT": 207000000.0,
        "Net Interest Income": -14000000.0,
        "Interest Expense": 25000000.0,
        "Interest Income": 11000000.0,
        "Normalized Income": 131000000.0,
        "Net Income From Continuing And Discontinued Operation": 131000000.0,
        "Total Expenses": 877000000.0,
        "Total Operating Income As Reported": 164000000.0,
        "Diluted Average Shares": 159000000.0,
        "Basic Average Shares": 159000000.0,
        "Diluted EPS": 0.82,
        "Basic EPS": 0.83,
        "Diluted NI Availto Com Stockholders": 131000000.0,
        "Net Income Common Stockholders": 131000000.0,
        "Net Income": 131000000.0,
        "Net Income Including Noncontrolling Interests": 131000000.0,
        "Net Income Continuous Operations": 131000000.0,
        "Tax Provision": 51000000.0,
        "Pretax Income": 182000000.0,
        "Other Income Expense": 32000000.0,
        "Other Non Operating Income Expenses": 32000000.0,
        "Special Income Charges": NaN,
        "Other Special Charges": NaN,
        "Impairment Of Capital Assets": NaN,
        "Net Non Operating Interest Income Expense": -14000000.0,
        "Interest Expense Non Operating": 25000000.0,
        "Interest Income Non Operating": 11000000.0,
        "Operating Income": 164000000.0,
        "Operating Expense": 519000000.0,
        "Research And Development": 252000000.0,
        "Selling General And Administration": 267000000.0,
        "Gross Profit": 683000000.0,
        "Cost Of Revenue": 358000000.0,
        "Total Revenue": 1041000000.0,
        "Operating Revenue": 1041000000.0
    },
    "2025-06-30": {
        "Tax Effect Of Unusual Items": 0.0,
        "Tax Rate For Calcs": 0.234,
        "Normalized EBITDA": 399000000.0,
        "Total Unusual Items": 0.0,
        "Total Unusual Items Excluding Goodwill": 0.0,
        "Net Income From Continuing Operation Net Minority Interest": 235000000.0,
        "Reconciled Depreciation": 68000000.0,
        "Reconciled Cost Of Revenue": 364000000.0,
        "EBITDA": 399000000.0,
        "EBIT": 331000000.0,
        "Net Interest Income": -15000000.0,
        "Interest Expense": 25000000.0,
        "Interest Income": 10000000.0,
        "Normalized Income": 235000000.0,
        "Net Income From Continuing And Discontinued Operation": 235000000.0,
        "Total Expenses": 845000000.0,
        "Total Operating Income As Reported": 214000000.0,
        "Diluted Average Shares": 157000000.0,
        "Basic Average Shares": 157000000.0,
        "Diluted EPS": 1.49,
        "Basic EPS": 1.49,
        "Diluted NI Availto Com Stockholders": 235000000.0,
        "Net Income Common Stockholders": 235000000.0,
        "Net Income": 235000000.0,
        "Net Income Including Noncontrolling Interests": 235000000.0,
        "Net Income Continuous Operations": 235000000.0,
        "Tax Provision": 71000000.0,
        "Pretax Income": 306000000.0,
        "Other Income Expense": 107000000.0,
        "Other Non Operating Income Expenses": 107000000.0,
        "Special Income Charges": 0.0,
        "Other Special Charges": NaN,
        "Impairment Of Capital Assets": 0.0,
        "Net Non Operating Interest Income Expense": -15000000.0,
        "Interest Expense Non Operating": 25000000.0,
        "Interest Income Non Operating": 10000000.0,
        "Operating Income": 214000000.0,
        "Operating Expense": 481000000.0,
        "Research And Development": 247000000.0,
        "Selling General And Administration": 234000000.0,
        "Gross Profit": 695000000.0,
        "Cost Of Revenue": 364000000.0,
        "Total Revenue": 1059000000.0,
        "Operating Revenue": 1059000000.0
    },
    "2025-09-30": {
        "Tax Effect Of Unusual Items": 0.0,
        "Tax Rate For Calcs": 0.318,
        "Normalized EBITDA": 312000000.0,
        "Total Unusual Items": 0.0,
        "Total Unusual Items Excluding Goodwill": 0.0,
        "Net Income From Continuing Operation Net Minority Interest": 150000000.0,
        "Reconciled Depreciation": 67000000.0,
        "Reconciled Cost Of Revenue": 351000000.0,
        "EBITDA": 312000000.0,
        "EBIT": 245000000.0,
        "Net Interest Income": -16000000.0,
        "Interest Expense": 25000000.0,
        "Interest Income": 9000000.0,
        "Normalized Income": 150000000.0,
        "Net Income From Continuing And Discontinued Operation": 150000000.0,
        "Total Expenses": 857000000.0,
        "Total Operating Income As Reported": 227000000.0,
        "Diluted Average Shares": 154000000.0,
        "Basic Average Shares": 153000000.0,
        "Diluted EPS": 0.98,
        "Basic EPS": 0.98,
        "Diluted NI Availto Com Stockholders": 150000000.0,
        "Net Income Common Stockholders": 150000000.0,
        "Net Income": 150000000.0,
        "Net Income Including Noncontrolling Interests": 150000000.0,
        "Net Income Continuous Operations": 150000000.0,
        "Tax Provision": 70000000.0,
        "Pretax Income": 220000000.0,
        "Other Income Expense": 9000000.0,
        "Other Non Operating Income Expenses": 9000000.0,
        "Special Income Charges": 0.0,
        "Other Special Charges": NaN,
        "Impairment Of Capital Assets": 0.0,
        "Net Non Operating Interest Income Expense": -16000000.0,
        "Interest Expense Non Operating": 25000000.0,
        "Interest Income Non Operating": 9000000.0,
        "Operating Income": 227000000.0,
        "Operating Expense": 506000000.0,
        "Research And Development": 229000000.0,
        "Selling General And Administration": 277000000.0,
        "Gross Profit": 733000000.0,
        "Cost Of Revenue": 351000000.0,
        "Total Revenue": 1084000000.0,
        "Operating Revenue": 1084000000.0
    },
    "2025-12-31": {
        "Tax Effect Of Unusual Items": NaN,
        "Tax Rate For Calcs": NaN,
        "Normalized EBITDA": NaN,
        "Total Unusual Items": NaN,
        "Total Unusual Items Excluding Goodwill": NaN,
        "Net Income From Continuing Operation Net Minority Interest": NaN,
        "Reconciled Depreciation": NaN,
        "Reconciled Cost Of Revenue": NaN,
        "EBITDA": NaN,
        "EBIT": NaN,
        "Net Interest Income": NaN,
        "Interest Expense": NaN,
        "Interest Income": NaN,
        "Normalized Income": NaN,
        "Net Income From Continuing And Discontinued Operation": NaN,
        "Total Expenses": NaN,
        "Total Operating Income As Reported": NaN,
        "Diluted Average Shares": 154000000.0,
        "Basic Average Shares": 153000000.0,
        "Diluted EPS": 2.16,
        "Basic EPS": 2.18,
        "Diluted NI Availto Com Stockholders": NaN,
        "Net Income Common Stockholders": NaN,
        "Net Income": NaN,
        "Net Income Including Noncontrolling Interests": NaN,
        "Net Income Continuous Operations": NaN,
        "Tax Provision": NaN,
        "Pretax Income": NaN,
        "Other Income Expense": NaN,
        "Other Non Operating Income Expenses": NaN,
        "Special Income Charges": NaN,
        "Other Special Charges": NaN,
        "Impairment Of Capital Assets": NaN,
        "Net Non Operating Interest Income Expense": NaN,
        "Interest Expense Non Operating": NaN,
        "Interest Income Non Operating": NaN,
        "Operating Income": NaN,
        "Operating Expense": NaN,
        "Research And Development": NaN,
        "Selling General And Administration": NaN,
        "Gross Profit": NaN,
        "Cost Of Revenue": NaN,
        "Total Revenue": NaN,
        "Operating Revenue": NaN
    }
}