{
    "2023-06-30": {
        "Tax Effect Of Unusual Items": NaN,
        "Tax Rate For Calcs": NaN,
        "Normalized EBITDA": NaN,
        "Total Unusual Items": NaN,
        "Total Unusual Items Excluding Goodwill": NaN,
        "Net Income From Continuing Operation Net Minority Interest": NaN,
        "Reconciled Depreciation": NaN,
        "Reconciled Cost Of Revenue": NaN,
        "EBITDA": NaN,
        "EBIT": NaN,
        "Net Interest Income": NaN,
        "Interest Expense": NaN,
        "Interest Income": NaN,
        "Normalized Income": NaN,
        "Net Income From Continuing And Discontinued Operation": NaN,
        "Total Expenses": NaN,
        "Total Operating Income As Reported": NaN,
        "Diluted Average Shares": NaN,
        "Basic Average Shares": NaN,
        "Diluted EPS": NaN,
        "Basic EPS": NaN,
        "Diluted NI Availto Com Stockholders": NaN,
        "Net Income Common Stockholders": NaN,
        "Net Income": NaN,
        "Minority Interests": NaN,
        "Net Income Including Noncontrolling Interests": NaN,
        "Net Income Continuous Operations": NaN,
        "Tax Provision": NaN,
        "Pretax Income": NaN,
        "Other Income Expense": NaN,
        "Other Non Operating Income Expenses": -78000.0,
        "Special Income Charges": NaN,
        "Write Off": NaN,
        "Restructuring And Mergern Acquisition": NaN,
        "Gain On Sale Of Security": NaN,
        "Net Non Operating Interest Income Expense": NaN,
        "Interest Expense Non Operating": NaN,
        "Interest Income Non Operating": NaN,
        "Operating Income": NaN,
        "Operating Expense": NaN,
        "Provision For Doubtful Accounts": 846000.0,
        "Depreciation Amortization Depletion Income Statement": NaN,
        "Depreciation And Amortization In Income Statement": NaN,
        "Amortization": NaN,
        "Amortization Of Intangibles Income Statement": NaN,
        "Research And Development": NaN,
        "Selling General And Administration": NaN,
        "General And Administrative Expense": NaN,
        "Other Gand A": NaN,
        "Salaries And Wages": NaN,
        "Gross Profit": NaN,
        "Cost Of Revenue": NaN,
        "Total Revenue": NaN,
        "Operating Revenue": NaN
    },
    "2023-03-31": {
        "Tax Effect Of Unusual Items": NaN,
        "Tax Rate For Calcs": NaN,
        "Normalized EBITDA": NaN,
        "Total Unusual Items": NaN,
        "Total Unusual Items Excluding Goodwill": NaN,
        "Net Income From Continuing Operation Net Minority Interest": NaN,
        "Reconciled Depreciation": NaN,
        "Reconciled Cost Of Revenue": NaN,
        "EBITDA": NaN,
        "EBIT": NaN,
        "Net Interest Income": NaN,
        "Interest Expense": NaN,
        "Interest Income": NaN,
        "Normalized Income": NaN,
        "Net Income From Continuing And Discontinued Operation": NaN,
        "Total Expenses": NaN,
        "Total Operating Income As Reported": NaN,
        "Diluted Average Shares": NaN,
        "Basic Average Shares": NaN,
        "Diluted EPS": NaN,
        "Basic EPS": NaN,
        "Diluted NI Availto Com Stockholders": NaN,
        "Net Income Common Stockholders": NaN,
        "Net Income": NaN,
        "Minority Interests": NaN,
        "Net Income Including Noncontrolling Interests": NaN,
        "Net Income Continuous Operations": NaN,
        "Tax Provision": NaN,
        "Pretax Income": NaN,
        "Other Income Expense": NaN,
        "Other Non Operating Income Expenses": NaN,
        "Special Income Charges": NaN,
        "Write Off": NaN,
        "Restructuring And Mergern Acquisition": NaN,
        "Gain On Sale Of Security": NaN,
        "Net Non Operating Interest Income Expense": NaN,
        "Interest Expense Non Operating": NaN,
        "Interest Income Non Operating": NaN,
        "Operating Income": NaN,
        "Operating Expense": NaN,
        "Other Operating Expenses": 77000.0,
        "Provision For Doubtful Accounts": 220000.0,
        "Depreciation Amortization Depletion Income Statement": NaN,
        "Depreciation And Amortization In Income Statement": NaN,
        "Amortization": NaN,
        "Amortization Of Intangibles Income Statement": NaN,
        "Research And Development": NaN,
        "Selling General And Administration": NaN,
        "General And Administrative Expense": NaN,
        "Other Gand A": NaN,
        "Salaries And Wages": NaN,
        "Gross Profit": NaN,
        "Cost Of Revenue": NaN,
        "Total Revenue": NaN,
        "Operating Revenue": NaN
    },
    "2022-12-31": {
        "Tax Effect Of Unusual Items": NaN,
        "Tax Rate For Calcs": NaN,
        "Normalized EBITDA": NaN,
        "Total Unusual Items": NaN,
        "Total Unusual Items Excluding Goodwill": NaN,
        "Net Income From Continuing Operation Net Minority Interest": NaN,
        "Reconciled Depreciation": NaN,
        "Reconciled Cost Of Revenue": NaN,
        "EBITDA": NaN,
        "EBIT": NaN,
        "Net Interest Income": NaN,
        "Interest Expense": NaN,
        "Interest Income": NaN,
        "Normalized Income": NaN,
        "Net Income From Continuing And Discontinued Operation": NaN,
        "Total Expenses": NaN,
        "Total Operating Income As Reported": NaN,
        "Diluted Average Shares": NaN,
        "Basic Average Shares": NaN,
        "Diluted EPS": NaN,
        "Basic EPS": NaN,
        "Diluted NI Availto Com Stockholders": NaN,
        "Net Income Common Stockholders": NaN,
        "Net Income": NaN,
        "Minority Interests": NaN,
        "Net Income Including Noncontrolling Interests": NaN,
        "Net Income Continuous Operations": NaN,
        "Tax Provision": NaN,
        "Pretax Income": NaN,
        "Other Income Expense": NaN,
        "Other Non Operating Income Expenses": -139000.0,
        "Special Income Charges": NaN,
        "Write Off": NaN,
        "Restructuring And Mergern Acquisition": NaN,
        "Gain On Sale Of Security": NaN,
        "Net Non Operating Interest Income Expense": NaN,
        "Interest Expense Non Operating": NaN,
        "Interest Income Non Operating": NaN,
        "Operating Income": NaN,
        "Operating Expense": NaN,
        "Other Operating Expenses": 139000.0,
        "Provision For Doubtful Accounts": NaN,
        "Depreciation Amortization Depletion Income Statement": NaN,
        "Depreciation And Amortization In Income Statement": NaN,
        "Amortization": NaN,
        "Amortization Of Intangibles Income Statement": NaN,
        "Research And Development": NaN,
        "Selling General And Administration": NaN,
        "General And Administrative Expense": NaN,
        "Other Gand A": NaN,
        "Salaries And Wages": NaN,
        "Gross Profit": NaN,
        "Cost Of Revenue": NaN,
        "Total Revenue": NaN,
        "Operating Revenue": NaN
    },
    "2022-09-30": {
        "Tax Effect Of Unusual Items": NaN,
        "Tax Rate For Calcs": NaN,
        "Normalized EBITDA": NaN,
        "Total Unusual Items": NaN,
        "Total Unusual Items Excluding Goodwill": NaN,
        "Net Income From Continuing Operation Net Minority Interest": NaN,
        "Reconciled Depreciation": NaN,
        "Reconciled Cost Of Revenue": NaN,
        "EBITDA": NaN,
        "EBIT": NaN,
        "Net Interest Income": NaN,
        "Interest Expense": NaN,
        "Interest Income": NaN,
        "Normalized Income": NaN,
        "Net Income From Continuing And Discontinued Operation": NaN,
        "Total Expenses": NaN,
        "Total Operating Income As Reported": NaN,
        "Diluted Average Shares": NaN,
        "Basic Average Shares": NaN,
        "Diluted EPS": NaN,
        "Basic EPS": NaN,
        "Diluted NI Availto Com Stockholders": NaN,
        "Net Income Common Stockholders": NaN,
        "Net Income": NaN,
        "Minority Interests": NaN,
        "Net Income Including Noncontrolling Interests": NaN,
        "Net Income Continuous Operations": NaN,
        "Tax Provision": NaN,
        "Pretax Income": NaN,
        "Other Income Expense": NaN,
        "Other Non Operating Income Expenses": -140000.0,
        "Special Income Charges": NaN,
        "Write Off": NaN,
        "Restructuring And Mergern Acquisition": NaN,
        "Gain On Sale Of Security": NaN,
        "Net Non Operating Interest Income Expense": NaN,
        "Interest Expense Non Operating": NaN,
        "Interest Income Non Operating": NaN,
        "Operating Income": NaN,
        "Operating Expense": NaN,
        "Other Operating Expenses": 140000.0,
        "Provision For Doubtful Accounts": NaN,
        "Depreciation Amortization Depletion Income Statement": NaN,
        "Depreciation And Amortization In Income Statement": NaN,
        "Amortization": NaN,
        "Amortization Of Intangibles Income Statement": NaN,
        "Research And Development": NaN,
        "Selling General And Administration": NaN,
        "General And Administrative Expense": 33045000.0,
        "Other Gand A": 32905000.0,
        "Salaries And Wages": 140000.0,
        "Gross Profit": NaN,
        "Cost Of Revenue": NaN,
        "Total Revenue": NaN,
        "Operating Revenue": NaN
    },
    "2022-06-30": {
        "Tax Effect Of Unusual Items": -1820800.0,
        "Tax Rate For Calcs": 0.4,
        "Normalized EBITDA": 5864000.0,
        "Total Unusual Items": -4552000.0,
        "Total Unusual Items Excluding Goodwill": -4552000.0,
        "Net Income From Continuing Operation Net Minority Interest": -2851000.0,
        "Reconciled Depreciation": 1104000.0,
        "Reconciled Cost Of Revenue": 29932000.0,
        "EBITDA": 1312000.0,
        "EBIT": 208000.0,
        "Net Interest Income": -909000.0,
        "Interest Expense": 1326000.0,
        "Interest Income": 417000.0,
        "Normalized Income": -119800.0,
        "Net Income From Continuing And Discontinued Operation": -2851000.0,
        "Total Expenses": 69625000.0,
        "Total Operating Income As Reported": -101000.0,
        "Diluted Average Shares": 57320000.0,
        "Basic Average Shares": 57320000.0,
        "Diluted EPS": -0.05,
        "Basic EPS": -0.05,
        "Diluted NI Availto Com Stockholders": -2851000.0,
        "Net Income Common Stockholders": -2851000.0,
        "Net Income": -2851000.0,
        "Minority Interests": 1400000.0,
        "Net Income Including Noncontrolling Interests": -4251000.0,
        "Net Income Continuous Operations": -4251000.0,
        "Tax Provision": 3133000.0,
        "Pretax Income": -1118000.0,
        "Other Income Expense": -4552000.0,
        "Other Non Operating Income Expenses": -138000.0,
        "Special Income Charges": -4582000.0,
        "Write Off": 4582000.0,
        "Restructuring And Mergern Acquisition": NaN,
        "Gain On Sale Of Security": 30000.0,
        "Net Non Operating Interest Income Expense": -909000.0,
        "Interest Expense Non Operating": 1326000.0,
        "Interest Income Non Operating": 417000.0,
        "Operating Income": 4343000.0,
        "Operating Expense": 39693000.0,
        "Other Operating Expenses": 138000.0,
        "Provision For Doubtful Accounts": NaN,
        "Depreciation Amortization Depletion Income Statement": 1104000.0,
        "Depreciation And Amortization In Income Statement": 1104000.0,
        "Amortization": 1104000.0,
        "Amortization Of Intangibles Income Statement": 1104000.0,
        "Research And Development": 1356000.0,
        "Selling General And Administration": 37095000.0,
        "Selling And Marketing Expense": NaN,
        "General And Administrative Expense": NaN,
        "Salaries And Wages": NaN,
        "Gross Profit": 44036000.0,
        "Cost Of Revenue": 29932000.0,
        "Total Revenue": 73968000.0,
        "Operating Revenue": 73968000.0
    },
    "2022-03-31": {
        "Diluted EPS": -0.23,
        "Total Revenue": 60,
        "Gross Profit": 32,
        "Operating Income": -8,
        "EBIT": 6,
        "Net Income": -14
    },
    "2021-12-31": {
        "Diluted EPS": 0.17,
        "Total Revenue": 109,
        "Gross Profit": 64,
        "Operating Income": 26,
        "EBIT": 42,
        "Net Income": 10
    },
    "2021-09-30": {
        "Diluted EPS": -0.14,
        "Total Revenue": 57,
        "Gross Profit": 27,
        "Operating Income": -1,
        "EBIT": 15,
        "Net Income": -8
    },
    "2021-06-30": {
        "Diluted EPS": -0.16,
        "Total Revenue": 51,
        "Gross Profit": 26,
        "Operating Income": -3,
        "EBIT": 11,
        "Net Income": -9
    },
    "2021-03-31": {
        "Diluted EPS": -0.25,
        "Total Revenue": 39,
        "Gross Profit": 17,
        "Operating Income": -11,
        "EBIT": 2,
        "Net Income": -15
    },
    "2020-12-31": {
        "Diluted EPS": -0.37,
        "Total Revenue": 56,
        "Gross Profit": 20,
        "Operating Income": -14,
        "EBIT": -2,
        "Net Income": -21
    },
    "2020-09-30": {
        "Diluted EPS": -0.8,
        "Total Revenue": 37,
        "Gross Profit": 4,
        "Operating Income": -27,
        "EBIT": -13,
        "Net Income": -47
    },
    "2020-06-30": {
        "Diluted EPS": -0.44,
        "Total Revenue": 9,
        "Gross Profit": -8,
        "Operating Income": -42,
        "EBIT": -30,
        "Net Income": -26
    },
    "2020-03-31": {
        "Diluted EPS": -0.82,
        "Total Revenue": 35,
        "Gross Profit": 5,
        "Operating Income": -38,
        "EBIT": -23,
        "Net Income": -49
    },
    "2019-12-31": {
        "Diluted EPS": 0.29,
        "Total Revenue": 124,
        "Gross Profit": 62,
        "Operating Income": 25,
        "EBIT": 43,
        "Net Income": 18
    },
    "2019-09-30": {
        "Diluted EPS": 0.15,
        "Total Revenue": 86,
        "Gross Profit": 47,
        "Operating Income": 14,
        "EBIT": 30,
        "Net Income": 9
    },
    "2019-06-30": {
        "Diluted EPS": 0.19,
        "Total Revenue": 105,
        "Gross Profit": 60,
        "Operating Income": 24,
        "EBIT": 40,
        "Net Income": 11
    },
    "2019-03-31": {
        "Diluted EPS": 0.13,
        "Total Revenue": 80,
        "Gross Profit": 45,
        "Operating Income": 14,
        "EBIT": 28,
        "Net Income": 8
    },
    "2018-12-31": {
        "Diluted EPS": 0.03,
        "Total Revenue": 109,
        "Gross Profit": 55,
        "Operating Income": 4,
        "EBIT": 19,
        "Net Income": 2
    },
    "2018-09-30": {
        "Diluted EPS": 0.08,
        "Total Revenue": 82,
        "Gross Profit": 42,
        "Operating Income": 10,
        "EBIT": 24,
        "Net Income": 5
    },
    "2018-06-30": {
        "Diluted EPS": 0.12,
        "Total Revenue": 98,
        "Gross Profit": 60,
        "Operating Income": 15,
        "EBIT": 29,
        "Net Income": 8
    },
    "2018-03-31": {
        "Diluted EPS": 0.13,
        "Total Revenue": 85,
        "Gross Profit": 51,
        "Operating Income": 17,
        "EBIT": 31,
        "Net Income": 9
    },
    "2017-12-31": {
        "Diluted EPS": 0.08,
        "Total Revenue": 126,
        "Gross Profit": 60,
        "Operating Income": 25,
        "EBIT": 52,
        "Net Income": 5
    },
    "2017-09-30": {
        "Diluted EPS": -0.01,
        "Total Revenue": 99,
        "Gross Profit": 40,
        "Operating Income": 5,
        "EBIT": 19,
        "Net Income": -1
    },
    "2017-06-30": {
        "Diluted EPS": -0.03,
        "Total Revenue": 88,
        "Gross Profit": 49,
        "Operating Income": 2,
        "EBIT": 15,
        "Net Income": -2
    },
    "2017-03-31": {
        "Diluted EPS": 0.0,
        "Total Revenue": 69,
        "Gross Profit": 36,
        "Operating Income": 0,
        "EBIT": 12,
        "Net Income": 0
    },
    "2016-12-31": {
        "Diluted EPS": 0.13,
        "Total Revenue": 107,
        "Gross Profit": 55,
        "Operating Income": 19,
        "EBIT": 31,
        "Net Income": 9
    },
    "2016-09-30": {
        "Diluted EPS": 0.04,
        "Total Revenue": 87,
        "Gross Profit": 45,
        "Operating Income": 8,
        "EBIT": 20,
        "Net Income": 3
    },
    "2016-06-30": {
        "Diluted EPS": 0.09,
        "Total Revenue": 92,
        "Gross Profit": 50,
        "Operating Income": 13,
        "EBIT": 24,
        "Net Income": 6
    },
    "2016-03-31": {
        "Diluted EPS": 0.16,
        "Total Revenue": 92,
        "Gross Profit": 52,
        "Operating Income": 19,
        "EBIT": 29,
        "Net Income": 11
    },
    "2015-12-31": {
        "Diluted EPS": 0.32,
        "Total Revenue": 119,
        "Gross Profit": 72,
        "Operating Income": 35,
        "EBIT": 47,
        "Net Income": 23
    },
    "2015-09-30": {
        "Diluted EPS": 0.12,
        "Total Revenue": 85,
        "Gross Profit": 42,
        "Operating Income": 14,
        "EBIT": 24,
        "Net Income": 8
    },
    "2015-06-30": {
        "Diluted EPS": 0.34,
        "Total Revenue": 107,
        "Gross Profit": 69,
        "Operating Income": 37,
        "EBIT": 48,
        "Net Income": 24
    },
    "2015-03-31": {
        "Diluted EPS": 0.01,
        "Total Revenue": 62,
        "Gross Profit": 36,
        "Operating Income": 3,
        "EBIT": 12,
        "Net Income": 0
    },
    "2014-12-31": {
        "Diluted EPS": 0.29,
        "Total Revenue": 102,
        "Gross Profit": 64,
        "Operating Income": 31,
        "EBIT": 40,
        "Net Income": 21
    },
    "2014-09-30": {
        "Diluted EPS": 0.07,
        "Total Revenue": 61,
        "Gross Profit": 35,
        "Operating Income": 7,
        "EBIT": 15,
        "Net Income": 5
    },
    "2014-06-30": {
        "Diluted EPS": 0.19,
        "Total Revenue": 79,
        "Gross Profit": 48,
        "Operating Income": 20,
        "EBIT": 28,
        "Net Income": 13
    },
    "2014-03-31": {
        "Diluted EPS": 0.01,
        "Total Revenue": 48,
        "Gross Profit": 26,
        "Operating Income": 1,
        "EBIT": 8,
        "Net Income": 1
    },
    "2013-12-31": {
        "Diluted EPS": 0.41,
        "Total Revenue": 105,
        "Gross Profit": 67,
        "Operating Income": 40,
        "EBIT": 48,
        "Net Income": 28
    },
    "2013-09-30": {
        "Diluted EPS": 0.02,
        "Total Revenue": 52,
        "Gross Profit": 27,
        "Operating Income": 3,
        "EBIT": 12,
        "Net Income": 2
    },
    "2013-06-30": {
        "Diluted EPS": 0.17,
        "Total Revenue": 82,
        "Gross Profit": 44,
        "Operating Income": 17,
        "EBIT": 29,
        "Net Income": 12
    },
    "2013-03-31": {
        "Diluted EPS": 0.04,
        "Total Revenue": 50,
        "Gross Profit": 26,
        "Operating Income": 5,
        "EBIT": 13,
        "Net Income": 3
    },
    "2012-12-31": {
        "Diluted EPS": 0.19,
        "Total Revenue": 76,
        "Gross Profit": 43,
        "Operating Income": 17,
        "EBIT": 25,
        "Net Income": 13
    },
    "2012-09-30": {
        "Diluted EPS": 0.22,
        "Total Revenue": 81,
        "Gross Profit": 45,
        "Operating Income": 22,
        "EBIT": 30,
        "Net Income": 15
    },
    "2012-06-30": {
        "Diluted EPS": 0.16,
        "Total Revenue": 70,
        "Gross Profit": 39,
        "Operating Income": 15,
        "EBIT": 25,
        "Net Income": 11
    },
    "2012-03-31": {
        "Diluted EPS": 0.04,
        "Total Revenue": 56,
        "Gross Profit": 27,
        "Operating Income": 4,
        "EBIT": 12,
        "Net Income": 3
    },
    "2011-12-31": {
        "Diluted EPS": 0.09,
        "Total Revenue": 67,
        "Gross Profit": 32,
        "Operating Income": 12,
        "EBIT": 19,
        "Net Income": 6
    },
    "2011-09-30": {
        "Diluted EPS": 0.12,
        "Total Revenue": 67,
        "Gross Profit": 36,
        "Operating Income": 14,
        "EBIT": 20,
        "Net Income": 8
    },
    "2011-06-30": {
        "Diluted EPS": 0.03,
        "Total Revenue": 57,
        "Gross Profit": 26,
        "Operating Income": 4,
        "EBIT": 11,
        "Net Income": 2
    },
    "2011-03-31": {
        "Diluted EPS": -0.02,
        "Total Revenue": 45,
        "Gross Profit": 21,
        "Operating Income": 0,
        "EBIT": 5,
        "Net Income": -1
    },
    "2010-12-31": {
        "Diluted EPS": 0.8,
        "Total Revenue": 69,
        "Gross Profit": 36,
        "Operating Income": 0,
        "EBIT": 5,
        "Net Income": 54
    },
    "2010-09-30": {
        "Diluted EPS": 0.1,
        "Total Revenue": 51,
        "Gross Profit": 26,
        "Operating Income": 8,
        "EBIT": 13,
        "Net Income": 7
    },
    "2010-06-30": {
        "Diluted EPS": 0.2,
        "Total Revenue": 56,
        "Gross Profit": 27,
        "Operating Income": 15,
        "EBIT": 20,
        "Net Income": 13
    },
    "2010-03-31": {
        "Diluted EPS": 0.4,
        "Total Revenue": 73,
        "Gross Profit": 48,
        "Operating Income": 27,
        "EBIT": 33,
        "Net Income": 27
    },
    "2009-12-31": {
        "Diluted EPS": 0.06,
        "Total Revenue": 54,
        "Gross Profit": 29,
        "Operating Income": 7,
        "EBIT": 11,
        "Net Income": 4
    },
    "2009-09-30": {
        "Diluted EPS": 0.02,
        "Total Revenue": 44,
        "Gross Profit": 19,
        "Operating Income": 5,
        "EBIT": 10,
        "Net Income": 1
    },
    "2009-06-30": {
        "Diluted EPS": 0.05,
        "Total Revenue": 41,
        "Gross Profit": 21,
        "Operating Income": 7,
        "EBIT": 12,
        "Net Income": 3
    },
    "2009-03-31": {
        "Diluted EPS": -0.06,
        "Total Revenue": 34,
        "Gross Profit": 14,
        "Operating Income": 3,
        "EBIT": 7,
        "Net Income": -3
    },
    "2023-09-30": {
        "Tax Effect Of Unusual Items": NaN,
        "Tax Rate For Calcs": NaN,
        "Normalized EBITDA": NaN,
        "Total Unusual Items": NaN,
        "Total Unusual Items Excluding Goodwill": NaN,
        "Net Income From Continuing Operation Net Minority Interest": NaN,
        "Reconciled Depreciation": NaN,
        "Reconciled Cost Of Revenue": NaN,
        "EBITDA": NaN,
        "EBIT": NaN,
        "Net Interest Income": NaN,
        "Interest Expense": NaN,
        "Interest Income": NaN,
        "Normalized Income": NaN,
        "Net Income From Continuing And Discontinued Operation": NaN,
        "Total Expenses": NaN,
        "Total Operating Income As Reported": NaN,
        "Diluted Average Shares": 55535000.0,
        "Basic Average Shares": 54618000.0,
        "Diluted EPS": 0.22,
        "Basic EPS": 0.22,
        "Diluted NI Availto Com Stockholders": NaN,
        "Net Income Common Stockholders": NaN,
        "Net Income": NaN,
        "Minority Interests": NaN,
        "Net Income Including Noncontrolling Interests": NaN,
        "Net Income Continuous Operations": NaN,
        "Tax Provision": NaN,
        "Pretax Income": NaN,
        "Other Income Expense": NaN,
        "Special Income Charges": NaN,
        "Write Off": 523000.0,
        "Restructuring And Mergern Acquisition": NaN,
        "Gain On Sale Of Security": NaN,
        "Net Non Operating Interest Income Expense": NaN,
        "Interest Expense Non Operating": NaN,
        "Interest Income Non Operating": NaN,
        "Operating Income": NaN,
        "Operating Expense": NaN,
        "Provision For Doubtful Accounts": NaN,
        "Depreciation Amortization Depletion Income Statement": NaN,
        "Depreciation And Amortization In Income Statement": NaN,
        "Amortization": NaN,
        "Amortization Of Intangibles Income Statement": NaN,
        "Research And Development": NaN,
        "Selling General And Administration": NaN,
        "General And Administrative Expense": 36359000.0,
        "Other Gand A": 36282000.0,
        "Salaries And Wages": 77000.0,
        "Gross Profit": NaN,
        "Cost Of Revenue": NaN,
        "Total Revenue": NaN,
        "Operating Revenue": NaN
    },
    "2023-12-31": {
        "Tax Effect Of Unusual Items": NaN,
        "Tax Rate For Calcs": NaN,
        "Normalized EBITDA": NaN,
        "Total Unusual Items": NaN,
        "Total Unusual Items Excluding Goodwill": NaN,
        "Net Income From Continuing Operation Net Minority Interest": NaN,
        "Reconciled Depreciation": NaN,
        "Reconciled Cost Of Revenue": NaN,
        "EBITDA": NaN,
        "EBIT": NaN,
        "Net Interest Income": NaN,
        "Interest Expense": NaN,
        "Interest Income": NaN,
        "Normalized Income": NaN,
        "Net Income From Continuing And Discontinued Operation": NaN,
        "Total Expenses": NaN,
        "Total Operating Income As Reported": NaN,
        "Diluted Average Shares": NaN,
        "Basic Average Shares": NaN,
        "Diluted EPS": NaN,
        "Basic EPS": NaN,
        "Diluted NI Availto Com Stockholders": NaN,
        "Net Income Common Stockholders": NaN,
        "Net Income": NaN,
        "Minority Interests": NaN,
        "Net Income Including Noncontrolling Interests": NaN,
        "Net Income Continuous Operations": NaN,
        "Tax Provision": NaN,
        "Pretax Income": NaN,
        "Other Income Expense": NaN,
        "Other Non Operating Income Expenses": NaN,
        "Special Income Charges": NaN,
        "Write Off": 144000.0,
        "Restructuring And Mergern Acquisition": NaN,
        "Gain On Sale Of Security": NaN,
        "Net Non Operating Interest Income Expense": NaN,
        "Interest Expense Non Operating": NaN,
        "Interest Income Non Operating": NaN,
        "Operating Income": NaN,
        "Operating Expense": NaN,
        "Provision For Doubtful Accounts": NaN,
        "Depreciation Amortization Depletion Income Statement": NaN,
        "Depreciation And Amortization In Income Statement": NaN,
        "Amortization": NaN,
        "Amortization Of Intangibles Income Statement": NaN,
        "Research And Development": NaN,
        "Selling General And Administration": NaN,
        "General And Administrative Expense": 35070000.0,
        "Other Gand A": 35070000.0,
        "Salaries And Wages": 179000.0,
        "Gross Profit": NaN,
        "Cost Of Revenue": NaN,
        "Total Revenue": NaN,
        "Operating Revenue": NaN
    },
    "2024-03-31": {
        "Tax Effect Of Unusual Items": NaN,
        "Tax Rate For Calcs": NaN,
        "Normalized EBITDA": NaN,
        "Total Unusual Items": NaN,
        "Total Unusual Items Excluding Goodwill": NaN,
        "Net Income From Continuing Operation Net Minority Interest": NaN,
        "Reconciled Depreciation": NaN,
        "Reconciled Cost Of Revenue": NaN,
        "EBITDA": NaN,
        "EBIT": NaN,
        "Net Interest Income": NaN,
        "Interest Expense": NaN,
        "Interest Income": NaN,
        "Normalized Income": NaN,
        "Net Income From Continuing And Discontinued Operation": NaN,
        "Total Expenses": NaN,
        "Total Operating Income As Reported": NaN,
        "Diluted Average Shares": NaN,
        "Basic Average Shares": NaN,
        "Diluted EPS": NaN,
        "Basic EPS": NaN,
        "Diluted NI Availto Com Stockholders": NaN,
        "Net Income Common Stockholders": NaN,
        "Net Income": NaN,
        "Minority Interests": NaN,
        "Net Income Including Noncontrolling Interests": NaN,
        "Net Income Continuous Operations": NaN,
        "Tax Provision": NaN,
        "Pretax Income": NaN,
        "Other Income Expense": NaN,
        "Other Non Operating Income Expenses": NaN,
        "Special Income Charges": NaN,
        "Write Off": 35000.0,
        "Restructuring And Mergern Acquisition": NaN,
        "Gain On Sale Of Security": NaN,
        "Net Non Operating Interest Income Expense": NaN,
        "Interest Expense Non Operating": NaN,
        "Interest Income Non Operating": NaN,
        "Operating Income": NaN,
        "Operating Expense": NaN,
        "Provision For Doubtful Accounts": NaN,
        "Depreciation Amortization Depletion Income Statement": NaN,
        "Depreciation And Amortization In Income Statement": NaN,
        "Amortization": NaN,
        "Amortization Of Intangibles Income Statement": NaN,
        "Research And Development": NaN,
        "Selling General And Administration": NaN,
        "General And Administrative Expense": 31257000.0,
        "Other Gand A": 31257000.0,
        "Salaries And Wages": 107000.0,
        "Gross Profit": NaN,
        "Cost Of Revenue": NaN,
        "Total Revenue": NaN,
        "Operating Revenue": NaN
    },
    "2024-06-30": {
        "Tax Effect Of Unusual Items": NaN,
        "Tax Rate For Calcs": NaN,
        "Normalized EBITDA": NaN,
        "Total Unusual Items": NaN,
        "Total Unusual Items Excluding Goodwill": NaN,
        "Net Income From Continuing Operation Net Minority Interest": NaN,
        "Reconciled Depreciation": NaN,
        "Reconciled Cost Of Revenue": NaN,
        "EBITDA": NaN,
        "EBIT": NaN,
        "Net Interest Income": NaN,
        "Interest Expense": NaN,
        "Interest Income": NaN,
        "Normalized Income": NaN,
        "Net Income From Continuing And Discontinued Operation": NaN,
        "Total Expenses": NaN,
        "Total Operating Income As Reported": NaN,
        "Diluted Average Shares": NaN,
        "Basic Average Shares": NaN,
        "Diluted EPS": NaN,
        "Basic EPS": NaN,
        "Diluted NI Availto Com Stockholders": NaN,
        "Net Income Common Stockholders": NaN,
        "Net Income": NaN,
        "Minority Interests": NaN,
        "Net Income Including Noncontrolling Interests": NaN,
        "Net Income Continuous Operations": NaN,
        "Tax Provision": NaN,
        "Pretax Income": NaN,
        "Other Income Expense": NaN,
        "Other Non Operating Income Expenses": NaN,
        "Special Income Charges": NaN,
        "Write Off": NaN,
        "Restructuring And Mergern Acquisition": NaN,
        "Gain On Sale Of Security": NaN,
        "Net Non Operating Interest Income Expense": NaN,
        "Interest Expense Non Operating": NaN,
        "Interest Income Non Operating": NaN,
        "Operating Income": NaN,
        "Operating Expense": NaN,
        "Provision For Doubtful Accounts": NaN,
        "Depreciation Amortization Depletion Income Statement": NaN,
        "Depreciation And Amortization In Income Statement": NaN,
        "Amortization": NaN,
        "Amortization Of Intangibles Income Statement": NaN,
        "Research And Development": NaN,
        "Selling General And Administration": NaN,
        "General And Administrative Expense": 37671000.0,
        "Other Gand A": 37564000.0,
        "Salaries And Wages": 107000.0,
        "Gross Profit": NaN,
        "Cost Of Revenue": NaN,
        "Total Revenue": NaN,
        "Operating Revenue": NaN
    },
    "2024-09-30": {
        "Tax Effect Of Unusual Items": 4290.987076,
        "Tax Rate For Calcs": 0.134093,
        "Normalized EBITDA": 34827000.0,
        "Total Unusual Items": 32000.0,
        "Total Unusual Items Excluding Goodwill": 32000.0,
        "Net Income From Continuing Operation Net Minority Interest": 13896000.0,
        "Reconciled Depreciation": 14900000.0,
        "Reconciled Cost Of Revenue": 27077000.0,
        "EBITDA": 34859000.0,
        "EBIT": 19959000.0,
        "Net Interest Income": -1615000.0,
        "Interest Expense": 2240000.0,
        "Interest Income": 625000.0,
        "Normalized Income": 13868290.987076,
        "Net Income From Continuing And Discontinued Operation": 13896000.0,
        "Total Expenses": 72041000.0,
        "Total Operating Income As Reported": 19411000.0,
        "Diluted Average Shares": 54089000.0,
        "Basic Average Shares": 52682000.0,
        "Diluted EPS": 0.26,
        "Basic EPS": 0.26,
        "Diluted NI Availto Com Stockholders": 13896000.0,
        "Net Income Common Stockholders": 13896000.0,
        "Net Income": 13896000.0,
        "Minority Interests": -1447000.0,
        "Net Income Including Noncontrolling Interests": 15343000.0,
        "Net Income Continuous Operations": 15343000.0,
        "Tax Provision": 2376000.0,
        "Pretax Income": 17719000.0,
        "Other Income Expense": -77000.0,
        "Other Non Operating Income Expenses": -109000.0,
        "Special Income Charges": 0.0,
        "Write Off": -1137000.0,
        "Restructuring And Mergern Acquisition": 0.0,
        "Gain On Sale Of Security": 32000.0,
        "Net Non Operating Interest Income Expense": -1615000.0,
        "Interest Expense Non Operating": 2240000.0,
        "Interest Income Non Operating": 625000.0,
        "Operating Income": 19411000.0,
        "Operating Expense": 31608000.0,
        "Provision For Doubtful Accounts": -1137000.0,
        "Depreciation Amortization Depletion Income Statement": 1544000.0,
        "Depreciation And Amortization In Income Statement": 1544000.0,
        "Amortization": 1544000.0,
        "Amortization Of Intangibles Income Statement": 1544000.0,
        "Research And Development": -265000.0,
        "Selling General And Administration": 31466000.0,
        "General And Administrative Expense": 31466000.0,
        "Other Gand A": 31466000.0,
        "Salaries And Wages": 109000.0,
        "Gross Profit": 51019000.0,
        "Cost Of Revenue": 40433000.0,
        "Total Revenue": 91452000.0,
        "Operating Revenue": 91452000.0
    },
    "2024-12-31": {
        "Tax Effect Of Unusual Items": -650880.345988,
        "Tax Rate For Calcs": 0.175156,
        "Normalized EBITDA": 30258000.0,
        "Total Unusual Items": -3716000.0,
        "Total Unusual Items Excluding Goodwill": -3716000.0,
        "Net Income From Continuing Operation Net Minority Interest": 5306000.0,
        "Reconciled Depreciation": 16601000.0,
        "Reconciled Cost Of Revenue": 29256000.0,
        "EBITDA": 26542000.0,
        "EBIT": 9941000.0,
        "Net Interest Income": -1157000.0,
        "Interest Expense": 1617000.0,
        "Interest Income": 460000.0,
        "Normalized Income": 8371119.654012,
        "Net Income From Continuing And Discontinued Operation": 5306000.0,
        "Total Expenses": 79411000.0,
        "Total Operating Income As Reported": 9512000.0,
        "Diluted Average Shares": 54706000.0,
        "Basic Average Shares": 52770000.0,
        "Diluted EPS": 0.1,
        "Basic EPS": 0.1,
        "Diluted NI Availto Com Stockholders": 5306000.0,
        "Net Income Common Stockholders": 5306000.0,
        "Net Income": 5306000.0,
        "Minority Interests": -1560000.0,
        "Net Income Including Noncontrolling Interests": 6866000.0,
        "Net Income Continuous Operations": 6866000.0,
        "Tax Provision": 1458000.0,
        "Pretax Income": 8324000.0,
        "Other Income Expense": -3780000.0,
        "Other Non Operating Income Expenses": -64000.0,
        "Special Income Charges": -3749000.0,
        "Write Off": 963000.0,
        "Restructuring And Mergern Acquisition": 3749000.0,
        "Gain On Sale Of Security": 33000.0,
        "Net Non Operating Interest Income Expense": -1157000.0,
        "Interest Expense Non Operating": 1617000.0,
        "Interest Income Non Operating": 460000.0,
        "Operating Income": 13261000.0,
        "Operating Expense": 35104000.0,
        "Provision For Doubtful Accounts": -10000.0,
        "Depreciation Amortization Depletion Income Statement": 1550000.0,
        "Depreciation And Amortization In Income Statement": 1550000.0,
        "Amortization": 1550000.0,
        "Amortization Of Intangibles Income Statement": 1550000.0,
        "Research And Development": 1150000.0,
        "Selling General And Administration": 32414000.0,
        "General And Administrative Expense": NaN,
        "Other Gand A": NaN,
        "Salaries And Wages": NaN,
        "Gross Profit": 48365000.0,
        "Cost Of Revenue": 44307000.0,
        "Total Revenue": 92672000.0,
        "Operating Revenue": 92672000.0
    },
    "2025-03-31": {
        "Tax Effect Of Unusual Items": -5250.0,
        "Tax Rate For Calcs": 0.21,
        "Normalized EBITDA": 32174000.0,
        "Total Unusual Items": -25000.0,
        "Total Unusual Items Excluding Goodwill": -25000.0,
        "Net Income From Continuing Operation Net Minority Interest": 2327000.0,
        "Reconciled Depreciation": 14913000.0,
        "Reconciled Cost Of Revenue": 20309000.0,
        "EBITDA": 32149000.0,
        "EBIT": 17236000.0,
        "Net Interest Income": -1261000.0,
        "Interest Expense": 1801000.0,
        "Interest Income": 540000.0,
        "Normalized Income": 2346750.0,
        "Net Income From Continuing And Discontinued Operation": 2327000.0,
        "Total Expenses": 69876000.0,
        "Total Operating Income As Reported": 16734000.0,
        "Diluted Average Shares": 54969000.0,
        "Basic Average Shares": 53145000.0,
        "Diluted EPS": 0.04,
        "Basic EPS": 0.04,
        "Diluted NI Availto Com Stockholders": 2327000.0,
        "Net Income Common Stockholders": 2327000.0,
        "Net Income": 2327000.0,
        "Minority Interests": -5823000.0,
        "Net Income Including Noncontrolling Interests": 8150000.0,
        "Net Income Continuous Operations": 8150000.0,
        "Tax Provision": 7285000.0,
        "Pretax Income": 15435000.0,
        "Other Income Expense": -95000.0,
        "Other Non Operating Income Expenses": -70000.0,
        "Special Income Charges": -57000.0,
        "Write Off": -126000.0,
        "Restructuring And Mergern Acquisition": 57000.0,
        "Gain On Sale Of Security": 32000.0,
        "Net Non Operating Interest Income Expense": -1261000.0,
        "Interest Expense Non Operating": 1801000.0,
        "Interest Income Non Operating": 540000.0,
        "Operating Income": 16791000.0,
        "Operating Expense": 36385000.0,
        "Provision For Doubtful Accounts": -126000.0,
        "Depreciation Amortization Depletion Income Statement": 1731000.0,
        "Depreciation And Amortization In Income Statement": 1731000.0,
        "Amortization": 1731000.0,
        "Amortization Of Intangibles Income Statement": 1731000.0,
        "Research And Development": 1318000.0,
        "Selling General And Administration": 33462000.0,
        "General And Administrative Expense": 33462000.0,
        "Other Gand A": 33462000.0,
        "Salaries And Wages": 70000.0,
        "Gross Profit": 53176000.0,
        "Cost Of Revenue": 33491000.0,
        "Total Revenue": 86667000.0,
        "Operating Revenue": 86667000.0
    },
    "2025-06-30": {
        "Tax Effect Of Unusual Items": -67017.0,
        "Tax Rate For Calcs": 0.089,
        "Normalized EBITDA": 32009000.0,
        "Total Unusual Items": -753000.0,
        "Total Unusual Items Excluding Goodwill": -753000.0,
        "Net Income From Continuing Operation Net Minority Interest": 11255000.0,
        "Reconciled Depreciation": 15896000.0,
        "Reconciled Cost Of Revenue": 23995000.0,
        "EBITDA": 31256000.0,
        "EBIT": 15360000.0,
        "Net Interest Income": -813000.0,
        "Interest Expense": 1927000.0,
        "Interest Income": 1114000.0,
        "Normalized Income": 11940983.0,
        "Net Income From Continuing And Discontinued Operation": 11255000.0,
        "Total Expenses": 76552000.0,
        "Total Operating Income As Reported": 14346000.0,
        "Diluted Average Shares": 55161000.0,
        "Basic Average Shares": 53751000.0,
        "Diluted EPS": 0.2,
        "Basic EPS": 0.21,
        "Diluted NI Availto Com Stockholders": 11255000.0,
        "Net Income Common Stockholders": 11255000.0,
        "Net Income": 11255000.0,
        "Minority Interests": -980000.0,
        "Net Income Including Noncontrolling Interests": 12235000.0,
        "Net Income Continuous Operations": 12235000.0,
        "Tax Provision": 1198000.0,
        "Pretax Income": 13433000.0,
        "Other Income Expense": -886000.0,
        "Other Non Operating Income Expenses": -133000.0,
        "Special Income Charges": -786000.0,
        "Write Off": NaN,
        "Restructuring And Mergern Acquisition": 786000.0,
        "Gain On Sale Of Security": 33000.0,
        "Net Non Operating Interest Income Expense": -813000.0,
        "Interest Expense Non Operating": 1927000.0,
        "Interest Income Non Operating": 1114000.0,
        "Operating Income": 15132000.0,
        "Operating Expense": 38470000.0,
        "Provision For Doubtful Accounts": -183000.0,
        "Depreciation Amortization Depletion Income Statement": 1809000.0,
        "Depreciation And Amortization In Income Statement": 1809000.0,
        "Amortization": 1809000.0,
        "Amortization Of Intangibles Income Statement": 1809000.0,
        "Research And Development": 1542000.0,
        "Selling General And Administration": 35302000.0,
        "General And Administrative Expense": NaN,
        "Other Gand A": NaN,
        "Salaries And Wages": NaN,
        "Gross Profit": 53602000.0,
        "Cost Of Revenue": 38082000.0,
        "Total Revenue": 91684000.0,
        "Operating Revenue": 91684000.0
    },
    "2025-09-30": {
        "Tax Effect Of Unusual Items": 6358.0,
        "Tax Rate For Calcs": 0.187,
        "Normalized EBITDA": 45225000.0,
        "Total Unusual Items": 34000.0,
        "Total Unusual Items Excluding Goodwill": 34000.0,
        "Net Income From Continuing Operation Net Minority Interest": 20657000.0,
        "Reconciled Depreciation": 15606000.0,
        "Reconciled Cost Of Revenue": 25683000.0,
        "EBITDA": 45259000.0,
        "EBIT": 29653000.0,
        "Net Interest Income": -1275000.0,
        "Interest Expense": 1832000.0,
        "Interest Income": 557000.0,
        "Normalized Income": 20629358.0,
        "Net Income From Continuing And Discontinued Operation": 20657000.0,
        "Total Expenses": 77609000.0,
        "Total Operating Income As Reported": 29045000.0,
        "Diluted Average Shares": 55565000.0,
        "Basic Average Shares": 53788000.0,
        "Diluted EPS": 0.37,
        "Basic EPS": 0.38,
        "Diluted NI Availto Com Stockholders": 20657000.0,
        "Net Income Common Stockholders": 20657000.0,
        "Net Income": 20657000.0,
        "Minority Interests": -1959000.0,
        "Net Income Including Noncontrolling Interests": 22616000.0,
        "Net Income Continuous Operations": 22616000.0,
        "Tax Provision": 5205000.0,
        "Pretax Income": 27821000.0,
        "Other Income Expense": 51000.0,
        "Other Non Operating Income Expenses": 17000.0,
        "Special Income Charges": 0.0,
        "Write Off": NaN,
        "Restructuring And Mergern Acquisition": 0.0,
        "Gain On Sale Of Security": 34000.0,
        "Net Non Operating Interest Income Expense": -1275000.0,
        "Interest Expense Non Operating": 1832000.0,
        "Interest Income Non Operating": 557000.0,
        "Operating Income": 29045000.0,
        "Operating Expense": 38226000.0,
        "Provision For Doubtful Accounts": 596000.0,
        "Depreciation Amortization Depletion Income Statement": 1906000.0,
        "Depreciation And Amortization In Income Statement": 1906000.0,
        "Amortization": 1906000.0,
        "Amortization Of Intangibles Income Statement": 1906000.0,
        "Research And Development": 1505000.0,
        "Selling General And Administration": 34219000.0,
        "General And Administrative Expense": 34219000.0,
        "Other Gand A": 34219000.0,
        "Salaries And Wages": NaN,
        "Gross Profit": 67271000.0,
        "Cost Of Revenue": 39383000.0,
        "Total Revenue": 106654000.0,
        "Operating Revenue": 106654000.0
    }
}