{
    "2024-06-30": {
        "Tax Effect Of Unusual Items": 0.0,
        "Tax Rate For Calcs": 0.0,
        "Normalized EBITDA": -1152474.0,
        "Total Unusual Items": NaN,
        "Total Unusual Items Excluding Goodwill": NaN,
        "Net Income From Continuing Operation Net Minority Interest": -1192434.0,
        "Reconciled Depreciation": 39851.0,
        "Reconciled Cost Of Revenue": 513101.0,
        "EBITDA": -1152474.0,
        "EBIT": -1192325.0,
        "Net Interest Income": -109.0,
        "Interest Expense": NaN,
        "Normalized Income": -1192434.0,
        "Net Income From Continuing And Discontinued Operation": -1440197.0,
        "Total Expenses": 1848472.0,
        "Total Operating Income As Reported": -1481584.0,
        "Diluted Average Shares": 78070.0,
        "Basic Average Shares": 78070.0,
        "Diluted EPS": -18.4,
        "Basic EPS": -18.4,
        "Diluted NI Availto Com Stockholders": -1440197.0,
        "Net Income Common Stockholders": -1440197.0,
        "Net Income": -1440197.0,
        "Net Income Including Noncontrolling Interests": -1440197.0,
        "Net Income Discontinuous Operations": -247763.0,
        "Net Income Continuous Operations": -1192434.0,
        "Pretax Income": -1192434.0,
        "Other Income Expense": 289259.0,
        "Other Non Operating Income Expenses": 290925.0,
        "Special Income Charges": NaN,
        "Restructuring And Mergern Acquisition": NaN,
        "Earnings From Equity Interest": -1666.0,
        "Net Non Operating Interest Income Expense": -109.0,
        "Total Other Finance Cost": 109.0,
        "Interest Expense Non Operating": NaN,
        "Operating Income": -1481584.0,
        "Operating Expense": 1335371.0,
        "Other Operating Expenses": 1335371.0,
        "Gross Profit": -146213.0,
        "Cost Of Revenue": 513101.0,
        "Total Revenue": 366888.0,
        "Operating Revenue": 366888.0
    },
    "2024-03-31": {
        "Tax Effect Of Unusual Items": 0.0,
        "Tax Rate For Calcs": 0.0,
        "Normalized EBITDA": -1377702.0,
        "Total Unusual Items": NaN,
        "Total Unusual Items Excluding Goodwill": NaN,
        "Net Income From Continuing Operation Net Minority Interest": -1445245.0,
        "Reconciled Depreciation": 67061.0,
        "Reconciled Cost Of Revenue": 479911.0,
        "EBITDA": -1377702.0,
        "EBIT": -1444763.0,
        "Net Interest Income": -482.0,
        "Interest Expense": 482.0,
        "Normalized Income": -1445245.0,
        "Net Income From Continuing And Discontinued Operation": -1653931.0,
        "Total Expenses": 1746974.0,
        "Total Operating Income As Reported": -1423568.0,
        "Diluted Average Shares": 64772.0,
        "Basic Average Shares": 64772.0,
        "Diluted EPS": -25.6,
        "Basic EPS": -25.6,
        "Diluted NI Availto Com Stockholders": -1653931.0,
        "Net Income Common Stockholders": -1653931.0,
        "Net Income": -1653931.0,
        "Net Income Including Noncontrolling Interests": -1653931.0,
        "Net Income Discontinuous Operations": -208686.0,
        "Net Income Continuous Operations": -1445245.0,
        "Pretax Income": -1445245.0,
        "Other Income Expense": -21195.0,
        "Other Non Operating Income Expenses": -21123.0,
        "Special Income Charges": NaN,
        "Restructuring And Mergern Acquisition": NaN,
        "Earnings From Equity Interest": -72.0,
        "Net Non Operating Interest Income Expense": -482.0,
        "Total Other Finance Cost": 482.0,
        "Interest Expense Non Operating": 482.0,
        "Operating Income": -1423568.0,
        "Operating Expense": 1267063.0,
        "Other Operating Expenses": 1267063.0,
        "Gross Profit": -156505.0,
        "Cost Of Revenue": 479911.0,
        "Total Revenue": 323406.0,
        "Operating Revenue": 323406.0
    },
    "2023-12-31": {
        "Tax Effect Of Unusual Items": NaN,
        "Tax Rate For Calcs": NaN,
        "Normalized EBITDA": NaN,
        "Total Unusual Items": NaN,
        "Total Unusual Items Excluding Goodwill": NaN,
        "Net Income From Continuing Operation Net Minority Interest": NaN,
        "Reconciled Depreciation": NaN,
        "Reconciled Cost Of Revenue": NaN,
        "EBITDA": NaN,
        "EBIT": NaN,
        "Net Interest Income": NaN,
        "Interest Expense": 685.0,
        "Normalized Income": NaN,
        "Net Income From Continuing And Discontinued Operation": NaN,
        "Total Expenses": NaN,
        "Total Operating Income As Reported": NaN,
        "Diluted Average Shares": 1168221.0,
        "Basic Average Shares": 1168221.0,
        "Diluted EPS": -1.84,
        "Basic EPS": -1.84,
        "Diluted NI Availto Com Stockholders": NaN,
        "Net Income Common Stockholders": NaN,
        "Net Income": NaN,
        "Net Income Including Noncontrolling Interests": NaN,
        "Net Income Discontinuous Operations": NaN,
        "Net Income Continuous Operations": NaN,
        "Pretax Income": NaN,
        "Other Income Expense": NaN,
        "Other Non Operating Income Expenses": NaN,
        "Special Income Charges": NaN,
        "Restructuring And Mergern Acquisition": NaN,
        "Earnings From Equity Interest": NaN,
        "Net Non Operating Interest Income Expense": NaN,
        "Total Other Finance Cost": 516.0,
        "Interest Expense Non Operating": 685.0,
        "Operating Income": NaN,
        "Operating Expense": NaN,
        "Other Operating Expenses": NaN,
        "Gross Profit": NaN,
        "Cost Of Revenue": NaN,
        "Total Revenue": NaN,
        "Operating Revenue": NaN
    },
    "2023-09-30": {
        "Tax Effect Of Unusual Items": 0.0,
        "Tax Rate For Calcs": 0.0,
        "Normalized EBITDA": -2668567.0,
        "Net Income From Continuing Operation Net Minority Interest": -2573051.0,
        "Reconciled Depreciation": 39321.0,
        "Reconciled Cost Of Revenue": 938207.0,
        "EBITDA": -2668567.0,
        "EBIT": -2707888.0,
        "Net Interest Income": -351.0,
        "Normalized Income": -2573051.0,
        "Net Income From Continuing And Discontinued Operation": -2573051.0,
        "Total Expenses": 3490598.0,
        "Total Operating Income As Reported": -2707888.0,
        "Diluted Average Shares": NaN,
        "Basic Average Shares": NaN,
        "Diluted EPS": NaN,
        "Basic EPS": NaN,
        "Diluted NI Availto Com Stockholders": -2573051.0,
        "Net Income Common Stockholders": -2573051.0,
        "Net Income": -2573051.0,
        "Net Income Including Noncontrolling Interests": -2573051.0,
        "Net Income Discontinuous Operations": NaN,
        "Net Income Continuous Operations": -2573051.0,
        "Pretax Income": -2573051.0,
        "Other Income Expense": 135188.0,
        "Other Non Operating Income Expenses": 137213.0,
        "Earnings From Equity Interest": -2025.0,
        "Net Non Operating Interest Income Expense": -351.0,
        "Total Other Finance Cost": 351.0,
        "Operating Income": -2707888.0,
        "Operating Expense": 2552391.0,
        "Gross Profit": -155497.0,
        "Cost Of Revenue": 938207.0,
        "Total Revenue": 782710.0,
        "Operating Revenue": 782710.0
    },
    "2023-06-30": {
        "Tax Effect Of Unusual Items": 0.0,
        "Tax Rate For Calcs": 0.0,
        "Normalized EBITDA": -1813362.0,
        "Net Income From Continuing Operation Net Minority Interest": -1886290.0,
        "Reconciled Depreciation": 63358.0,
        "Reconciled Cost Of Revenue": 262474.0,
        "EBITDA": -1813362.0,
        "EBIT": -1876720.0,
        "Net Interest Income": 3298.0,
        "Normalized Income": -1886290.0,
        "Net Income From Continuing And Discontinued Operation": -2025337.0,
        "Total Expenses": 2144743.0,
        "Total Operating Income As Reported": -1876720.0,
        "Diluted Average Shares": 770063.0,
        "Basic Average Shares": 770063.0,
        "Diluted EPS": -2.63,
        "Basic EPS": -2.63,
        "Diluted NI Availto Com Stockholders": -2025337.0,
        "Net Income Common Stockholders": -2025337.0,
        "Net Income": -2025337.0,
        "Net Income Including Noncontrolling Interests": -2025337.0,
        "Net Income Discontinuous Operations": -139047.0,
        "Net Income Continuous Operations": -1886290.0,
        "Pretax Income": -1886290.0,
        "Other Income Expense": -12868.0,
        "Other Non Operating Income Expenses": -11015.0,
        "Earnings From Equity Interest": -1853.0,
        "Net Non Operating Interest Income Expense": 3298.0,
        "Total Other Finance Cost": -3298.0,
        "Operating Income": -1876720.0,
        "Operating Expense": 1882269.0,
        "Gross Profit": 5549.0,
        "Cost Of Revenue": 262474.0,
        "Total Revenue": 268023.0,
        "Operating Revenue": 268023.0
    },
    "2023-03-31": {
        "Tax Effect Of Unusual Items": NaN,
        "Tax Rate For Calcs": NaN,
        "Normalized EBITDA": NaN,
        "Net Income From Continuing Operation Net Minority Interest": NaN,
        "Reconciled Depreciation": NaN,
        "Reconciled Cost Of Revenue": NaN,
        "EBITDA": NaN,
        "EBIT": NaN,
        "Net Interest Income": NaN,
        "Normalized Income": NaN,
        "Net Income From Continuing And Discontinued Operation": NaN,
        "Total Expenses": NaN,
        "Total Operating Income As Reported": NaN,
        "Diluted Average Shares": 702862.0,
        "Basic Average Shares": 702862.0,
        "Diluted EPS": -2.8,
        "Basic EPS": -2.8,
        "Diluted NI Availto Com Stockholders": NaN,
        "Net Income Common Stockholders": NaN,
        "Net Income": NaN,
        "Net Income Including Noncontrolling Interests": NaN,
        "Net Income Discontinuous Operations": NaN,
        "Net Income Continuous Operations": NaN,
        "Pretax Income": NaN,
        "Other Income Expense": NaN,
        "Other Non Operating Income Expenses": NaN,
        "Earnings From Equity Interest": NaN,
        "Net Non Operating Interest Income Expense": NaN,
        "Total Other Finance Cost": NaN,
        "Operating Income": NaN,
        "Operating Expense": NaN,
        "Gross Profit": NaN,
        "Cost Of Revenue": NaN,
        "Total Revenue": NaN,
        "Operating Revenue": NaN
    },
    "2024-09-30": {
        "Tax Effect Of Unusual Items": 0.0,
        "Tax Rate For Calcs": 0.0,
        "Normalized EBITDA": -4415432.0,
        "Total Unusual Items": NaN,
        "Total Unusual Items Excluding Goodwill": NaN,
        "Net Income From Continuing Operation Net Minority Interest": -7097579.0,
        "Reconciled Depreciation": 48441.0,
        "Reconciled Cost Of Revenue": 77982.0,
        "EBITDA": -4415432.0,
        "EBIT": -4463873.0,
        "Net Interest Income": -6305.0,
        "Interest Expense": NaN,
        "Normalized Income": -7097579.0,
        "Net Income From Continuing And Discontinued Operation": -3312649.0,
        "Total Expenses": 4752209.0,
        "Total Operating Income As Reported": -5483345.0,
        "Diluted Average Shares": NaN,
        "Basic Average Shares": NaN,
        "Diluted EPS": NaN,
        "Basic EPS": NaN,
        "Diluted NI Availto Com Stockholders": -3312649.0,
        "Net Income Common Stockholders": -3312649.0,
        "Net Income": -3312649.0,
        "Net Income Including Noncontrolling Interests": -3312649.0,
        "Net Income Discontinuous Operations": 3784930.0,
        "Net Income Continuous Operations": -7097579.0,
        "Pretax Income": -7097579.0,
        "Other Income Expense": -2627401.0,
        "Other Non Operating Income Expenses": -519550.0,
        "Special Income Charges": NaN,
        "Restructuring And Mergern Acquisition": NaN,
        "Earnings From Equity Interest": -1088380.0,
        "Net Non Operating Interest Income Expense": -6305.0,
        "Total Other Finance Cost": 6305.0,
        "Interest Expense Non Operating": NaN,
        "Operating Income": -4463873.0,
        "Operating Expense": 4674227.0,
        "Other Operating Expenses": 1232445.0,
        "Gross Profit": 210354.0,
        "Cost Of Revenue": 77982.0,
        "Total Revenue": 288336.0,
        "Operating Revenue": 288336.0
    },
    "2024-12-31": {
        "Tax Effect Of Unusual Items": 0.0,
        "Tax Rate For Calcs": 0.0,
        "Normalized EBITDA": -1528478.0,
        "Total Unusual Items": NaN,
        "Total Unusual Items Excluding Goodwill": NaN,
        "Net Income From Continuing Operation Net Minority Interest": -1536249.0,
        "Reconciled Depreciation": 7771.0,
        "Reconciled Cost Of Revenue": 7374.0,
        "EBITDA": -1528478.0,
        "EBIT": -1536249.0,
        "Net Interest Income": 0.0,
        "Interest Expense": 0.0,
        "Normalized Income": -1536249.0,
        "Net Income From Continuing And Discontinued Operation": -1536249.0,
        "Total Expenses": 1525132.0,
        "Total Operating Income As Reported": -1502279.0,
        "Diluted Average Shares": 449133.0,
        "Basic Average Shares": 449133.0,
        "Diluted EPS": -3.4,
        "Basic EPS": -3.4,
        "Diluted NI Availto Com Stockholders": -1536249.0,
        "Net Income Common Stockholders": -1536249.0,
        "Net Income": -1536249.0,
        "Net Income Including Noncontrolling Interests": -1536249.0,
        "Net Income Discontinuous Operations": 0.0,
        "Net Income Continuous Operations": -1536249.0,
        "Pretax Income": -1536249.0,
        "Other Income Expense": -33970.0,
        "Other Non Operating Income Expenses": -33970.0,
        "Special Income Charges": NaN,
        "Restructuring And Mergern Acquisition": NaN,
        "Earnings From Equity Interest": 0.0,
        "Net Non Operating Interest Income Expense": 0.0,
        "Total Other Finance Cost": NaN,
        "Interest Expense Non Operating": 0.0,
        "Operating Income": -1502279.0,
        "Operating Expense": 1517758.0,
        "Other Operating Expenses": 1517758.0,
        "Gross Profit": 15479.0,
        "Cost Of Revenue": 7374.0,
        "Total Revenue": 22853.0,
        "Operating Revenue": 22853.0
    },
    "2025-03-31": {
        "Tax Effect Of Unusual Items": 0.0,
        "Tax Rate For Calcs": 0.0,
        "Normalized EBITDA": -357719.0,
        "Total Unusual Items": -20164.0,
        "Total Unusual Items Excluding Goodwill": -20164.0,
        "Net Income From Continuing Operation Net Minority Interest": -385556.0,
        "Reconciled Depreciation": 7673.0,
        "Reconciled Cost Of Revenue": 0.0,
        "EBITDA": -377883.0,
        "EBIT": -385556.0,
        "Net Interest Income": 0.0,
        "Interest Expense": 0.0,
        "Normalized Income": -365392.0,
        "Net Income From Continuing And Discontinued Operation": -385556.0,
        "Total Expenses": 752677.0,
        "Total Operating Income As Reported": -752677.0,
        "Diluted Average Shares": 677517.0,
        "Basic Average Shares": 677517.0,
        "Diluted EPS": -0.6,
        "Basic EPS": -0.6,
        "Diluted NI Availto Com Stockholders": -385556.0,
        "Net Income Common Stockholders": -385556.0,
        "Net Income": -385556.0,
        "Net Income Including Noncontrolling Interests": -385556.0,
        "Net Income Discontinuous Operations": 0.0,
        "Net Income Continuous Operations": -385556.0,
        "Pretax Income": -385556.0,
        "Other Income Expense": 367121.0,
        "Other Non Operating Income Expenses": 387285.0,
        "Special Income Charges": -20164.0,
        "Restructuring And Mergern Acquisition": 20164.0,
        "Earnings From Equity Interest": 0.0,
        "Net Non Operating Interest Income Expense": 0.0,
        "Total Other Finance Cost": NaN,
        "Interest Expense Non Operating": 0.0,
        "Operating Income": -752677.0,
        "Operating Expense": 752677.0,
        "Other Operating Expenses": 752677.0,
        "Gross Profit": 0.0,
        "Cost Of Revenue": 0.0,
        "Total Revenue": 0.0,
        "Operating Revenue": 0.0
    },
    "2025-06-30": {
        "Tax Effect Of Unusual Items": NaN,
        "Tax Rate For Calcs": NaN,
        "Normalized EBITDA": NaN,
        "Total Unusual Items": NaN,
        "Total Unusual Items Excluding Goodwill": NaN,
        "Net Income From Continuing Operation Net Minority Interest": NaN,
        "Reconciled Depreciation": NaN,
        "Reconciled Cost Of Revenue": NaN,
        "EBITDA": NaN,
        "EBIT": NaN,
        "Net Interest Income": NaN,
        "Interest Expense": NaN,
        "Normalized Income": NaN,
        "Net Income From Continuing And Discontinued Operation": NaN,
        "Total Expenses": NaN,
        "Total Operating Income As Reported": NaN,
        "Diluted Average Shares": 1609761.0,
        "Basic Average Shares": 1609761.0,
        "Diluted EPS": -0.6,
        "Basic EPS": -0.6,
        "Diluted NI Availto Com Stockholders": NaN,
        "Net Income Common Stockholders": NaN,
        "Net Income": NaN,
        "Net Income Including Noncontrolling Interests": NaN,
        "Net Income Discontinuous Operations": NaN,
        "Net Income Continuous Operations": NaN,
        "Pretax Income": NaN,
        "Other Income Expense": NaN,
        "Other Non Operating Income Expenses": NaN,
        "Special Income Charges": NaN,
        "Restructuring And Mergern Acquisition": NaN,
        "Earnings From Equity Interest": NaN,
        "Net Non Operating Interest Income Expense": NaN,
        "Total Other Finance Cost": NaN,
        "Interest Expense Non Operating": NaN,
        "Operating Income": NaN,
        "Operating Expense": NaN,
        "Other Operating Expenses": NaN,
        "Gross Profit": NaN,
        "Cost Of Revenue": NaN,
        "Total Revenue": NaN,
        "Operating Revenue": NaN
    }
}