{
    "2023-06-30": {
        "Tax Effect Of Unusual Items": 0.0,
        "Tax Rate For Calcs": 0.21,
        "Normalized EBITDA": 1453000.0,
        "Total Unusual Items": NaN,
        "Total Unusual Items Excluding Goodwill": NaN,
        "Net Income From Continuing Operation Net Minority Interest": -4248000.0,
        "Reconciled Depreciation": 427000.0,
        "Reconciled Cost Of Revenue": 909000.0,
        "EBITDA": 1453000.0,
        "EBIT": 1026000.0,
        "Net Interest Income": 826000.0,
        "Interest Expense": 4397000.0,
        "Interest Income": 5223000.0,
        "Normalized Income": -4248000.0,
        "Net Income From Continuing And Discontinued Operation": -4248000.0,
        "Total Expenses": 87342000.0,
        "Total Operating Income As Reported": -4189000.0,
        "Diluted Average Shares": 263446000.0,
        "Basic Average Shares": 263446000.0,
        "Diluted EPS": -0.02,
        "Basic EPS": -0.02,
        "Diluted NI Availto Com Stockholders": -4248000.0,
        "Net Income Common Stockholders": -4248000.0,
        "Net Income": -4248000.0,
        "Net Income Including Noncontrolling Interests": -4248000.0,
        "Net Income Continuous Operations": -4248000.0,
        "Tax Provision": 877000.0,
        "Pretax Income": -3371000.0,
        "Other Income Expense": -8000.0,
        "Other Non Operating Income Expenses": -8000.0,
        "Gain On Sale Of Security": NaN,
        "Net Non Operating Interest Income Expense": 826000.0,
        "Interest Expense Non Operating": 4397000.0,
        "Interest Income Non Operating": 5223000.0,
        "Operating Income": -4189000.0,
        "Operating Expense": 86433000.0,
        "Research And Development": 50077000.0,
        "Selling General And Administration": 36356000.0,
        "General And Administrative Expense": 36356000.0,
        "Other Gand A": 36356000.0,
        "Gross Profit": 82244000.0,
        "Cost Of Revenue": 909000.0,
        "Total Revenue": 83153000.0,
        "Operating Revenue": 83153000.0
    },
    "2023-03-31": {
        "Tax Effect Of Unusual Items": 0.0,
        "Tax Rate For Calcs": 0.0,
        "Normalized EBITDA": -41882000.0,
        "Total Unusual Items": 2169000.0,
        "Total Unusual Items Excluding Goodwill": 2169000.0,
        "Net Income From Continuing Operation Net Minority Interest": -41014000.0,
        "Reconciled Depreciation": 448000.0,
        "Reconciled Cost Of Revenue": 626000.0,
        "EBITDA": -39713000.0,
        "EBIT": -40161000.0,
        "Net Interest Income": -853000.0,
        "Interest Expense": 853000.0,
        "Interest Income": NaN,
        "Normalized Income": -43183000.0,
        "Net Income From Continuing And Discontinued Operation": -41014000.0,
        "Total Expenses": 92262000.0,
        "Total Operating Income As Reported": -42393000.0,
        "Diluted Average Shares": 258848000.0,
        "Basic Average Shares": 258848000.0,
        "Diluted EPS": -0.16,
        "Basic EPS": -0.16,
        "Diluted NI Availto Com Stockholders": -41014000.0,
        "Net Income Common Stockholders": -41014000.0,
        "Net Income": -41014000.0,
        "Net Income Including Noncontrolling Interests": -41014000.0,
        "Net Income Continuous Operations": -41014000.0,
        "Tax Provision": NaN,
        "Pretax Income": -41014000.0,
        "Other Income Expense": 2232000.0,
        "Other Non Operating Income Expenses": 63000.0,
        "Gain On Sale Of Security": 2169000.0,
        "Net Non Operating Interest Income Expense": -853000.0,
        "Interest Expense Non Operating": 853000.0,
        "Interest Income Non Operating": NaN,
        "Operating Income": -42393000.0,
        "Operating Expense": 91636000.0,
        "Research And Development": 51620000.0,
        "Selling General And Administration": 40016000.0,
        "General And Administrative Expense": NaN,
        "Other Gand A": NaN,
        "Gross Profit": 49243000.0,
        "Cost Of Revenue": 626000.0,
        "Total Revenue": 49869000.0,
        "Operating Revenue": 49869000.0
    },
    "2022-12-31": {
        "Tax Effect Of Unusual Items": 0.0,
        "Tax Rate For Calcs": 0.0,
        "Normalized EBITDA": -58549000.0,
        "Total Unusual Items": 2158000.0,
        "Total Unusual Items Excluding Goodwill": 2158000.0,
        "Net Income From Continuing Operation Net Minority Interest": -59008000.0,
        "Reconciled Depreciation": 428000.0,
        "Reconciled Cost Of Revenue": NaN,
        "EBITDA": -56391000.0,
        "EBIT": -56819000.0,
        "Net Interest Income": -971000.0,
        "Interest Expense": 971000.0,
        "Interest Income": NaN,
        "Normalized Income": -61166000.0,
        "Net Income From Continuing And Discontinued Operation": -59008000.0,
        "Total Expenses": 100726000.0,
        "Total Operating Income As Reported": -59559000.0,
        "Diluted Average Shares": 254405000.0,
        "Basic Average Shares": 254405000.0,
        "Diluted EPS": -0.23,
        "Basic EPS": -0.23,
        "Diluted NI Availto Com Stockholders": -59008000.0,
        "Net Income Common Stockholders": -59008000.0,
        "Net Income": -59008000.0,
        "Net Income Including Noncontrolling Interests": -59008000.0,
        "Net Income Continuous Operations": -59008000.0,
        "Tax Provision": NaN,
        "Pretax Income": -57790000.0,
        "Other Income Expense": 2740000.0,
        "Other Non Operating Income Expenses": 582000.0,
        "Gain On Sale Of Security": 2158000.0,
        "Net Non Operating Interest Income Expense": -971000.0,
        "Interest Expense Non Operating": 971000.0,
        "Interest Income Non Operating": NaN,
        "Operating Income": -59559000.0,
        "Operating Expense": 100550000.0,
        "Research And Development": 58485000.0,
        "Selling General And Administration": 42065000.0,
        "General And Administrative Expense": NaN,
        "Other Gand A": NaN,
        "Gross Profit": NaN,
        "Cost Of Revenue": NaN,
        "Total Revenue": 41167000.0,
        "Operating Revenue": 41167000.0
    },
    "2022-09-30": {
        "Tax Effect Of Unusual Items": 0.0,
        "Tax Rate For Calcs": 0.0,
        "Normalized EBITDA": -78003000.0,
        "Total Unusual Items": 1539000.0,
        "Total Unusual Items Excluding Goodwill": 1539000.0,
        "Net Income From Continuing Operation Net Minority Interest": -77755000.0,
        "Reconciled Depreciation": 424000.0,
        "Reconciled Cost Of Revenue": NaN,
        "EBITDA": -76464000.0,
        "EBIT": -76888000.0,
        "Net Interest Income": -867000.0,
        "Interest Expense": 867000.0,
        "Interest Income": NaN,
        "Normalized Income": -79294000.0,
        "Net Income From Continuing And Discontinued Operation": -77755000.0,
        "Total Expenses": 92804000.0,
        "Total Operating Income As Reported": -77429000.0,
        "Diluted Average Shares": 253511000.0,
        "Basic Average Shares": 253511000.0,
        "Diluted EPS": -0.31,
        "Basic EPS": -0.31,
        "Diluted NI Availto Com Stockholders": -77755000.0,
        "Net Income Common Stockholders": -77755000.0,
        "Net Income": -77755000.0,
        "Net Income Including Noncontrolling Interests": -77755000.0,
        "Net Income Continuous Operations": -77755000.0,
        "Tax Provision": NaN,
        "Pretax Income": -77755000.0,
        "Other Income Expense": 541000.0,
        "Other Non Operating Income Expenses": -998000.0,
        "Gain On Sale Of Security": 1539000.0,
        "Net Non Operating Interest Income Expense": -867000.0,
        "Interest Expense Non Operating": 867000.0,
        "Interest Income Non Operating": NaN,
        "Operating Income": -77429000.0,
        "Operating Expense": 92804000.0,
        "Research And Development": 59181000.0,
        "Selling General And Administration": 33623000.0,
        "General And Administrative Expense": NaN,
        "Other Gand A": NaN,
        "Gross Profit": NaN,
        "Cost Of Revenue": NaN,
        "Total Revenue": 15375000.0,
        "Operating Revenue": 15375000.0
    },
    "2022-06-30": {
        "Tax Effect Of Unusual Items": 0.0,
        "Tax Rate For Calcs": 0.0,
        "Normalized EBITDA": -60943000.0,
        "Total Unusual Items": 590000.0,
        "Total Unusual Items Excluding Goodwill": 590000.0,
        "Net Income From Continuing Operation Net Minority Interest": -62021000.0,
        "Reconciled Depreciation": 458000.0,
        "Reconciled Cost Of Revenue": NaN,
        "EBITDA": -60943000.0,
        "EBIT": -60943000.0,
        "Net Interest Income": -1078000.0,
        "Interest Expense": 1078000.0,
        "Interest Income": NaN,
        "Normalized Income": -62021000.0,
        "Net Income From Continuing And Discontinued Operation": -62021000.0,
        "Total Expenses": 75215000.0,
        "Total Operating Income As Reported": -61053000.0,
        "Diluted Average Shares": 253336000.0,
        "Basic Average Shares": 253336000.0,
        "Diluted EPS": -0.24,
        "Basic EPS": -0.24,
        "Diluted NI Availto Com Stockholders": -62021000.0,
        "Net Income Common Stockholders": -62021000.0,
        "Net Income": -62021000.0,
        "Net Income Including Noncontrolling Interests": -62021000.0,
        "Net Income Continuous Operations": -62021000.0,
        "Tax Provision": NaN,
        "Pretax Income": -62021000.0,
        "Other Income Expense": 110000.0,
        "Other Non Operating Income Expenses": 110000.0,
        "Gain On Sale Of Security": 590000.0,
        "Net Non Operating Interest Income Expense": -1078000.0,
        "Interest Expense Non Operating": 1078000.0,
        "Interest Income Non Operating": NaN,
        "Operating Income": -61053000.0,
        "Operating Expense": 75215000.0,
        "Research And Development": 51422000.0,
        "Selling General And Administration": 23793000.0,
        "General And Administrative Expense": 23793000.0,
        "Other Gand A": 23793000.0,
        "Gross Profit": NaN,
        "Cost Of Revenue": NaN,
        "Total Revenue": 14162000.0,
        "Operating Revenue": 14162000.0
    },
    "2022-03-31": {
        "Diluted EPS": -0.1,
        "Total Revenue": 38,
        "Gross Profit": 38,
        "Operating Income": -23,
        "EBIT": -22,
        "Net Income": -24
    },
    "2021-12-31": {
        "Diluted EPS": -0.18,
        "Total Revenue": 28,
        "Gross Profit": 28,
        "Operating Income": -35,
        "EBIT": -34,
        "Net Income": -37
    },
    "2021-09-30": {
        "Diluted EPS": -0.18,
        "Total Revenue": 9,
        "Gross Profit": 9,
        "Operating Income": -34,
        "EBIT": -34,
        "Net Income": -37
    },
    "2021-06-30": {
        "Diluted EPS": -0.15,
        "Total Revenue": 17,
        "Gross Profit": 17,
        "Operating Income": -27,
        "EBIT": -27,
        "Net Income": -31
    },
    "2021-03-31": {
        "Diluted EPS": -0.17,
        "Total Revenue": 16,
        "Gross Profit": 16,
        "Operating Income": -29,
        "EBIT": -28,
        "Net Income": -34
    },
    "2020-12-31": {
        "Diluted EPS": 0.19,
        "Total Revenue": 86,
        "Gross Profit": 86,
        "Operating Income": 37,
        "EBIT": 37,
        "Net Income": 31
    },
    "2020-09-30": {
        "Diluted EPS": -0.13,
        "Total Revenue": 18,
        "Gross Profit": 18,
        "Operating Income": -17,
        "EBIT": -16,
        "Net Income": -22
    },
    "2020-06-30": {
        "Diluted EPS": -0.14,
        "Total Revenue": 15,
        "Gross Profit": 15,
        "Operating Income": -18,
        "EBIT": -18,
        "Net Income": -24
    },
    "2020-03-31": {
        "Diluted EPS": -0.17,
        "Total Revenue": 13,
        "Gross Profit": 13,
        "Operating Income": -24,
        "EBIT": -23,
        "Net Income": -29
    },
    "2019-12-31": {
        "Diluted EPS": 0.04,
        "Total Revenue": 45,
        "Gross Profit": 45,
        "Operating Income": 8,
        "EBIT": 9,
        "Net Income": 5
    },
    "2019-09-30": {
        "Diluted EPS": -0.15,
        "Total Revenue": 13,
        "Gross Profit": 13,
        "Operating Income": -18,
        "EBIT": -17,
        "Net Income": -22
    },
    "2019-06-30": {
        "Diluted EPS": -0.29,
        "Total Revenue": 16,
        "Gross Profit": 16,
        "Operating Income": -41,
        "EBIT": -40,
        "Net Income": -43
    },
    "2019-03-31": {
        "Diluted EPS": -0.3,
        "Total Revenue": 9,
        "Gross Profit": 9,
        "Operating Income": -42,
        "EBIT": -40,
        "Net Income": -44
    },
    "2018-12-31": {
        "Diluted EPS": -0.28,
        "Total Revenue": 13,
        "Gross Profit": 13,
        "Operating Income": -40,
        "EBIT": -39,
        "Net Income": -42
    },
    "2018-09-30": {
        "Diluted EPS": -0.32,
        "Total Revenue": 11,
        "Gross Profit": 11,
        "Operating Income": -46,
        "EBIT": -44,
        "Net Income": -47
    },
    "2018-06-30": {
        "Diluted EPS": -0.31,
        "Total Revenue": 9,
        "Gross Profit": 9,
        "Operating Income": -39,
        "EBIT": -36,
        "Net Income": -42
    },
    "2018-03-31": {
        "Diluted EPS": -0.3,
        "Total Revenue": 20,
        "Gross Profit": 20,
        "Operating Income": -37,
        "EBIT": -34,
        "Net Income": -39
    },
    "2017-12-31": {
        "Diluted EPS": -0.07,
        "Total Revenue": 39,
        "Gross Profit": 39,
        "Operating Income": -10,
        "EBIT": -8,
        "Net Income": -13
    },
    "2017-09-30": {
        "Diluted EPS": -0.61,
        "Total Revenue": 8,
        "Gross Profit": 8,
        "Operating Income": -31,
        "EBIT": -30,
        "Net Income": -57
    },
    "2017-06-30": {
        "Diluted EPS": -0.1,
        "Total Revenue": 39,
        "Gross Profit": 39,
        "Operating Income": -5,
        "EBIT": -4,
        "Net Income": -9
    },
    "2017-03-31": {
        "Diluted EPS": -0.2,
        "Total Revenue": 28,
        "Gross Profit": 28,
        "Operating Income": -13,
        "EBIT": -11,
        "Net Income": -17
    },
    "2016-12-31": {
        "Diluted EPS": 0.0,
        "Total Revenue": NaN,
        "Gross Profit": NaN,
        "Operating Income": NaN,
        "EBIT": NaN,
        "Net Income": NaN
    },
    "2016-09-30": {
        "Diluted EPS": -0.51,
        "Total Revenue": 8,
        "Gross Profit": 8,
        "Operating Income": -39,
        "EBIT": -37,
        "Net Income": -45
    },
    "2016-06-30": {
        "Diluted EPS": -0.53,
        "Total Revenue": 7,
        "Gross Profit": 7,
        "Operating Income": -41,
        "EBIT": -22,
        "Net Income": -46
    },
    "2016-03-31": {
        "Diluted EPS": -0.37,
        "Total Revenue": 20,
        "Gross Profit": 20,
        "Operating Income": -28,
        "EBIT": -26,
        "Net Income": -32
    },
    "2015-12-31": {
        "Diluted EPS": -0.38,
        "Total Revenue": 18,
        "Gross Profit": 18,
        "Operating Income": 18,
        "EBIT": 19,
        "Net Income": -33
    },
    "2015-09-30": {
        "Diluted EPS": -0.39,
        "Total Revenue": 15,
        "Gross Profit": 15,
        "Operating Income": -29,
        "EBIT": -29,
        "Net Income": -34
    },
    "2015-06-30": {
        "Diluted EPS": 0.0,
        "Total Revenue": NaN,
        "Gross Profit": NaN,
        "Operating Income": NaN,
        "EBIT": NaN,
        "Net Income": NaN
    },
    "2015-03-31": {
        "Diluted EPS": -0.25,
        "Total Revenue": 11,
        "Gross Profit": 11,
        "Operating Income": -21,
        "EBIT": -17,
        "Net Income": -22
    },
    "2014-12-31": {
        "Diluted EPS": 0.16,
        "Total Revenue": 48,
        "Gross Profit": 48,
        "Operating Income": 48,
        "EBIT": 50,
        "Net Income": 14
    },
    "2014-09-30": {
        "Diluted EPS": -0.26,
        "Total Revenue": 13,
        "Gross Profit": 13,
        "Operating Income": -22,
        "EBIT": -22,
        "Net Income": -22
    },
    "2014-06-30": {
        "Diluted EPS": 0.0,
        "Total Revenue": NaN,
        "Gross Profit": NaN,
        "Operating Income": NaN,
        "EBIT": NaN,
        "Net Income": NaN
    },
    "2014-03-31": {
        "Diluted EPS": -0.44,
        "Total Revenue": 7,
        "Gross Profit": 7,
        "Operating Income": -37,
        "EBIT": -34,
        "Net Income": -37
    },
    "2013-12-31": {
        "Diluted EPS": 0.04,
        "Total Revenue": 30,
        "Gross Profit": 30,
        "Operating Income": 30,
        "EBIT": 31,
        "Net Income": 4
    },
    "2013-09-30": {
        "Diluted EPS": -0.13,
        "Total Revenue": 17,
        "Gross Profit": 17,
        "Operating Income": -11,
        "EBIT": -11,
        "Net Income": -11
    },
    "2013-06-30": {
        "Diluted EPS": 0.0,
        "Total Revenue": NaN,
        "Gross Profit": NaN,
        "Operating Income": NaN,
        "EBIT": NaN,
        "Net Income": NaN
    },
    "2013-03-31": {
        "Diluted EPS": -0.02,
        "Total Revenue": 25,
        "Gross Profit": 25,
        "Operating Income": -1,
        "EBIT": 2,
        "Net Income": -1
    },
    "2012-12-31": {
        "Diluted EPS": -0.29,
        "Total Revenue": 3,
        "Gross Profit": 3,
        "Operating Income": 3,
        "EBIT": 4,
        "Net Income": -24
    },
    "2012-09-30": {
        "Diluted EPS": -0.3,
        "Total Revenue": 4,
        "Gross Profit": 4,
        "Operating Income": -25,
        "EBIT": -25,
        "Net Income": -25
    },
    "2012-06-30": {
        "Diluted EPS": 0.0,
        "Total Revenue": NaN,
        "Gross Profit": NaN,
        "Operating Income": NaN,
        "EBIT": NaN,
        "Net Income": NaN
    },
    "2012-03-31": {
        "Diluted EPS": -0.24,
        "Total Revenue": 3,
        "Gross Profit": 3,
        "Operating Income": -19,
        "EBIT": -16,
        "Net Income": -19
    },
    "2011-12-31": {
        "Diluted EPS": -0.17,
        "Total Revenue": 8,
        "Gross Profit": 8,
        "Operating Income": 8,
        "EBIT": 9,
        "Net Income": -13
    },
    "2011-09-30": {
        "Diluted EPS": -0.26,
        "Total Revenue": 3,
        "Gross Profit": 3,
        "Operating Income": -19,
        "EBIT": -19,
        "Net Income": -19
    },
    "2011-06-30": {
        "Diluted EPS": 0.0,
        "Total Revenue": NaN,
        "Gross Profit": NaN,
        "Operating Income": NaN,
        "EBIT": NaN,
        "Net Income": NaN
    },
    "2011-03-31": {
        "Diluted EPS": -0.22,
        "Total Revenue": 5,
        "Gross Profit": 5,
        "Operating Income": -15,
        "EBIT": -12,
        "Net Income": -15
    },
    "2010-12-31": {
        "Diluted EPS": -0.21,
        "Total Revenue": 4,
        "Gross Profit": 4,
        "Operating Income": 4,
        "EBIT": 5,
        "Net Income": -14
    },
    "2010-09-30": {
        "Diluted EPS": -0.19,
        "Total Revenue": 3,
        "Gross Profit": 3,
        "Operating Income": -13,
        "EBIT": -13,
        "Net Income": -13
    },
    "2010-06-30": {
        "Diluted EPS": 0.0,
        "Total Revenue": NaN,
        "Gross Profit": NaN,
        "Operating Income": NaN,
        "EBIT": NaN,
        "Net Income": NaN
    },
    "2010-03-31": {
        "Diluted EPS": -0.21,
        "Total Revenue": 3,
        "Gross Profit": 3,
        "Operating Income": -12,
        "EBIT": -9,
        "Net Income": -12
    },
    "2009-12-31": {
        "Diluted EPS": -0.23,
        "Total Revenue": 3,
        "Gross Profit": 3,
        "Operating Income": 3,
        "EBIT": 4,
        "Net Income": -13
    },
    "2009-09-30": {
        "Diluted EPS": -0.22,
        "Total Revenue": 3,
        "Gross Profit": 3,
        "Operating Income": -13,
        "EBIT": -13,
        "Net Income": -12
    },
    "2009-06-30": {
        "Diluted EPS": 0.0,
        "Total Revenue": NaN,
        "Gross Profit": NaN,
        "Operating Income": NaN,
        "EBIT": NaN,
        "Net Income": NaN
    },
    "2009-03-31": {
        "Diluted EPS": -0.09,
        "Total Revenue": 8,
        "Gross Profit": 8,
        "Operating Income": -5,
        "EBIT": -1,
        "Net Income": -5
    },
    "2023-09-30": {
        "Tax Effect Of Unusual Items": 0.0,
        "Tax Rate For Calcs": 0.21,
        "Normalized EBITDA": 33598000.0,
        "Total Unusual Items": NaN,
        "Total Unusual Items Excluding Goodwill": NaN,
        "Net Income From Continuing Operation Net Minority Interest": 30748000.0,
        "Reconciled Depreciation": 423000.0,
        "Reconciled Cost Of Revenue": 2155000.0,
        "EBITDA": 33598000.0,
        "EBIT": 33175000.0,
        "Net Interest Income": 3790000.0,
        "Interest Expense": 3593000.0,
        "Interest Income": 7383000.0,
        "Normalized Income": 30748000.0,
        "Net Income From Continuing And Discontinued Operation": 30748000.0,
        "Total Expenses": 87469000.0,
        "Total Operating Income As Reported": 25956000.0,
        "Diluted Average Shares": 287590000.0,
        "Basic Average Shares": 273341000.0,
        "Diluted EPS": 0.1,
        "Basic EPS": 0.1,
        "Diluted NI Availto Com Stockholders": 30748000.0,
        "Net Income Common Stockholders": 30748000.0,
        "Net Income": 30748000.0,
        "Net Income Including Noncontrolling Interests": 30748000.0,
        "Net Income Continuous Operations": 30748000.0,
        "Tax Provision": -1166000.0,
        "Pretax Income": 29582000.0,
        "Other Income Expense": -164000.0,
        "Other Non Operating Income Expenses": -164000.0,
        "Gain On Sale Of Security": NaN,
        "Net Non Operating Interest Income Expense": 3790000.0,
        "Interest Expense Non Operating": 3593000.0,
        "Interest Income Non Operating": 7383000.0,
        "Operating Income": 25956000.0,
        "Operating Expense": 85314000.0,
        "Research And Development": 47570000.0,
        "Selling General And Administration": 37744000.0,
        "General And Administrative Expense": NaN,
        "Other Gand A": NaN,
        "Gross Profit": 111270000.0,
        "Cost Of Revenue": 2155000.0,
        "Total Revenue": 113425000.0,
        "Operating Revenue": 113425000.0
    }
}