{
    "2022-06-30": {
        "Tax Effect Of Unusual Items": 0.0,
        "Tax Rate For Calcs": 0.4,
        "Normalized EBITDA": 1276800000.0,
        "Net Income From Continuing Operation Net Minority Interest": 1320600000.0,
        "Reconciled Cost Of Revenue": 5109800000.0,
        "EBITDA": 1276800000.0,
        "EBIT": 1276800000.0,
        "Normalized Income": 1320600000.0,
        "Net Income From Continuing And Discontinued Operation": 1320600000.0,
        "Total Expenses": 5594900000.0,
        "Total Operating Income As Reported": 1276800000.0,
        "Diluted Average Shares": 36601050.0,
        "Basic Average Shares": 36362000.0,
        "Diluted EPS": 36.0,
        "Basic EPS": 36.4,
        "Diluted NI Availto Com Stockholders": 1320600000.0,
        "Net Income Common Stockholders": 1320600000.0,
        "Net Income": 1320600000.0,
        "Net Income Including Noncontrolling Interests": 1320600000.0,
        "Net Income Continuous Operations": 1320600000.0,
        "Pretax Income": 1320600000.0,
        "Operating Income": 1276800000.0,
        "Operating Expense": 485100000.0,
        "Other Operating Expenses": 485100000.0,
        "Gross Profit": 1741900000.0,
        "Cost Of Revenue": 5109800000.0,
        "Total Revenue": 6851700000.0,
        "Operating Revenue": 6851700000.0
    },
    "2023-03-31": {
        "Diluted EPS": 0.18,
        "Total Revenue": 152,
        "Gross Profit": 19,
        "Operating Income": 6,
        "EBIT": 46,
        "Net Income": 7
    },
    "2022-12-31": {
        "Diluted EPS": -0.01,
        "Total Revenue": 119,
        "Gross Profit": 14,
        "Operating Income": 4,
        "EBIT": 41,
        "Net Income": 1
    },
    "2022-09-30": {
        "Diluted EPS": 0.61,
        "Total Revenue": 173,
        "Gross Profit": 27,
        "Operating Income": 13,
        "EBIT": 50,
        "Net Income": 22
    },
    "2022-03-31": {
        "Diluted EPS": 1.19,
        "Total Revenue": 240,
        "Gross Profit": 60,
        "Operating Income": 44,
        "EBIT": 86,
        "Net Income": 44
    },
    "2021-12-31": {
        "Diluted EPS": 1.23,
        "Total Revenue": 251,
        "Gross Profit": 65,
        "Operating Income": 49,
        "EBIT": 91,
        "Net Income": 48
    },
    "2021-09-30": {
        "Diluted EPS": 1.37,
        "Total Revenue": 257,
        "Gross Profit": 70,
        "Operating Income": 55,
        "EBIT": 98,
        "Net Income": 50
    },
    "2021-06-30": {
        "Diluted EPS": 1.26,
        "Total Revenue": 250,
        "Gross Profit": 70,
        "Operating Income": 55,
        "EBIT": 97,
        "Net Income": 46
    },
    "2021-03-31": {
        "Diluted EPS": 0.93,
        "Total Revenue": 230,
        "Gross Profit": 56,
        "Operating Income": 41,
        "EBIT": 81,
        "Net Income": 34
    },
    "2020-12-31": {
        "Diluted EPS": 0.75,
        "Total Revenue": 251,
        "Gross Profit": 61,
        "Operating Income": 45,
        "EBIT": 83,
        "Net Income": 28
    },
    "2020-09-30": {
        "Diluted EPS": 0.41,
        "Total Revenue": 202,
        "Gross Profit": 39,
        "Operating Income": 26,
        "EBIT": 68,
        "Net Income": 15
    },
    "2020-06-30": {
        "Diluted EPS": 0.5,
        "Total Revenue": 182,
        "Gross Profit": 38,
        "Operating Income": 26,
        "EBIT": 26,
        "Net Income": 18
    },
    "2020-03-31": {
        "Diluted EPS": 0.64,
        "Total Revenue": 185,
        "Gross Profit": 42,
        "Operating Income": 30,
        "EBIT": 30,
        "Net Income": 24
    },
    "2019-12-31": {
        "Diluted EPS": 0.46,
        "Total Revenue": 200,
        "Gross Profit": 45,
        "Operating Income": 32,
        "EBIT": 32,
        "Net Income": 17
    },
    "2019-09-30": {
        "Diluted EPS": 0.52,
        "Total Revenue": 174,
        "Gross Profit": 37,
        "Operating Income": 25,
        "EBIT": 25,
        "Net Income": 19
    },
    "2019-06-30": {
        "Diluted EPS": 1.12,
        "Total Revenue": 158,
        "Gross Profit": 27,
        "Operating Income": 15,
        "EBIT": 15,
        "Net Income": 41
    },
    "2019-03-31": {
        "Diluted EPS": 0.18,
        "Total Revenue": 148,
        "Gross Profit": 22,
        "Operating Income": 11,
        "EBIT": 11,
        "Net Income": 6
    },
    "2018-12-31": {
        "Diluted EPS": 0.59,
        "Total Revenue": 168,
        "Gross Profit": 38,
        "Operating Income": 26,
        "EBIT": 26,
        "Net Income": 24
    },
    "2018-09-30": {
        "Diluted EPS": 0.36,
        "Total Revenue": 161,
        "Gross Profit": 31,
        "Operating Income": 21,
        "EBIT": 21,
        "Net Income": 14
    },
    "2018-06-30": {
        "Diluted EPS": 0.09,
        "Total Revenue": 145,
        "Gross Profit": 24,
        "Operating Income": 13,
        "EBIT": 13,
        "Net Income": 4
    },
    "2018-03-31": {
        "Diluted EPS": 0.02,
        "Total Revenue": 130,
        "Gross Profit": 19,
        "Operating Income": 8,
        "EBIT": 8,
        "Net Income": 1
    },
    "2017-12-31": {
        "Diluted EPS": -0.09,
        "Total Revenue": 154,
        "Gross Profit": 26,
        "Operating Income": 11,
        "EBIT": 11,
        "Net Income": 61
    },
    "2017-09-30": {
        "Diluted EPS": 0.12,
        "Total Revenue": 146,
        "Gross Profit": 25,
        "Operating Income": 13,
        "EBIT": 13,
        "Net Income": 5
    },
    "2017-06-30": {
        "Diluted EPS": 0.29,
        "Total Revenue": 149,
        "Gross Profit": 30,
        "Operating Income": 15,
        "EBIT": 15,
        "Net Income": 11
    },
    "2017-03-31": {
        "Diluted EPS": 2.24,
        "Total Revenue": 157,
        "Gross Profit": 28,
        "Operating Income": 36,
        "EBIT": 36,
        "Net Income": 17
    },
    "2016-12-31": {
        "Diluted EPS": 0.35,
        "Total Revenue": 116,
        "Gross Profit": 24,
        "Operating Income": 13,
        "EBIT": 13,
        "Net Income": 13
    },
    "2016-09-30": {
        "Diluted EPS": 0.24,
        "Total Revenue": 157,
        "Gross Profit": 32,
        "Operating Income": 18,
        "EBIT": 18,
        "Net Income": 8
    },
    "2016-06-30": {
        "Diluted EPS": 0.28,
        "Total Revenue": 148,
        "Gross Profit": 27,
        "Operating Income": 14,
        "EBIT": 14,
        "Net Income": 10
    },
    "2016-03-31": {
        "Diluted EPS": 0.31,
        "Total Revenue": 146,
        "Gross Profit": 29,
        "Operating Income": 17,
        "EBIT": 17,
        "Net Income": 12
    },
    "2015-12-31": {
        "Diluted EPS": 25.53,
        "Total Revenue": 132,
        "Gross Profit": 26,
        "Operating Income": 13,
        "EBIT": 37,
        "Net Income": -3
    },
    "2015-09-30": {
        "Diluted EPS": 0.02,
        "Total Revenue": 154,
        "Gross Profit": 28,
        "Operating Income": 16,
        "EBIT": 16,
        "Net Income": 19
    },
    "2015-06-30": {
        "Diluted EPS": 0.1,
        "Total Revenue": 157,
        "Gross Profit": 35,
        "Operating Income": 23,
        "EBIT": 23,
        "Net Income": 2
    },
    "2015-03-31": {
        "Diluted EPS": 0.5,
        "Total Revenue": 162,
        "Gross Profit": 38,
        "Operating Income": 27,
        "EBIT": 27,
        "Net Income": 12
    },
    "2014-12-31": {
        "Diluted EPS": 0.72,
        "Total Revenue": 161,
        "Gross Profit": 41,
        "Operating Income": 33,
        "EBIT": 33,
        "Net Income": -11
    },
    "2014-09-30": {
        "Diluted EPS": 0.78,
        "Total Revenue": 191,
        "Gross Profit": 49,
        "Operating Income": 36,
        "EBIT": 36,
        "Net Income": 33
    },
    "2014-06-30": {
        "Diluted EPS": 0.24,
        "Total Revenue": 181,
        "Gross Profit": 43,
        "Operating Income": 28,
        "EBIT": 28,
        "Net Income": 15
    },
    "2014-03-31": {
        "Diluted EPS": 0.45,
        "Total Revenue": 164,
        "Gross Profit": 32,
        "Operating Income": 20,
        "EBIT": 20,
        "Net Income": 16
    },
    "2013-12-31": {
        "Diluted EPS": 0.24,
        "Total Revenue": 164,
        "Gross Profit": 32,
        "Operating Income": 24,
        "EBIT": 24,
        "Net Income": 6
    },
    "2013-09-30": {
        "Diluted EPS": 0.62,
        "Total Revenue": 173,
        "Gross Profit": 38,
        "Operating Income": 27,
        "EBIT": 27,
        "Net Income": 15
    },
    "2013-06-30": {
        "Diluted EPS": 0.5,
        "Total Revenue": 165,
        "Gross Profit": 26,
        "Operating Income": 21,
        "EBIT": 21,
        "Net Income": 15
    },
    "2013-03-31": {
        "Diluted EPS": 0.52,
        "Total Revenue": 148,
        "Gross Profit": 21,
        "Operating Income": 11,
        "EBIT": 11,
        "Net Income": 12
    },
    "2012-12-31": {
        "Diluted EPS": 0.35,
        "Total Revenue": 168,
        "Gross Profit": 18,
        "Operating Income": 8,
        "EBIT": 8,
        "Net Income": 8
    },
    "2012-09-30": {
        "Diluted EPS": 0.57,
        "Total Revenue": 176,
        "Gross Profit": 33,
        "Operating Income": 21,
        "EBIT": 21,
        "Net Income": 13
    },
    "2012-06-30": {
        "Diluted EPS": 0.45,
        "Total Revenue": 162,
        "Gross Profit": 21,
        "Operating Income": 13,
        "EBIT": 13,
        "Net Income": 10
    },
    "2012-03-31": {
        "Diluted EPS": -0.26,
        "Total Revenue": 149,
        "Gross Profit": 9,
        "Operating Income": -2,
        "EBIT": -2,
        "Net Income": -6
    },
    "2011-12-31": {
        "Diluted EPS": 0.05,
        "Total Revenue": 152,
        "Gross Profit": 32,
        "Operating Income": 21,
        "EBIT": 21,
        "Net Income": 1
    },
    "2011-09-30": {
        "Diluted EPS": 0.21,
        "Total Revenue": 147,
        "Gross Profit": 6,
        "Operating Income": -3,
        "EBIT": -3,
        "Net Income": 5
    },
    "2011-06-30": {
        "Diluted EPS": -0.01,
        "Total Revenue": 162,
        "Gross Profit": 17,
        "Operating Income": 8,
        "EBIT": 8,
        "Net Income": 0
    },
    "2011-03-31": {
        "Diluted EPS": -0.2,
        "Total Revenue": 152,
        "Gross Profit": 12,
        "Operating Income": 2,
        "EBIT": 2,
        "Net Income": -4
    },
    "2010-12-31": {
        "Diluted EPS": 2.1,
        "Total Revenue": 148,
        "Gross Profit": -27,
        "Operating Income": -146,
        "EBIT": -146,
        "Net Income": 46
    },
    "2010-09-30": {
        "Diluted EPS": -2.21,
        "Total Revenue": 107,
        "Gross Profit": -30,
        "Operating Income": -38,
        "EBIT": -38,
        "Net Income": -35
    },
    "2010-06-30": {
        "Diluted EPS": -0.1,
        "Total Revenue": 139,
        "Gross Profit": 7,
        "Operating Income": 18,
        "EBIT": 18,
        "Net Income": -2
    },
    "2010-03-31": {
        "Diluted EPS": 0.5,
        "Total Revenue": 116,
        "Gross Profit": -11,
        "Operating Income": 14,
        "EBIT": 14,
        "Net Income": 9
    },
    "2009-12-31": {
        "Diluted EPS": -0.55,
        "Total Revenue": 112,
        "Gross Profit": -25,
        "Operating Income": -33,
        "EBIT": -33,
        "Net Income": -9
    },
    "2009-09-30": {
        "Diluted EPS": -2.06,
        "Total Revenue": 105,
        "Gross Profit": -27,
        "Operating Income": -34,
        "EBIT": -34,
        "Net Income": -32
    },
    "2009-06-30": {
        "Diluted EPS": -2.37,
        "Total Revenue": 90,
        "Gross Profit": -31,
        "Operating Income": -37,
        "EBIT": -37,
        "Net Income": -37
    },
    "2009-03-31": {
        "Diluted EPS": -3.57,
        "Total Revenue": 67,
        "Gross Profit": -35,
        "Operating Income": -64,
        "EBIT": -64,
        "Net Income": -59
    },
    "2023-12-31": {
        "Diluted Average Shares": 36437700.0,
        "Basic Average Shares": 36362000.0,
        "Diluted EPS": 13.2,
        "Basic EPS": 13.2
    },
    "2024-12-31": {
        "Diluted Average Shares": 36410000.0,
        "Basic Average Shares": 36362000.0,
        "Diluted EPS": 6.4,
        "Basic EPS": 6.4
    }
}