{
    "2023-03-31": {
        "Tax Effect Of Unusual Items": NaN,
        "Tax Rate For Calcs": NaN,
        "Normalized EBITDA": NaN,
        "Total Unusual Items": NaN,
        "Total Unusual Items Excluding Goodwill": NaN,
        "Net Income From Continuing Operation Net Minority Interest": NaN,
        "Reconciled Depreciation": NaN,
        "Reconciled Cost Of Revenue": NaN,
        "EBITDA": NaN,
        "EBIT": NaN,
        "Net Interest Income": NaN,
        "Interest Expense": NaN,
        "Normalized Income": NaN,
        "Net Income From Continuing And Discontinued Operation": NaN,
        "Total Expenses": NaN,
        "Total Operating Income As Reported": NaN,
        "Diluted Average Shares": NaN,
        "Basic Average Shares": NaN,
        "Diluted EPS": NaN,
        "Basic EPS": NaN,
        "Diluted NI Availto Com Stockholders": NaN,
        "Net Income Common Stockholders": NaN,
        "Net Income": NaN,
        "Net Income Including Noncontrolling Interests": NaN,
        "Net Income Continuous Operations": NaN,
        "Tax Provision": NaN,
        "Pretax Income": NaN,
        "Other Income Expense": NaN,
        "Special Income Charges": NaN,
        "Restructuring And Mergern Acquisition": NaN,
        "Net Non Operating Interest Income Expense": NaN,
        "Interest Expense Non Operating": NaN,
        "Operating Income": NaN,
        "Operating Expense": NaN,
        "Other Operating Expenses": -1746000.0,
        "Depreciation Amortization Depletion Income Statement": NaN,
        "Depreciation And Amortization In Income Statement": NaN,
        "Selling General And Administration": NaN,
        "Selling And Marketing Expense": 11337000.0,
        "General And Administrative Expense": NaN,
        "Other Gand A": NaN,
        "Salaries And Wages": NaN,
        "Gross Profit": NaN,
        "Cost Of Revenue": NaN,
        "Total Revenue": NaN,
        "Operating Revenue": NaN
    },
    "2022-12-31": {
        "Tax Effect Of Unusual Items": NaN,
        "Tax Rate For Calcs": NaN,
        "Normalized EBITDA": NaN,
        "Total Unusual Items": NaN,
        "Total Unusual Items Excluding Goodwill": NaN,
        "Net Income From Continuing Operation Net Minority Interest": NaN,
        "Reconciled Depreciation": NaN,
        "Reconciled Cost Of Revenue": NaN,
        "EBITDA": NaN,
        "EBIT": NaN,
        "Net Interest Income": NaN,
        "Interest Expense": NaN,
        "Normalized Income": NaN,
        "Net Income From Continuing And Discontinued Operation": NaN,
        "Total Expenses": NaN,
        "Total Operating Income As Reported": NaN,
        "Diluted Average Shares": NaN,
        "Basic Average Shares": NaN,
        "Diluted EPS": NaN,
        "Basic EPS": NaN,
        "Diluted NI Availto Com Stockholders": NaN,
        "Net Income Common Stockholders": NaN,
        "Net Income": NaN,
        "Net Income Including Noncontrolling Interests": NaN,
        "Net Income Continuous Operations": NaN,
        "Tax Provision": NaN,
        "Pretax Income": NaN,
        "Other Income Expense": NaN,
        "Special Income Charges": NaN,
        "Restructuring And Mergern Acquisition": NaN,
        "Net Non Operating Interest Income Expense": NaN,
        "Interest Expense Non Operating": NaN,
        "Operating Income": NaN,
        "Operating Expense": NaN,
        "Other Operating Expenses": -1414000.0,
        "Depreciation Amortization Depletion Income Statement": NaN,
        "Depreciation And Amortization In Income Statement": NaN,
        "Selling General And Administration": NaN,
        "Selling And Marketing Expense": NaN,
        "General And Administrative Expense": NaN,
        "Other Gand A": NaN,
        "Salaries And Wages": NaN,
        "Gross Profit": NaN,
        "Cost Of Revenue": NaN,
        "Total Revenue": NaN,
        "Operating Revenue": NaN
    },
    "2022-09-30": {
        "Tax Effect Of Unusual Items": NaN,
        "Tax Rate For Calcs": NaN,
        "Normalized EBITDA": NaN,
        "Net Income From Continuing Operation Net Minority Interest": NaN,
        "Reconciled Depreciation": NaN,
        "Reconciled Cost Of Revenue": NaN,
        "EBITDA": NaN,
        "EBIT": NaN,
        "Net Interest Income": NaN,
        "Interest Expense": NaN,
        "Normalized Income": NaN,
        "Net Income From Continuing And Discontinued Operation": NaN,
        "Total Expenses": NaN,
        "Total Operating Income As Reported": NaN,
        "Diluted Average Shares": NaN,
        "Basic Average Shares": NaN,
        "Diluted EPS": NaN,
        "Basic EPS": NaN,
        "Diluted NI Availto Com Stockholders": NaN,
        "Net Income Common Stockholders": NaN,
        "Net Income": NaN,
        "Net Income Including Noncontrolling Interests": NaN,
        "Net Income Continuous Operations": NaN,
        "Tax Provision": NaN,
        "Pretax Income": NaN,
        "Net Non Operating Interest Income Expense": NaN,
        "Interest Expense Non Operating": NaN,
        "Operating Income": NaN,
        "Operating Expense": NaN,
        "Other Operating Expenses": NaN,
        "Depreciation Amortization Depletion Income Statement": NaN,
        "Depreciation And Amortization In Income Statement": NaN,
        "Selling General And Administration": NaN,
        "Selling And Marketing Expense": 10232000.0,
        "General And Administrative Expense": NaN,
        "Other Gand A": NaN,
        "Salaries And Wages": NaN,
        "Gross Profit": NaN,
        "Cost Of Revenue": NaN,
        "Total Revenue": NaN,
        "Operating Revenue": NaN
    },
    "2022-06-30": {
        "Tax Effect Of Unusual Items": 0.0,
        "Tax Rate For Calcs": 0.276578,
        "Normalized EBITDA": 25458000.0,
        "Net Income From Continuing Operation Net Minority Interest": 15984000.0,
        "Reconciled Depreciation": 2251000.0,
        "Reconciled Cost Of Revenue": 92066000.0,
        "EBITDA": 25458000.0,
        "EBIT": 23207000.0,
        "Net Interest Income": -1112000.0,
        "Interest Expense": 1112000.0,
        "Normalized Income": 15984000.0,
        "Net Income From Continuing And Discontinued Operation": 15984000.0,
        "Total Expenses": 113728000.0,
        "Total Operating Income As Reported": 23207000.0,
        "Diluted Average Shares": 39228991.0,
        "Basic Average Shares": 38257156.0,
        "Diluted EPS": 0.41,
        "Basic EPS": 0.42,
        "Diluted NI Availto Com Stockholders": 15984000.0,
        "Net Income Common Stockholders": 15984000.0,
        "Net Income": 15984000.0,
        "Net Income Including Noncontrolling Interests": 15984000.0,
        "Net Income Continuous Operations": 15984000.0,
        "Tax Provision": 6111000.0,
        "Pretax Income": 22095000.0,
        "Net Non Operating Interest Income Expense": -1112000.0,
        "Interest Expense Non Operating": 1112000.0,
        "Operating Income": 23207000.0,
        "Operating Expense": 21662000.0,
        "Depreciation Amortization Depletion Income Statement": 2251000.0,
        "Depreciation And Amortization In Income Statement": 2251000.0,
        "Selling General And Administration": 19411000.0,
        "Selling And Marketing Expense": 7663000.0,
        "General And Administrative Expense": 19411000.0,
        "Other Gand A": 7663000.0,
        "Salaries And Wages": 11748000.0,
        "Gross Profit": 44869000.0,
        "Cost Of Revenue": 92066000.0,
        "Total Revenue": 136935000.0,
        "Operating Revenue": 135817000.0
    },
    "2023-06-30": {
        "Tax Effect Of Unusual Items": NaN,
        "Tax Rate For Calcs": NaN,
        "Normalized EBITDA": NaN,
        "Total Unusual Items": 0.0,
        "Total Unusual Items Excluding Goodwill": 0.0,
        "Net Income From Continuing Operation Net Minority Interest": NaN,
        "Reconciled Depreciation": NaN,
        "Reconciled Cost Of Revenue": NaN,
        "EBITDA": NaN,
        "EBIT": NaN,
        "Net Interest Income": NaN,
        "Interest Expense": NaN,
        "Normalized Income": NaN,
        "Net Income From Continuing And Discontinued Operation": NaN,
        "Total Expenses": NaN,
        "Total Operating Income As Reported": NaN,
        "Diluted Average Shares": NaN,
        "Basic Average Shares": NaN,
        "Diluted EPS": NaN,
        "Basic EPS": NaN,
        "Diluted NI Availto Com Stockholders": NaN,
        "Net Income Common Stockholders": NaN,
        "Net Income": NaN,
        "Net Income Including Noncontrolling Interests": NaN,
        "Net Income Continuous Operations": NaN,
        "Tax Provision": NaN,
        "Pretax Income": NaN,
        "Other Income Expense": NaN,
        "Special Income Charges": 0.0,
        "Restructuring And Mergern Acquisition": 0.0,
        "Net Non Operating Interest Income Expense": NaN,
        "Interest Expense Non Operating": NaN,
        "Operating Income": NaN,
        "Operating Expense": NaN,
        "Other Operating Expenses": -2250000.0,
        "Depreciation Amortization Depletion Income Statement": NaN,
        "Depreciation And Amortization In Income Statement": NaN,
        "Selling General And Administration": NaN,
        "General And Administrative Expense": NaN,
        "Other Gand A": NaN,
        "Salaries And Wages": NaN,
        "Gross Profit": NaN,
        "Cost Of Revenue": NaN,
        "Total Revenue": NaN,
        "Operating Revenue": NaN
    },
    "2022-03-31": {
        "Diluted EPS": 0.3,
        "Total Revenue": 115,
        "Gross Profit": 26,
        "Operating Income": 17,
        "EBIT": 19,
        "Net Income": 12
    },
    "2021-12-31": {
        "Diluted EPS": 0.34,
        "Total Revenue": 127,
        "Gross Profit": 29,
        "Operating Income": 19,
        "EBIT": 21,
        "Net Income": 13
    },
    "2021-09-30": {
        "Diluted EPS": 0.29,
        "Total Revenue": 121,
        "Gross Profit": 28,
        "Operating Income": 16,
        "EBIT": 18,
        "Net Income": 12
    },
    "2021-06-30": {
        "Diluted EPS": 0.34,
        "Total Revenue": 117,
        "Gross Profit": 29,
        "Operating Income": 19,
        "EBIT": 22,
        "Net Income": 13
    },
    "2021-03-31": {
        "Diluted EPS": 0.23,
        "Total Revenue": 95,
        "Gross Profit": 21,
        "Operating Income": 13,
        "EBIT": 16,
        "Net Income": 9
    },
    "2020-12-31": {
        "Diluted EPS": 0.24,
        "Total Revenue": 99,
        "Gross Profit": 23,
        "Operating Income": 15,
        "EBIT": 18,
        "Net Income": 10
    },
    "2020-09-30": {
        "Diluted EPS": 0.25,
        "Total Revenue": 96,
        "Gross Profit": 24,
        "Operating Income": 15,
        "EBIT": 17,
        "Net Income": 9
    },
    "2020-06-30": {
        "Diluted EPS": 0.24,
        "Total Revenue": 85,
        "Gross Profit": 22,
        "Operating Income": 14,
        "EBIT": 17,
        "Net Income": 9
    },
    "2020-03-31": {
        "Diluted EPS": 0.15,
        "Total Revenue": 77,
        "Gross Profit": 18,
        "Operating Income": 10,
        "EBIT": 12,
        "Net Income": 6
    },
    "2019-12-31": {
        "Diluted EPS": 0.13,
        "Total Revenue": 83,
        "Gross Profit": 19,
        "Operating Income": 10,
        "EBIT": 13,
        "Net Income": 5
    },
    "2019-09-30": {
        "Diluted EPS": 0.11,
        "Total Revenue": 85,
        "Gross Profit": 21,
        "Operating Income": 8,
        "EBIT": 12,
        "Net Income": 4
    },
    "2019-06-30": {
        "Diluted EPS": 0.19,
        "Total Revenue": 83,
        "Gross Profit": 20,
        "Operating Income": 12,
        "EBIT": 15,
        "Net Income": 7
    },
    "2019-03-31": {
        "Diluted EPS": 0.09,
        "Total Revenue": 68,
        "Gross Profit": 15,
        "Operating Income": 6,
        "EBIT": 9,
        "Net Income": 3
    },
    "2018-12-31": {
        "Diluted EPS": 0.07,
        "Total Revenue": 75,
        "Gross Profit": 17,
        "Operating Income": 7,
        "EBIT": 11,
        "Net Income": 5
    },
    "2018-09-30": {
        "Diluted EPS": -0.43,
        "Total Revenue": 73,
        "Gross Profit": 7,
        "Operating Income": -2,
        "EBIT": 2,
        "Net Income": -13
    },
    "2018-06-30": {
        "Diluted EPS": 0.11,
        "Total Revenue": 70,
        "Gross Profit": 14,
        "Operating Income": 6,
        "EBIT": 10,
        "Net Income": 2
    },
    "2018-03-31": {
        "Diluted EPS": -0.03,
        "Total Revenue": 56,
        "Gross Profit": 10,
        "Operating Income": 3,
        "EBIT": 6,
        "Net Income": -1
    },
    "2017-12-31": {
        "Diluted EPS": -0.74,
        "Total Revenue": 159,
        "Gross Profit": 17,
        "Operating Income": -7,
        "EBIT": -2,
        "Net Income": -13
    },
    "2017-09-30": {
        "Diluted EPS": -0.03,
        "Total Revenue": 56,
        "Gross Profit": 13,
        "Operating Income": 4,
        "EBIT": 4,
        "Net Income": -1
    },
    "2017-06-30": {
        "Diluted EPS": 0.01,
        "Total Revenue": NaN,
        "Gross Profit": NaN,
        "Operating Income": 0,
        "EBIT": 0,
        "Net Income": 0
    },
    "2017-03-31": {
        "Diluted EPS": -0.02,
        "Total Revenue": NaN,
        "Gross Profit": NaN,
        "Operating Income": 0,
        "EBIT": 0,
        "Net Income": 0
    },
    "2016-12-31": {
        "Diluted EPS": 0.0,
        "Total Revenue": NaN,
        "Gross Profit": NaN,
        "Operating Income": NaN,
        "EBIT": NaN,
        "Net Income": NaN
    },
    "2016-09-30": {
        "Diluted EPS": 0.0,
        "Total Revenue": NaN,
        "Gross Profit": NaN,
        "Operating Income": 0,
        "EBIT": 0,
        "Net Income": 0
    },
    "2015-12-31": {
        "Diluted EPS": 0.0,
        "Total Revenue": NaN,
        "Gross Profit": NaN,
        "Operating Income": NaN,
        "EBIT": NaN,
        "Net Income": NaN
    },
    "2023-09-30": {
        "Tax Effect Of Unusual Items": NaN,
        "Tax Rate For Calcs": NaN,
        "Normalized EBITDA": NaN,
        "Total Unusual Items": NaN,
        "Total Unusual Items Excluding Goodwill": NaN,
        "Net Income From Continuing Operation Net Minority Interest": NaN,
        "Reconciled Depreciation": NaN,
        "Reconciled Cost Of Revenue": NaN,
        "EBITDA": NaN,
        "EBIT": NaN,
        "Net Interest Income": NaN,
        "Interest Expense": NaN,
        "Normalized Income": NaN,
        "Net Income From Continuing And Discontinued Operation": NaN,
        "Total Expenses": NaN,
        "Total Operating Income As Reported": NaN,
        "Diluted Average Shares": NaN,
        "Basic Average Shares": NaN,
        "Diluted EPS": NaN,
        "Basic EPS": NaN,
        "Diluted NI Availto Com Stockholders": NaN,
        "Net Income Common Stockholders": NaN,
        "Net Income": NaN,
        "Net Income Including Noncontrolling Interests": NaN,
        "Net Income Continuous Operations": NaN,
        "Tax Provision": NaN,
        "Pretax Income": NaN,
        "Other Income Expense": NaN,
        "Special Income Charges": NaN,
        "Restructuring And Mergern Acquisition": NaN,
        "Net Non Operating Interest Income Expense": NaN,
        "Interest Expense Non Operating": NaN,
        "Operating Income": NaN,
        "Operating Expense": NaN,
        "Other Operating Expenses": -2362000.0,
        "Provision For Doubtful Accounts": NaN,
        "Depreciation Amortization Depletion Income Statement": NaN,
        "Depreciation And Amortization In Income Statement": NaN,
        "Selling General And Administration": NaN,
        "General And Administrative Expense": NaN,
        "Other Gand A": NaN,
        "Salaries And Wages": 17789000.0,
        "Gross Profit": NaN,
        "Cost Of Revenue": NaN,
        "Total Revenue": NaN,
        "Operating Revenue": NaN
    },
    "2023-12-31": {
        "Tax Effect Of Unusual Items": NaN,
        "Tax Rate For Calcs": NaN,
        "Normalized EBITDA": NaN,
        "Total Unusual Items": NaN,
        "Total Unusual Items Excluding Goodwill": NaN,
        "Net Income From Continuing Operation Net Minority Interest": NaN,
        "Reconciled Depreciation": NaN,
        "Reconciled Cost Of Revenue": NaN,
        "EBITDA": NaN,
        "EBIT": NaN,
        "Net Interest Income": NaN,
        "Interest Expense": NaN,
        "Normalized Income": NaN,
        "Net Income From Continuing And Discontinued Operation": NaN,
        "Total Expenses": NaN,
        "Total Operating Income As Reported": NaN,
        "Diluted Average Shares": NaN,
        "Basic Average Shares": NaN,
        "Diluted EPS": NaN,
        "Basic EPS": NaN,
        "Diluted NI Availto Com Stockholders": NaN,
        "Net Income Common Stockholders": NaN,
        "Net Income": NaN,
        "Net Income Including Noncontrolling Interests": NaN,
        "Net Income Continuous Operations": NaN,
        "Tax Provision": NaN,
        "Pretax Income": NaN,
        "Other Income Expense": NaN,
        "Special Income Charges": NaN,
        "Restructuring And Mergern Acquisition": NaN,
        "Net Non Operating Interest Income Expense": NaN,
        "Interest Expense Non Operating": NaN,
        "Operating Income": NaN,
        "Operating Expense": NaN,
        "Other Operating Expenses": -2929000.0,
        "Provision For Doubtful Accounts": NaN,
        "Depreciation Amortization Depletion Income Statement": NaN,
        "Depreciation And Amortization In Income Statement": NaN,
        "Selling General And Administration": NaN,
        "General And Administrative Expense": NaN,
        "Other Gand A": NaN,
        "Salaries And Wages": NaN,
        "Gross Profit": NaN,
        "Cost Of Revenue": NaN,
        "Total Revenue": NaN,
        "Operating Revenue": NaN
    },
    "2024-03-31": {
        "Tax Effect Of Unusual Items": NaN,
        "Tax Rate For Calcs": NaN,
        "Normalized EBITDA": NaN,
        "Total Unusual Items": NaN,
        "Total Unusual Items Excluding Goodwill": NaN,
        "Net Income From Continuing Operation Net Minority Interest": NaN,
        "Reconciled Depreciation": NaN,
        "Reconciled Cost Of Revenue": NaN,
        "EBITDA": NaN,
        "EBIT": NaN,
        "Net Interest Income": NaN,
        "Interest Expense": NaN,
        "Normalized Income": NaN,
        "Net Income From Continuing And Discontinued Operation": NaN,
        "Total Expenses": NaN,
        "Total Operating Income As Reported": NaN,
        "Diluted Average Shares": NaN,
        "Basic Average Shares": NaN,
        "Diluted EPS": NaN,
        "Basic EPS": NaN,
        "Diluted NI Availto Com Stockholders": NaN,
        "Net Income Common Stockholders": NaN,
        "Net Income": NaN,
        "Net Income Including Noncontrolling Interests": NaN,
        "Net Income Continuous Operations": NaN,
        "Tax Provision": NaN,
        "Pretax Income": NaN,
        "Other Income Expense": NaN,
        "Special Income Charges": NaN,
        "Restructuring And Mergern Acquisition": NaN,
        "Net Non Operating Interest Income Expense": NaN,
        "Interest Expense Non Operating": NaN,
        "Operating Income": NaN,
        "Operating Expense": NaN,
        "Provision For Doubtful Accounts": 1595000.0,
        "Depreciation Amortization Depletion Income Statement": NaN,
        "Depreciation And Amortization In Income Statement": NaN,
        "Selling General And Administration": NaN,
        "General And Administrative Expense": NaN,
        "Other Gand A": NaN,
        "Salaries And Wages": NaN,
        "Gross Profit": NaN,
        "Cost Of Revenue": NaN,
        "Total Revenue": NaN,
        "Operating Revenue": NaN
    },
    "2024-06-30": {
        "Tax Effect Of Unusual Items": NaN,
        "Tax Rate For Calcs": NaN,
        "Normalized EBITDA": NaN,
        "Total Unusual Items": NaN,
        "Total Unusual Items Excluding Goodwill": NaN,
        "Net Income From Continuing Operation Net Minority Interest": NaN,
        "Reconciled Depreciation": NaN,
        "Reconciled Cost Of Revenue": NaN,
        "EBITDA": NaN,
        "EBIT": NaN,
        "Net Interest Income": NaN,
        "Interest Expense": NaN,
        "Normalized Income": NaN,
        "Net Income From Continuing And Discontinued Operation": NaN,
        "Total Expenses": NaN,
        "Total Operating Income As Reported": NaN,
        "Diluted Average Shares": NaN,
        "Basic Average Shares": NaN,
        "Diluted EPS": NaN,
        "Basic EPS": NaN,
        "Diluted NI Availto Com Stockholders": NaN,
        "Net Income Common Stockholders": NaN,
        "Net Income": NaN,
        "Net Income Including Noncontrolling Interests": NaN,
        "Net Income Continuous Operations": NaN,
        "Tax Provision": NaN,
        "Pretax Income": NaN,
        "Other Income Expense": NaN,
        "Special Income Charges": NaN,
        "Restructuring And Mergern Acquisition": NaN,
        "Net Non Operating Interest Income Expense": NaN,
        "Interest Expense Non Operating": NaN,
        "Operating Income": NaN,
        "Operating Expense": NaN,
        "Provision For Doubtful Accounts": 1776000.0,
        "Depreciation Amortization Depletion Income Statement": NaN,
        "Depreciation And Amortization In Income Statement": NaN,
        "Selling General And Administration": NaN,
        "General And Administrative Expense": NaN,
        "Other Gand A": NaN,
        "Salaries And Wages": NaN,
        "Gross Profit": NaN,
        "Cost Of Revenue": NaN,
        "Total Revenue": NaN,
        "Operating Revenue": NaN
    },
    "2024-09-30": {
        "Tax Effect Of Unusual Items": -22913.949239,
        "Tax Rate For Calcs": 0.297584,
        "Normalized EBITDA": 31284000.0,
        "Total Unusual Items": -77000.0,
        "Total Unusual Items Excluding Goodwill": -77000.0,
        "Net Income From Continuing Operation Net Minority Interest": 17297000.0,
        "Reconciled Depreciation": 3382000.0,
        "Reconciled Cost Of Revenue": 111348000.0,
        "EBITDA": 31207000.0,
        "EBIT": 27825000.0,
        "Net Interest Income": -3200000.0,
        "Interest Expense": 3200000.0,
        "Normalized Income": 17351086.050761,
        "Net Income From Continuing And Discontinued Operation": 17297000.0,
        "Total Expenses": 144045000.0,
        "Total Operating Income As Reported": 27825000.0,
        "Diluted Average Shares": 32732465.0,
        "Basic Average Shares": 32366831.0,
        "Diluted EPS": 0.53,
        "Basic EPS": 0.53,
        "Diluted NI Availto Com Stockholders": 17297000.0,
        "Net Income Common Stockholders": 17297000.0,
        "Net Income": 17297000.0,
        "Net Income Including Noncontrolling Interests": 17297000.0,
        "Net Income Continuous Operations": 17297000.0,
        "Tax Provision": 7328000.0,
        "Pretax Income": 24625000.0,
        "Other Income Expense": -77000.0,
        "Special Income Charges": -77000.0,
        "Restructuring And Mergern Acquisition": 77000.0,
        "Net Non Operating Interest Income Expense": -3200000.0,
        "Interest Expense Non Operating": 3200000.0,
        "Operating Income": 27902000.0,
        "Operating Expense": 32697000.0,
        "Provision For Doubtful Accounts": 1665000.0,
        "Depreciation Amortization Depletion Income Statement": 3382000.0,
        "Depreciation And Amortization In Income Statement": 3382000.0,
        "Selling General And Administration": 27650000.0,
        "General And Administrative Expense": 27650000.0,
        "Other Gand A": 10412000.0,
        "Salaries And Wages": 17238000.0,
        "Gross Profit": 60599000.0,
        "Cost Of Revenue": 111348000.0,
        "Total Revenue": 171947000.0,
        "Operating Revenue": 168554000.0
    },
    "2024-12-31": {
        "Tax Effect Of Unusual Items": -640554.275042,
        "Tax Rate For Calcs": 0.299185,
        "Normalized EBITDA": 30506000.0,
        "Total Unusual Items": -2141000.0,
        "Total Unusual Items Excluding Goodwill": -2141000.0,
        "Net Income From Continuing Operation Net Minority Interest": 15385000.0,
        "Reconciled Depreciation": 3664000.0,
        "Reconciled Cost Of Revenue": 106317000.0,
        "EBITDA": 28365000.0,
        "EBIT": 24701000.0,
        "Net Interest Income": -2748000.0,
        "Interest Expense": 2748000.0,
        "Normalized Income": 16885445.724958,
        "Net Income From Continuing And Discontinued Operation": 15385000.0,
        "Total Expenses": 137917000.0,
        "Total Operating Income As Reported": 24701000.0,
        "Diluted Average Shares": 31406360.0,
        "Basic Average Shares": 30998252.0,
        "Diluted EPS": 0.49,
        "Basic EPS": 0.5,
        "Diluted NI Availto Com Stockholders": 15385000.0,
        "Net Income Common Stockholders": 15385000.0,
        "Net Income": 15385000.0,
        "Net Income Including Noncontrolling Interests": 15385000.0,
        "Net Income Continuous Operations": 15385000.0,
        "Tax Provision": 6568000.0,
        "Pretax Income": 21953000.0,
        "Other Income Expense": -2141000.0,
        "Special Income Charges": -2141000.0,
        "Restructuring And Mergern Acquisition": 2141000.0,
        "Net Non Operating Interest Income Expense": -2748000.0,
        "Interest Expense Non Operating": 2748000.0,
        "Operating Income": 26842000.0,
        "Operating Expense": 31600000.0,
        "Provision For Doubtful Accounts": NaN,
        "Depreciation Amortization Depletion Income Statement": 3664000.0,
        "Depreciation And Amortization In Income Statement": 3664000.0,
        "Selling General And Administration": 27936000.0,
        "General And Administrative Expense": 27936000.0,
        "Other Gand A": 11926000.0,
        "Salaries And Wages": 16010000.0,
        "Gross Profit": 58442000.0,
        "Cost Of Revenue": 106317000.0,
        "Total Revenue": 164759000.0,
        "Operating Revenue": 159287000.0
    },
    "2025-03-31": {
        "Tax Effect Of Unusual Items": -467591.208791,
        "Tax Rate For Calcs": 0.317011,
        "Normalized EBITDA": 19179000.0,
        "Total Unusual Items": -1475000.0,
        "Total Unusual Items Excluding Goodwill": -1475000.0,
        "Net Income From Continuing Operation Net Minority Interest": 7769000.0,
        "Reconciled Depreciation": 3629000.0,
        "Reconciled Cost Of Revenue": 93788000.0,
        "EBITDA": 17704000.0,
        "EBIT": 14075000.0,
        "Net Interest Income": -2700000.0,
        "Interest Expense": 2700000.0,
        "Normalized Income": 8776408.791209,
        "Net Income From Continuing And Discontinued Operation": 7769000.0,
        "Total Expenses": 128760000.0,
        "Total Operating Income As Reported": 14075000.0,
        "Diluted Average Shares": 30831633.0,
        "Basic Average Shares": 30587949.0,
        "Diluted EPS": 0.25,
        "Basic EPS": 0.25,
        "Diluted NI Availto Com Stockholders": 7769000.0,
        "Net Income Common Stockholders": 7769000.0,
        "Net Income": 7769000.0,
        "Net Income Including Noncontrolling Interests": 7769000.0,
        "Net Income Continuous Operations": 7769000.0,
        "Tax Provision": 3606000.0,
        "Pretax Income": 11375000.0,
        "Other Income Expense": -1475000.0,
        "Special Income Charges": -1475000.0,
        "Restructuring And Mergern Acquisition": 1475000.0,
        "Net Non Operating Interest Income Expense": -2700000.0,
        "Interest Expense Non Operating": 2700000.0,
        "Operating Income": 15550000.0,
        "Operating Expense": 34972000.0,
        "Provision For Doubtful Accounts": 2066000.0,
        "Depreciation Amortization Depletion Income Statement": 3629000.0,
        "Depreciation And Amortization In Income Statement": 3629000.0,
        "Selling General And Administration": 29277000.0,
        "General And Administrative Expense": 29277000.0,
        "Other Gand A": 10989000.0,
        "Salaries And Wages": 18288000.0,
        "Gross Profit": 50522000.0,
        "Cost Of Revenue": 93788000.0,
        "Total Revenue": 144310000.0,
        "Operating Revenue": 140348000.0
    },
    "2025-06-30": {
        "Tax Effect Of Unusual Items": -728425.219941,
        "Tax Rate For Calcs": 0.327529,
        "Normalized EBITDA": 26139000.0,
        "Total Unusual Items": -2224000.0,
        "Total Unusual Items Excluding Goodwill": -2224000.0,
        "Net Income From Continuing Operation Net Minority Interest": 11007000.0,
        "Reconciled Depreciation": 4454000.0,
        "Reconciled Cost Of Revenue": 102257000.0,
        "EBITDA": 23915000.0,
        "EBIT": 19461000.0,
        "Net Interest Income": -3093000.0,
        "Interest Expense": 3093000.0,
        "Normalized Income": 12502574.780059,
        "Net Income From Continuing And Discontinued Operation": 11007000.0,
        "Total Expenses": 139448000.0,
        "Total Operating Income As Reported": 19461000.0,
        "Diluted Average Shares": 29912615.0,
        "Basic Average Shares": 29843687.0,
        "Diluted EPS": 0.37,
        "Basic EPS": 0.37,
        "Diluted NI Availto Com Stockholders": 11007000.0,
        "Net Income Common Stockholders": 11007000.0,
        "Net Income": 11007000.0,
        "Net Income Including Noncontrolling Interests": 11007000.0,
        "Net Income Continuous Operations": 11007000.0,
        "Tax Provision": 5361000.0,
        "Pretax Income": 16368000.0,
        "Other Income Expense": -2224000.0,
        "Special Income Charges": -2224000.0,
        "Restructuring And Mergern Acquisition": 2224000.0,
        "Net Non Operating Interest Income Expense": -3093000.0,
        "Interest Expense Non Operating": 3093000.0,
        "Operating Income": 21685000.0,
        "Operating Expense": 37191000.0,
        "Provision For Doubtful Accounts": 1858000.0,
        "Depreciation Amortization Depletion Income Statement": 4454000.0,
        "Depreciation And Amortization In Income Statement": 4454000.0,
        "Selling General And Administration": 30879000.0,
        "General And Administrative Expense": 30879000.0,
        "Other Gand A": 12354000.0,
        "Salaries And Wages": 18525000.0,
        "Gross Profit": 58876000.0,
        "Cost Of Revenue": 102257000.0,
        "Total Revenue": 161133000.0,
        "Operating Revenue": 156651000.0
    },
    "2025-09-30": {
        "Tax Effect Of Unusual Items": -1836063.410114,
        "Tax Rate For Calcs": 0.342997,
        "Normalized EBITDA": 20298000.0,
        "Total Unusual Items": -5353000.0,
        "Total Unusual Items Excluding Goodwill": -5353000.0,
        "Net Income From Continuing Operation Net Minority Interest": 4963000.0,
        "Reconciled Depreciation": 4410000.0,
        "Reconciled Cost Of Revenue": 98636000.0,
        "EBITDA": 14945000.0,
        "EBIT": 10535000.0,
        "Net Interest Income": -2981000.0,
        "Interest Expense": 2981000.0,
        "Normalized Income": 8479936.589886,
        "Net Income From Continuing And Discontinued Operation": 4963000.0,
        "Total Expenses": 139033000.0,
        "Total Operating Income As Reported": 10535000.0,
        "Diluted Average Shares": 29816620.0,
        "Basic Average Shares": 29616788.0,
        "Diluted EPS": 0.17,
        "Basic EPS": 0.17,
        "Diluted NI Availto Com Stockholders": 4963000.0,
        "Net Income Common Stockholders": 4963000.0,
        "Net Income": 4963000.0,
        "Net Income Including Noncontrolling Interests": 4963000.0,
        "Net Income Continuous Operations": 4963000.0,
        "Tax Provision": 2591000.0,
        "Pretax Income": 7554000.0,
        "Other Income Expense": -5353000.0,
        "Special Income Charges": -5353000.0,
        "Restructuring And Mergern Acquisition": 5353000.0,
        "Net Non Operating Interest Income Expense": -2981000.0,
        "Interest Expense Non Operating": 2981000.0,
        "Operating Income": 15888000.0,
        "Operating Expense": 40397000.0,
        "Provision For Doubtful Accounts": 2154000.0,
        "Depreciation Amortization Depletion Income Statement": 4410000.0,
        "Depreciation And Amortization In Income Statement": 4410000.0,
        "Selling General And Administration": 33833000.0,
        "General And Administrative Expense": 33833000.0,
        "Other Gand A": 14132000.0,
        "Salaries And Wages": 19701000.0,
        "Gross Profit": 56285000.0,
        "Cost Of Revenue": 98636000.0,
        "Total Revenue": 154921000.0,
        "Operating Revenue": 150073000.0
    }
}