{
    "2023-03-31": {
        "Tax Effect Of Unusual Items": NaN,
        "Tax Rate For Calcs": NaN,
        "Normalized EBITDA": NaN,
        "Total Unusual Items": NaN,
        "Total Unusual Items Excluding Goodwill": NaN,
        "Net Income From Continuing Operation Net Minority Interest": NaN,
        "Reconciled Depreciation": NaN,
        "EBITDA": NaN,
        "EBIT": NaN,
        "Net Interest Income": NaN,
        "Interest Income": NaN,
        "Normalized Income": NaN,
        "Net Income From Continuing And Discontinued Operation": NaN,
        "Total Expenses": NaN,
        "Total Operating Income As Reported": NaN,
        "Diluted Average Shares": NaN,
        "Basic Average Shares": NaN,
        "Diluted EPS": NaN,
        "Basic EPS": NaN,
        "Diluted NI Availto Com Stockholders": NaN,
        "Net Income Common Stockholders": NaN,
        "Net Income": NaN,
        "Net Income Including Noncontrolling Interests": NaN,
        "Net Income Continuous Operations": NaN,
        "Pretax Income": NaN,
        "Other Income Expense": NaN,
        "Special Income Charges": NaN,
        "Restructuring And Mergern Acquisition": NaN,
        "Net Non Operating Interest Income Expense": NaN,
        "Interest Income Non Operating": NaN,
        "Operating Income": NaN,
        "Operating Expense": NaN,
        "Other Operating Expenses": -330000.0,
        "Research And Development": NaN,
        "Selling General And Administration": NaN,
        "General And Administrative Expense": NaN,
        "Other Gand A": NaN,
        "Total Revenue": NaN,
        "Operating Revenue": NaN
    },
    "2022-12-31": {
        "Tax Effect Of Unusual Items": 0.0,
        "Tax Rate For Calcs": 0.0,
        "Normalized EBITDA": -7447000.0,
        "Net Income From Continuing Operation Net Minority Interest": -7798000.0,
        "Reconciled Depreciation": 351000.0,
        "EBITDA": -7447000.0,
        "EBIT": -7798000.0,
        "Normalized Income": -7798000.0,
        "Net Income From Continuing And Discontinued Operation": -7798000.0,
        "Total Expenses": 7798000.0,
        "Total Operating Income As Reported": -7798000.0,
        "Diluted Average Shares": NaN,
        "Basic Average Shares": NaN,
        "Diluted EPS": NaN,
        "Basic EPS": NaN,
        "Diluted NI Availto Com Stockholders": -7798000.0,
        "Net Income Common Stockholders": -7798000.0,
        "Net Income": -7798000.0,
        "Net Income Including Noncontrolling Interests": -7798000.0,
        "Net Income Continuous Operations": -7798000.0,
        "Pretax Income": -7798000.0,
        "Operating Income": -7798000.0,
        "Operating Expense": 7798000.0,
        "Other Operating Expenses": NaN,
        "Research And Development": 3922000.0,
        "Selling General And Administration": 3876000.0,
        "General And Administrative Expense": 3876000.0,
        "Other Gand A": 3876000.0,
        "Total Revenue": 0.0,
        "Operating Revenue": 0.0
    },
    "2022-09-30": {
        "Tax Effect Of Unusual Items": NaN,
        "Tax Rate For Calcs": NaN,
        "Normalized EBITDA": NaN,
        "Net Income From Continuing Operation Net Minority Interest": NaN,
        "Reconciled Depreciation": NaN,
        "EBITDA": NaN,
        "EBIT": NaN,
        "Net Interest Income": NaN,
        "Interest Income": NaN,
        "Normalized Income": NaN,
        "Net Income From Continuing And Discontinued Operation": NaN,
        "Total Expenses": NaN,
        "Total Operating Income As Reported": NaN,
        "Diluted Average Shares": 21661544.0,
        "Basic Average Shares": 21661544.0,
        "Diluted EPS": -0.34,
        "Basic EPS": -0.34,
        "Diluted NI Availto Com Stockholders": NaN,
        "Net Income Common Stockholders": NaN,
        "Net Income": NaN,
        "Net Income Including Noncontrolling Interests": NaN,
        "Net Income Continuous Operations": NaN,
        "Pretax Income": NaN,
        "Net Non Operating Interest Income Expense": NaN,
        "Interest Income Non Operating": NaN,
        "Operating Income": NaN,
        "Operating Expense": NaN,
        "Other Operating Expenses": NaN,
        "Research And Development": NaN,
        "Selling General And Administration": NaN,
        "General And Administrative Expense": NaN,
        "Other Gand A": NaN,
        "Total Revenue": NaN,
        "Operating Revenue": NaN
    },
    "2022-06-30": {
        "Tax Effect Of Unusual Items": 0.0,
        "Tax Rate For Calcs": 0.0,
        "Normalized EBITDA": -6905000.0,
        "Net Income From Continuing Operation Net Minority Interest": -7179000.0,
        "Reconciled Depreciation": 274000.0,
        "EBITDA": -6905000.0,
        "EBIT": -7179000.0,
        "Normalized Income": -7179000.0,
        "Net Income From Continuing And Discontinued Operation": -7179000.0,
        "Total Expenses": 7179000.0,
        "Total Operating Income As Reported": -7179000.0,
        "Diluted Average Shares": 18828680.0,
        "Basic Average Shares": 18828680.0,
        "Diluted EPS": -0.38,
        "Basic EPS": -0.38,
        "Diluted NI Availto Com Stockholders": -7179000.0,
        "Net Income Common Stockholders": -7179000.0,
        "Net Income": -7179000.0,
        "Net Income Including Noncontrolling Interests": -7179000.0,
        "Net Income Continuous Operations": -7179000.0,
        "Pretax Income": -7179000.0,
        "Operating Income": -7179000.0,
        "Operating Expense": 7179000.0,
        "Other Operating Expenses": NaN,
        "Research And Development": 3504000.0,
        "Selling General And Administration": 3675000.0,
        "General And Administrative Expense": 3675000.0,
        "Other Gand A": 3675000.0,
        "Total Revenue": 0.0,
        "Operating Revenue": 0.0
    },
    "2022-03-31": {
        "Diluted EPS": -0.33,
        "Total Revenue": NaN,
        "Gross Profit": NaN,
        "Operating Income": -6,
        "EBIT": -6,
        "Net Income": -6
    },
    "2021-12-31": {
        "Diluted EPS": 0.6,
        "Total Revenue": NaN,
        "Gross Profit": NaN,
        "Operating Income": -6,
        "EBIT": -6,
        "Net Income": -4
    },
    "2021-09-30": {
        "Diluted EPS": -0.25,
        "Total Revenue": NaN,
        "Gross Profit": NaN,
        "Operating Income": -3,
        "EBIT": -3,
        "Net Income": -3
    },
    "2021-06-30": {
        "Diluted EPS": -1.0,
        "Total Revenue": NaN,
        "Gross Profit": NaN,
        "Operating Income": -3,
        "EBIT": -3,
        "Net Income": -4
    },
    "2021-03-31": {
        "Diluted EPS": -0.82,
        "Total Revenue": NaN,
        "Gross Profit": NaN,
        "Operating Income": -2,
        "EBIT": -2,
        "Net Income": -3
    },
    "2020-12-31": {
        "Diluted EPS": 0.0,
        "Total Revenue": NaN,
        "Gross Profit": NaN,
        "Operating Income": NaN,
        "EBIT": NaN,
        "Net Income": NaN
    },
    "2020-09-30": {
        "Diluted EPS": -0.6,
        "Total Revenue": NaN,
        "Gross Profit": NaN,
        "Operating Income": -2,
        "EBIT": -2,
        "Net Income": -2
    },
    "2020-06-30": {
        "Diluted EPS": -0.92,
        "Total Revenue": NaN,
        "Gross Profit": NaN,
        "Operating Income": -3,
        "EBIT": -3,
        "Net Income": -3
    },
    "2019-12-31": {
        "Diluted EPS": 0.0,
        "Total Revenue": NaN,
        "Gross Profit": NaN,
        "Operating Income": NaN,
        "EBIT": NaN,
        "Net Income": NaN
    },
    "2023-06-30": {
        "Tax Effect Of Unusual Items": NaN,
        "Tax Rate For Calcs": NaN,
        "Normalized EBITDA": NaN,
        "Total Unusual Items": NaN,
        "Total Unusual Items Excluding Goodwill": NaN,
        "Net Income From Continuing Operation Net Minority Interest": NaN,
        "Reconciled Depreciation": NaN,
        "EBITDA": NaN,
        "EBIT": NaN,
        "Net Interest Income": NaN,
        "Interest Income": NaN,
        "Normalized Income": NaN,
        "Net Income From Continuing And Discontinued Operation": NaN,
        "Total Expenses": NaN,
        "Total Operating Income As Reported": NaN,
        "Diluted Average Shares": 28472346.0,
        "Basic Average Shares": 28472346.0,
        "Diluted EPS": -0.27,
        "Basic EPS": -0.27,
        "Diluted NI Availto Com Stockholders": NaN,
        "Net Income Common Stockholders": NaN,
        "Net Income": NaN,
        "Net Income Including Noncontrolling Interests": NaN,
        "Net Income Continuous Operations": NaN,
        "Pretax Income": NaN,
        "Other Income Expense": NaN,
        "Special Income Charges": NaN,
        "Restructuring And Mergern Acquisition": NaN,
        "Net Non Operating Interest Income Expense": NaN,
        "Interest Income Non Operating": NaN,
        "Operating Income": NaN,
        "Operating Expense": NaN,
        "Research And Development": NaN,
        "Selling General And Administration": NaN,
        "General And Administrative Expense": NaN,
        "Other Gand A": NaN,
        "Total Revenue": NaN,
        "Operating Revenue": NaN
    },
    "2023-09-30": {
        "Tax Effect Of Unusual Items": NaN,
        "Tax Rate For Calcs": NaN,
        "Normalized EBITDA": NaN,
        "Total Unusual Items": 0.0,
        "Total Unusual Items Excluding Goodwill": 0.0,
        "Net Income From Continuing Operation Net Minority Interest": NaN,
        "Reconciled Depreciation": NaN,
        "EBITDA": NaN,
        "EBIT": NaN,
        "Net Interest Income": 0.0,
        "Interest Income": 0.0,
        "Normalized Income": NaN,
        "Net Income From Continuing And Discontinued Operation": NaN,
        "Total Expenses": NaN,
        "Total Operating Income As Reported": NaN,
        "Diluted Average Shares": 31545783.0,
        "Basic Average Shares": 31545783.0,
        "Diluted EPS": -0.23,
        "Basic EPS": -0.23,
        "Diluted NI Availto Com Stockholders": NaN,
        "Net Income Common Stockholders": NaN,
        "Net Income": NaN,
        "Net Income Including Noncontrolling Interests": NaN,
        "Net Income Continuous Operations": NaN,
        "Pretax Income": NaN,
        "Other Income Expense": NaN,
        "Special Income Charges": 0.0,
        "Restructuring And Mergern Acquisition": 0.0,
        "Net Non Operating Interest Income Expense": 0.0,
        "Interest Income Non Operating": 0.0,
        "Operating Income": NaN,
        "Operating Expense": NaN,
        "Research And Development": NaN,
        "Selling General And Administration": NaN,
        "General And Administrative Expense": NaN,
        "Other Gand A": NaN,
        "Total Revenue": NaN,
        "Operating Revenue": NaN
    },
    "2023-12-31": {
        "Tax Effect Of Unusual Items": 0.0,
        "Tax Rate For Calcs": 0.0,
        "Normalized EBITDA": -7301000.0,
        "Total Unusual Items": NaN,
        "Total Unusual Items Excluding Goodwill": NaN,
        "Net Income From Continuing Operation Net Minority Interest": -7598000.0,
        "Reconciled Depreciation": 627000.0,
        "EBITDA": -7301000.0,
        "EBIT": -7928000.0,
        "Net Interest Income": NaN,
        "Interest Income": NaN,
        "Normalized Income": -7598000.0,
        "Net Income From Continuing And Discontinued Operation": -7598000.0,
        "Total Expenses": 7928000.0,
        "Total Operating Income As Reported": -7928000.0,
        "Diluted Average Shares": NaN,
        "Basic Average Shares": NaN,
        "Diluted EPS": NaN,
        "Basic EPS": NaN,
        "Diluted NI Availto Com Stockholders": -7598000.0,
        "Net Income Common Stockholders": -7598000.0,
        "Net Income": -7598000.0,
        "Net Income Including Noncontrolling Interests": -7598000.0,
        "Net Income Continuous Operations": -7598000.0,
        "Pretax Income": -7598000.0,
        "Other Income Expense": NaN,
        "Special Income Charges": NaN,
        "Restructuring And Mergern Acquisition": NaN,
        "Net Non Operating Interest Income Expense": NaN,
        "Interest Income Non Operating": NaN,
        "Operating Income": -7928000.0,
        "Operating Expense": 7928000.0,
        "Research And Development": 4522000.0,
        "Selling General And Administration": 3076000.0,
        "General And Administrative Expense": 3076000.0,
        "Other Gand A": 3076000.0,
        "Total Revenue": 0.0,
        "Operating Revenue": 0.0
    },
    "2024-03-31": {
        "Tax Effect Of Unusual Items": 0.0,
        "Tax Rate For Calcs": 0.0,
        "Normalized EBITDA": -8013000.0,
        "Total Unusual Items": NaN,
        "Total Unusual Items Excluding Goodwill": NaN,
        "Net Income From Continuing Operation Net Minority Interest": -8562000.0,
        "Reconciled Depreciation": 632000.0,
        "EBITDA": -8013000.0,
        "EBIT": -8645000.0,
        "Net Interest Income": 83000.0,
        "Interest Income": 83000.0,
        "Normalized Income": -8562000.0,
        "Net Income From Continuing And Discontinued Operation": -8562000.0,
        "Total Expenses": 8645000.0,
        "Total Operating Income As Reported": -8562000.0,
        "Diluted Average Shares": 43287325.0,
        "Basic Average Shares": 43287325.0,
        "Diluted EPS": -0.2,
        "Basic EPS": -0.2,
        "Diluted NI Availto Com Stockholders": -8562000.0,
        "Net Income Common Stockholders": -8562000.0,
        "Net Income": -8562000.0,
        "Net Income Including Noncontrolling Interests": -8562000.0,
        "Net Income Continuous Operations": -8562000.0,
        "Pretax Income": -8562000.0,
        "Other Income Expense": NaN,
        "Special Income Charges": NaN,
        "Restructuring And Mergern Acquisition": NaN,
        "Net Non Operating Interest Income Expense": 83000.0,
        "Interest Income Non Operating": 83000.0,
        "Operating Income": -8645000.0,
        "Operating Expense": 8645000.0,
        "Research And Development": 4903000.0,
        "Selling General And Administration": 3742000.0,
        "General And Administrative Expense": 3742000.0,
        "Other Gand A": 3742000.0,
        "Total Revenue": 0.0,
        "Operating Revenue": 0.0
    },
    "2024-06-30": {
        "Tax Effect Of Unusual Items": 0.0,
        "Tax Rate For Calcs": 0.0,
        "Normalized EBITDA": -8058000.0,
        "Total Unusual Items": NaN,
        "Total Unusual Items Excluding Goodwill": NaN,
        "Net Income From Continuing Operation Net Minority Interest": -8629000.0,
        "Reconciled Depreciation": 631000.0,
        "EBITDA": -8058000.0,
        "EBIT": -8689000.0,
        "Net Interest Income": 60000.0,
        "Interest Income": 60000.0,
        "Normalized Income": -8629000.0,
        "Net Income From Continuing And Discontinued Operation": -8629000.0,
        "Total Expenses": 8689000.0,
        "Total Operating Income As Reported": -8629000.0,
        "Diluted Average Shares": 45126064.0,
        "Basic Average Shares": 45126064.0,
        "Diluted EPS": -0.19,
        "Basic EPS": -0.19,
        "Diluted NI Availto Com Stockholders": -8629000.0,
        "Net Income Common Stockholders": -8629000.0,
        "Net Income": -8629000.0,
        "Net Income Including Noncontrolling Interests": -8629000.0,
        "Net Income Continuous Operations": -8629000.0,
        "Pretax Income": -8629000.0,
        "Other Income Expense": NaN,
        "Special Income Charges": NaN,
        "Restructuring And Mergern Acquisition": NaN,
        "Net Non Operating Interest Income Expense": 60000.0,
        "Interest Income Non Operating": 60000.0,
        "Operating Income": -8689000.0,
        "Operating Expense": 8689000.0,
        "Research And Development": 5156000.0,
        "Selling General And Administration": 3533000.0,
        "General And Administrative Expense": 3533000.0,
        "Other Gand A": 3533000.0,
        "Total Revenue": 0.0,
        "Operating Revenue": 0.0
    },
    "2024-09-30": {
        "Tax Effect Of Unusual Items": 0.0,
        "Tax Rate For Calcs": 0.0,
        "Normalized EBITDA": -4283000.0,
        "Total Unusual Items": -1068000.0,
        "Total Unusual Items Excluding Goodwill": -1068000.0,
        "Net Income From Continuing Operation Net Minority Interest": -7086000.0,
        "Reconciled Depreciation": 690000.0,
        "EBITDA": -5351000.0,
        "EBIT": -6041000.0,
        "Net Interest Income": 23000.0,
        "Interest Income": 23000.0,
        "Normalized Income": -6018000.0,
        "Net Income From Continuing And Discontinued Operation": -7086000.0,
        "Total Expenses": 6041000.0,
        "Total Operating Income As Reported": -7086000.0,
        "Diluted Average Shares": 47321394.0,
        "Basic Average Shares": 47321394.0,
        "Diluted EPS": -0.15,
        "Basic EPS": -0.15,
        "Diluted NI Availto Com Stockholders": -7086000.0,
        "Net Income Common Stockholders": -7086000.0,
        "Net Income": -7086000.0,
        "Net Income Including Noncontrolling Interests": -7086000.0,
        "Net Income Continuous Operations": -7086000.0,
        "Pretax Income": -7086000.0,
        "Other Income Expense": -1068000.0,
        "Special Income Charges": -1068000.0,
        "Restructuring And Mergern Acquisition": 1068000.0,
        "Net Non Operating Interest Income Expense": 23000.0,
        "Interest Income Non Operating": 23000.0,
        "Operating Income": -6041000.0,
        "Operating Expense": 6041000.0,
        "Research And Development": 3309000.0,
        "Selling General And Administration": 2732000.0,
        "General And Administrative Expense": 2732000.0,
        "Other Gand A": 2732000.0,
        "Total Revenue": 0.0,
        "Operating Revenue": 0.0
    },
    "2024-12-31": {
        "Tax Effect Of Unusual Items": 0.0,
        "Tax Rate For Calcs": 0.0,
        "Normalized EBITDA": -5522000.0,
        "Total Unusual Items": 0.0,
        "Total Unusual Items Excluding Goodwill": 0.0,
        "Net Income From Continuing Operation Net Minority Interest": -6160000.0,
        "Reconciled Depreciation": 702000.0,
        "EBITDA": -5522000.0,
        "EBIT": -6224000.0,
        "Net Interest Income": 64000.0,
        "Interest Income": 64000.0,
        "Normalized Income": -6160000.0,
        "Net Income From Continuing And Discontinued Operation": -6160000.0,
        "Total Expenses": 6224000.0,
        "Total Operating Income As Reported": -6160000.0,
        "Diluted Average Shares": NaN,
        "Basic Average Shares": NaN,
        "Diluted EPS": NaN,
        "Basic EPS": NaN,
        "Diluted NI Availto Com Stockholders": -6160000.0,
        "Net Income Common Stockholders": -6160000.0,
        "Net Income": -6160000.0,
        "Net Income Including Noncontrolling Interests": -6160000.0,
        "Net Income Continuous Operations": -6160000.0,
        "Pretax Income": -6160000.0,
        "Other Income Expense": 0.0,
        "Special Income Charges": 0.0,
        "Restructuring And Mergern Acquisition": 0.0,
        "Net Non Operating Interest Income Expense": 64000.0,
        "Interest Income Non Operating": 64000.0,
        "Operating Income": -6224000.0,
        "Operating Expense": 6224000.0,
        "Research And Development": 3594000.0,
        "Selling General And Administration": 2630000.0,
        "General And Administrative Expense": 2630000.0,
        "Other Gand A": 2630000.0,
        "Total Revenue": 0.0,
        "Operating Revenue": 0.0
    }
}