{
    "2023-06-30": {
        "Tax Effect Of Unusual Items": 0.0,
        "Tax Rate For Calcs": 0.21,
        "Net Income From Continuing Operation Net Minority Interest": 3882000.0,
        "Reconciled Depreciation": 1860000.0,
        "Net Interest Income": 18145000.0,
        "Interest Expense": 39977000.0,
        "Interest Income": 58122000.0,
        "Normalized Income": 3882000.0,
        "Net Income From Continuing And Discontinued Operation": 3882000.0,
        "Diluted Average Shares": 8908180.0,
        "Basic Average Shares": 8903213.0,
        "Diluted EPS": 0.44,
        "Basic EPS": 0.44,
        "Diluted NI Availto Com Stockholders": 3882000.0,
        "Net Income Common Stockholders": 3882000.0,
        "Net Income": 3882000.0,
        "Net Income Including Noncontrolling Interests": 3882000.0,
        "Net Income Continuous Operations": 3882000.0,
        "Tax Provision": -234000.0,
        "Pretax Income": 3648000.0,
        "Gain On Sale Of Security": 0.0,
        "Selling General And Administration": 12347000.0,
        "Selling And Marketing Expense": 705000.0,
        "General And Administrative Expense": 11642000.0,
        "Other Gand A": NaN,
        "Insurance And Claims": 936000.0,
        "Salaries And Wages": 10706000.0,
        "Total Revenue": 22944000.0,
        "Operating Revenue": 22944000.0,
        "Occupancy And Equipment": 2661000.0,
        "Professional Expense And Contract Services Expense": 711000.0,
        "Other Non Interest Expense": 1879000.0
    },
    "2023-03-31": {
        "Tax Effect Of Unusual Items": 0.0,
        "Tax Rate For Calcs": 0.21,
        "Total Unusual Items": NaN,
        "Total Unusual Items Excluding Goodwill": NaN,
        "Net Income From Continuing Operation Net Minority Interest": -3017000.0,
        "Reconciled Depreciation": 1058000.0,
        "Net Interest Income": 19574000.0,
        "Interest Expense": 32459000.0,
        "Interest Income": 52033000.0,
        "Normalized Income": -3017000.0,
        "Net Income From Continuing And Discontinued Operation": -3017000.0,
        "Diluted Average Shares": 9051890.0,
        "Basic Average Shares": 9024072.0,
        "Diluted EPS": -0.14,
        "Basic EPS": -0.14,
        "Diluted NI Availto Com Stockholders": -3017000.0,
        "Net Income Common Stockholders": -3017000.0,
        "Net Income": -3017000.0,
        "Net Income Including Noncontrolling Interests": -3017000.0,
        "Net Income Continuous Operations": -3017000.0,
        "Tax Provision": -2332000.0,
        "Pretax Income": -5349000.0,
        "Special Income Charges": NaN,
        "Gain On Sale Of Security": 0.0,
        "Selling General And Administration": 13181000.0,
        "Selling And Marketing Expense": 844000.0,
        "General And Administrative Expense": 12337000.0,
        "Other Gand A": NaN,
        "Insurance And Claims": 543000.0,
        "Salaries And Wages": 11794000.0,
        "Total Revenue": 23043000.0,
        "Operating Revenue": 23043000.0,
        "Occupancy And Equipment": 2777000.0,
        "Professional Expense And Contract Services Expense": 926000.0,
        "Other Non Interest Expense": 2093000.0
    },
    "2022-12-31": {
        "Tax Effect Of Unusual Items": NaN,
        "Tax Rate For Calcs": NaN,
        "Total Unusual Items": 0.0,
        "Total Unusual Items Excluding Goodwill": 0.0,
        "Net Income From Continuing Operation Net Minority Interest": NaN,
        "Reconciled Depreciation": NaN,
        "Net Interest Income": NaN,
        "Interest Expense": NaN,
        "Interest Income": NaN,
        "Normalized Income": NaN,
        "Net Income From Continuing And Discontinued Operation": NaN,
        "Diluted Average Shares": NaN,
        "Basic Average Shares": NaN,
        "Diluted EPS": NaN,
        "Basic EPS": NaN,
        "Diluted NI Availto Com Stockholders": NaN,
        "Net Income Common Stockholders": NaN,
        "Net Income": NaN,
        "Net Income Including Noncontrolling Interests": NaN,
        "Net Income Continuous Operations": NaN,
        "Tax Provision": NaN,
        "Pretax Income": NaN,
        "Special Income Charges": 0.0,
        "Gain On Sale Of Security": NaN,
        "Selling General And Administration": NaN,
        "Selling And Marketing Expense": NaN,
        "General And Administrative Expense": NaN,
        "Other Gand A": NaN,
        "Insurance And Claims": NaN,
        "Salaries And Wages": NaN,
        "Total Revenue": NaN,
        "Operating Revenue": NaN,
        "Occupancy And Equipment": NaN,
        "Professional Expense And Contract Services Expense": NaN,
        "Other Non Interest Expense": NaN
    },
    "2022-09-30": {
        "Tax Effect Of Unusual Items": NaN,
        "Tax Rate For Calcs": NaN,
        "Total Unusual Items": 0.0,
        "Total Unusual Items Excluding Goodwill": 0.0,
        "Net Income From Continuing Operation Net Minority Interest": NaN,
        "Reconciled Depreciation": NaN,
        "Net Interest Income": NaN,
        "Interest Expense": NaN,
        "Interest Income": NaN,
        "Normalized Income": NaN,
        "Net Income From Continuing And Discontinued Operation": NaN,
        "Diluted Average Shares": NaN,
        "Basic Average Shares": NaN,
        "Diluted EPS": NaN,
        "Basic EPS": NaN,
        "Diluted NI Availto Com Stockholders": NaN,
        "Net Income Common Stockholders": NaN,
        "Net Income": NaN,
        "Net Income Including Noncontrolling Interests": NaN,
        "Net Income Continuous Operations": NaN,
        "Tax Provision": NaN,
        "Pretax Income": NaN,
        "Special Income Charges": 0.0,
        "Gain On Sale Of Security": 0.0,
        "Selling General And Administration": NaN,
        "Selling And Marketing Expense": NaN,
        "General And Administrative Expense": NaN,
        "Other Gand A": 483000.0,
        "Insurance And Claims": NaN,
        "Salaries And Wages": NaN,
        "Total Revenue": NaN,
        "Operating Revenue": NaN
    },
    "2022-06-30": {
        "Tax Effect Of Unusual Items": 0.0,
        "Tax Rate For Calcs": 0.118,
        "Total Unusual Items": 0.0,
        "Total Unusual Items Excluding Goodwill": 0.0,
        "Net Income From Continuing Operation Net Minority Interest": 9545000.0,
        "Reconciled Depreciation": -3117000.0,
        "Net Interest Income": 25680000.0,
        "Interest Expense": 10426000.0,
        "Interest Income": 36106000.0,
        "Normalized Income": 9545000.0,
        "Net Income From Continuing And Discontinued Operation": 9545000.0,
        "Diluted Average Shares": 9658689.0,
        "Basic Average Shares": 9600383.0,
        "Diluted EPS": 0.99,
        "Basic EPS": 0.99,
        "Diluted NI Availto Com Stockholders": 9545000.0,
        "Net Income Common Stockholders": 9545000.0,
        "Net Income": 9545000.0,
        "Net Income Including Noncontrolling Interests": 9545000.0,
        "Net Income Continuous Operations": 9545000.0,
        "Tax Provision": 1279000.0,
        "Pretax Income": 10824000.0,
        "Special Income Charges": 0.0,
        "Selling General And Administration": 12529000.0,
        "Selling And Marketing Expense": 920000.0,
        "General And Administrative Expense": 11609000.0,
        "Other Gand A": 490000.0,
        "Insurance And Claims": 287000.0,
        "Salaries And Wages": 10832000.0,
        "Total Revenue": 29301000.0,
        "Operating Revenue": 29301000.0
    },
    "2022-03-31": {
        "Diluted EPS": 1.14,
        "Total Revenue": 43,
        "Gross Profit": 33,
        "Operating Income": 13,
        "EBIT": NaN,
        "Net Income": 11
    },
    "2021-12-31": {
        "Diluted EPS": 1.25,
        "Total Revenue": 42,
        "Gross Profit": 31,
        "Operating Income": 14,
        "EBIT": NaN,
        "Net Income": 12
    },
    "2021-09-30": {
        "Diluted EPS": 1.21,
        "Total Revenue": 41,
        "Gross Profit": 29,
        "Operating Income": 14,
        "EBIT": NaN,
        "Net Income": 12
    },
    "2021-06-30": {
        "Diluted EPS": 1.31,
        "Total Revenue": 42,
        "Gross Profit": 31,
        "Operating Income": 15,
        "EBIT": NaN,
        "Net Income": 13
    },
    "2021-03-31": {
        "Diluted EPS": 1.05,
        "Total Revenue": 42,
        "Gross Profit": 29,
        "Operating Income": 12,
        "EBIT": NaN,
        "Net Income": 10
    },
    "2020-12-31": {
        "Diluted EPS": 1.11,
        "Total Revenue": 46,
        "Gross Profit": 32,
        "Operating Income": 14,
        "EBIT": NaN,
        "Net Income": 11
    },
    "2020-09-30": {
        "Diluted EPS": 0.86,
        "Total Revenue": 45,
        "Gross Profit": 29,
        "Operating Income": 12,
        "EBIT": NaN,
        "Net Income": 8
    },
    "2020-06-30": {
        "Diluted EPS": 0.4,
        "Total Revenue": 39,
        "Gross Profit": 19,
        "Operating Income": 4,
        "EBIT": NaN,
        "Net Income": 4
    },
    "2020-03-31": {
        "Diluted EPS": 0.62,
        "Total Revenue": 42,
        "Gross Profit": 21,
        "Operating Income": 6,
        "EBIT": NaN,
        "Net Income": 6
    },
    "2019-12-31": {
        "Diluted EPS": 0.72,
        "Total Revenue": 43,
        "Gross Profit": 21,
        "Operating Income": 8,
        "EBIT": NaN,
        "Net Income": 7
    },
    "2019-09-30": {
        "Diluted EPS": 0.63,
        "Total Revenue": 43,
        "Gross Profit": 21,
        "Operating Income": 7,
        "EBIT": NaN,
        "Net Income": 6
    },
    "2019-06-30": {
        "Diluted EPS": 0.6,
        "Total Revenue": 40,
        "Gross Profit": 20,
        "Operating Income": 6,
        "EBIT": NaN,
        "Net Income": 6
    },
    "2019-03-31": {
        "Diluted EPS": 0.56,
        "Total Revenue": 37,
        "Gross Profit": 19,
        "Operating Income": 6,
        "EBIT": NaN,
        "Net Income": 6
    },
    "2018-12-31": {
        "Diluted EPS": 0.31,
        "Total Revenue": 34,
        "Gross Profit": 17,
        "Operating Income": 6,
        "EBIT": NaN,
        "Net Income": 4
    },
    "2018-09-30": {
        "Diluted EPS": 0.61,
        "Total Revenue": 32,
        "Gross Profit": 18,
        "Operating Income": 7,
        "EBIT": NaN,
        "Net Income": 6
    },
    "2018-06-30": {
        "Diluted EPS": 0.67,
        "Total Revenue": 30,
        "Gross Profit": 18,
        "Operating Income": 7,
        "EBIT": NaN,
        "Net Income": 6
    },
    "2018-03-31": {
        "Diluted EPS": 0.71,
        "Total Revenue": 29,
        "Gross Profit": 18,
        "Operating Income": 7,
        "EBIT": NaN,
        "Net Income": 6
    },
    "2017-12-31": {
        "Diluted EPS": 0.38,
        "Total Revenue": 27,
        "Gross Profit": 18,
        "Operating Income": 7,
        "EBIT": NaN,
        "Net Income": 3
    },
    "2017-09-30": {
        "Diluted EPS": 0.71,
        "Total Revenue": 26,
        "Gross Profit": 17,
        "Operating Income": 7,
        "EBIT": NaN,
        "Net Income": 5
    },
    "2017-06-30": {
        "Diluted EPS": 0.61,
        "Total Revenue": 23,
        "Gross Profit": 16,
        "Operating Income": 5,
        "EBIT": NaN,
        "Net Income": 4
    },
    "2017-03-31": {
        "Diluted EPS": 0.43,
        "Total Revenue": 20,
        "Gross Profit": 14,
        "Operating Income": 4,
        "EBIT": NaN,
        "Net Income": 3
    },
    "2016-12-31": {
        "Diluted EPS": 0.65,
        "Total Revenue": 20,
        "Gross Profit": 14,
        "Operating Income": 5,
        "EBIT": NaN,
        "Net Income": 4
    },
    "2016-09-30": {
        "Diluted EPS": 0.55,
        "Total Revenue": 20,
        "Gross Profit": 15,
        "Operating Income": 5,
        "EBIT": NaN,
        "Net Income": 3
    },
    "2016-06-30": {
        "Diluted EPS": 0.57,
        "Total Revenue": 18,
        "Gross Profit": 13,
        "Operating Income": 4,
        "EBIT": NaN,
        "Net Income": 3
    },
    "2016-03-31": {
        "Diluted EPS": 0.53,
        "Total Revenue": 15,
        "Gross Profit": 12,
        "Operating Income": 4,
        "EBIT": NaN,
        "Net Income": 2
    },
    "2015-12-31": {
        "Diluted EPS": 0.49,
        "Total Revenue": 14,
        "Gross Profit": 11,
        "Operating Income": 3,
        "EBIT": NaN,
        "Net Income": 2
    },
    "2015-09-30": {
        "Diluted EPS": 0.51,
        "Total Revenue": 13,
        "Gross Profit": 10,
        "Operating Income": 4,
        "EBIT": NaN,
        "Net Income": 2
    },
    "2015-06-30": {
        "Diluted EPS": 0.5,
        "Total Revenue": 13,
        "Gross Profit": 10,
        "Operating Income": 3,
        "EBIT": NaN,
        "Net Income": 2
    },
    "2015-03-31": {
        "Diluted EPS": 0.46,
        "Total Revenue": 12,
        "Gross Profit": 10,
        "Operating Income": 3,
        "EBIT": NaN,
        "Net Income": 2
    },
    "2014-12-31": {
        "Diluted EPS": 0.33,
        "Total Revenue": 11,
        "Gross Profit": 8,
        "Operating Income": 2,
        "EBIT": NaN,
        "Net Income": 1
    },
    "2014-09-30": {
        "Diluted EPS": 0.28,
        "Total Revenue": 10,
        "Gross Profit": 8,
        "Operating Income": 2,
        "EBIT": NaN,
        "Net Income": 1
    },
    "2014-06-30": {
        "Diluted EPS": 0.22,
        "Total Revenue": 9,
        "Gross Profit": 7,
        "Operating Income": 2,
        "EBIT": NaN,
        "Net Income": 1
    },
    "2014-03-31": {
        "Diluted EPS": 0.13,
        "Total Revenue": 9,
        "Gross Profit": 6,
        "Operating Income": 1,
        "EBIT": NaN,
        "Net Income": 1
    },
    "2013-12-31": {
        "Diluted EPS": 0.15,
        "Total Revenue": 8,
        "Gross Profit": 6,
        "Operating Income": 1,
        "EBIT": NaN,
        "Net Income": 1
    },
    "2013-09-30": {
        "Diluted EPS": 0.25,
        "Total Revenue": 8,
        "Gross Profit": 6,
        "Operating Income": 1,
        "EBIT": NaN,
        "Net Income": 1
    },
    "2013-06-30": {
        "Diluted EPS": 0.59,
        "Total Revenue": 10,
        "Gross Profit": 8,
        "Operating Income": 2,
        "EBIT": NaN,
        "Net Income": 2
    },
    "2013-03-31": {
        "Diluted EPS": 0.52,
        "Total Revenue": 9,
        "Gross Profit": 7,
        "Operating Income": 2,
        "EBIT": NaN,
        "Net Income": 1
    },
    "2012-12-31": {
        "Diluted EPS": 0.54,
        "Total Revenue": 10,
        "Gross Profit": 8,
        "Operating Income": 1,
        "EBIT": NaN,
        "Net Income": 2
    },
    "2012-09-30": {
        "Diluted EPS": 0.57,
        "Total Revenue": 10,
        "Gross Profit": 7,
        "Operating Income": 2,
        "EBIT": NaN,
        "Net Income": 2
    },
    "2012-06-30": {
        "Diluted EPS": 0.45,
        "Total Revenue": 8,
        "Gross Profit": 6,
        "Operating Income": 2,
        "EBIT": NaN,
        "Net Income": 1
    },
    "2012-03-31": {
        "Diluted EPS": 0.4,
        "Total Revenue": 8,
        "Gross Profit": 6,
        "Operating Income": 2,
        "EBIT": NaN,
        "Net Income": 1
    },
    "2011-12-31": {
        "Diluted EPS": 0.0,
        "Total Revenue": NaN,
        "Gross Profit": NaN,
        "Operating Income": NaN,
        "EBIT": NaN,
        "Net Income": NaN
    },
    "2023-09-30": {
        "Tax Effect Of Unusual Items": NaN,
        "Tax Rate For Calcs": NaN,
        "Net Income From Continuing Operation Net Minority Interest": NaN,
        "Reconciled Depreciation": NaN,
        "Net Interest Income": NaN,
        "Interest Expense": NaN,
        "Interest Income": NaN,
        "Normalized Income": NaN,
        "Net Income From Continuing And Discontinued Operation": NaN,
        "Diluted Average Shares": NaN,
        "Basic Average Shares": NaN,
        "Diluted EPS": NaN,
        "Basic EPS": NaN,
        "Diluted NI Availto Com Stockholders": NaN,
        "Net Income Common Stockholders": NaN,
        "Net Income": NaN,
        "Net Income Including Noncontrolling Interests": NaN,
        "Net Income Continuous Operations": NaN,
        "Tax Provision": NaN,
        "Pretax Income": NaN,
        "Gain On Sale Of Security": NaN,
        "Selling General And Administration": NaN,
        "Selling And Marketing Expense": NaN,
        "General And Administrative Expense": NaN,
        "Other Gand A": 701000.0,
        "Insurance And Claims": NaN,
        "Salaries And Wages": NaN,
        "Total Revenue": NaN,
        "Operating Revenue": NaN,
        "Occupancy And Equipment": NaN,
        "Professional Expense And Contract Services Expense": NaN,
        "Other Non Interest Expense": NaN
    },
    "2023-12-31": {
        "Tax Effect Of Unusual Items": 0.0,
        "Tax Rate For Calcs": 0.21,
        "Net Income From Continuing Operation Net Minority Interest": 4143000.0,
        "Reconciled Depreciation": 2729000.0,
        "Net Interest Income": 19807000.0,
        "Interest Expense": 46465000.0,
        "Interest Income": 66272000.0,
        "Normalized Income": 4143000.0,
        "Net Income From Continuing And Discontinued Operation": 4143000.0,
        "Diluted Average Shares": 8720078.0,
        "Basic Average Shares": 8683331.0,
        "Diluted EPS": 0.48,
        "Basic EPS": 0.48,
        "Diluted NI Availto Com Stockholders": 4143000.0,
        "Net Income Common Stockholders": 4143000.0,
        "Net Income": 4143000.0,
        "Net Income Including Noncontrolling Interests": 4143000.0,
        "Net Income Continuous Operations": 4143000.0,
        "Tax Provision": -585000.0,
        "Pretax Income": 3558000.0,
        "Gain On Sale Of Security": 27000.0,
        "Selling General And Administration": 11027000.0,
        "Selling And Marketing Expense": 518000.0,
        "General And Administrative Expense": 10509000.0,
        "Other Gand A": NaN,
        "Insurance And Claims": 1334000.0,
        "Salaries And Wages": 11055000.0,
        "Total Revenue": 25864000.0,
        "Operating Revenue": 25864000.0,
        "Occupancy And Equipment": 2846000.0,
        "Professional Expense And Contract Services Expense": 893000.0,
        "Other Non Interest Expense": 3919000.0
    },
    "2024-03-31": {
        "Tax Effect Of Unusual Items": 0.0,
        "Tax Rate For Calcs": 0.076471,
        "Net Income From Continuing Operation Net Minority Interest": 5181000.0,
        "Reconciled Depreciation": 1866000.0,
        "Net Interest Income": 20734000.0,
        "Interest Expense": 47431000.0,
        "Interest Income": 68165000.0,
        "Normalized Income": 5181000.0,
        "Net Income From Continuing And Discontinued Operation": 5181000.0,
        "Diluted Average Shares": 8750297.0,
        "Basic Average Shares": 8679429.0,
        "Diluted EPS": 0.59,
        "Basic EPS": 0.6,
        "Diluted NI Availto Com Stockholders": 5181000.0,
        "Net Income Common Stockholders": 5181000.0,
        "Net Income": 5181000.0,
        "Net Income Including Noncontrolling Interests": 5181000.0,
        "Net Income Continuous Operations": 5181000.0,
        "Tax Provision": 429000.0,
        "Pretax Income": 5610000.0,
        "Gain On Sale Of Security": 62000.0,
        "Selling General And Administration": 13677000.0,
        "Selling And Marketing Expense": 736000.0,
        "General And Administrative Expense": 12941000.0,
        "Other Gand A": NaN,
        "Insurance And Claims": 1145000.0,
        "Salaries And Wages": 11796000.0,
        "Total Revenue": 27698000.0,
        "Operating Revenue": 27698000.0,
        "Occupancy And Equipment": 2826000.0,
        "Professional Expense And Contract Services Expense": 853000.0,
        "Other Non Interest Expense": 2222000.0
    },
    "2024-06-30": {
        "Tax Effect Of Unusual Items": 0.0,
        "Tax Rate For Calcs": 0.036,
        "Net Income From Continuing Operation Net Minority Interest": 5775000.0,
        "Reconciled Depreciation": 1980000.0,
        "Net Interest Income": 21327000.0,
        "Interest Expense": 49634000.0,
        "Interest Income": 70961000.0,
        "Normalized Income": 5775000.0,
        "Net Income From Continuing And Discontinued Operation": 5775000.0,
        "Diluted Average Shares": 8656215.0,
        "Basic Average Shares": 8594315.0,
        "Diluted EPS": 0.67,
        "Basic EPS": 0.67,
        "Diluted NI Availto Com Stockholders": 5775000.0,
        "Net Income Common Stockholders": 5775000.0,
        "Net Income": 5775000.0,
        "Net Income Including Noncontrolling Interests": 5775000.0,
        "Net Income Continuous Operations": 5775000.0,
        "Tax Provision": 218000.0,
        "Pretax Income": 5993000.0,
        "Gain On Sale Of Security": 2000.0,
        "Selling General And Administration": 14243000.0,
        "Selling And Marketing Expense": 609000.0,
        "General And Administrative Expense": 13634000.0,
        "Other Gand A": NaN,
        "Insurance And Claims": 1172000.0,
        "Salaries And Wages": 12462000.0,
        "Total Revenue": 30765000.0,
        "Operating Revenue": 30765000.0,
        "Occupancy And Equipment": 3154000.0,
        "Professional Expense And Contract Services Expense": 1022000.0,
        "Other Non Interest Expense": 2320000.0
    },
    "2024-09-30": {
        "Tax Effect Of Unusual Items": 0.0,
        "Tax Rate For Calcs": 0.081,
        "Net Income From Continuing Operation Net Minority Interest": 6990000.0,
        "Reconciled Depreciation": 2184000.0,
        "Net Interest Income": 21765000.0,
        "Interest Expense": 53225000.0,
        "Interest Income": 74990000.0,
        "Normalized Income": 6990000.0,
        "Net Income From Continuing And Discontinued Operation": 6990000.0,
        "Diluted Average Shares": 8768731.0,
        "Basic Average Shares": 8696634.0,
        "Diluted EPS": 0.8,
        "Basic EPS": 0.8,
        "Diluted NI Availto Com Stockholders": 6990000.0,
        "Net Income Common Stockholders": 6990000.0,
        "Net Income": 6990000.0,
        "Net Income Including Noncontrolling Interests": 6990000.0,
        "Net Income Continuous Operations": 6990000.0,
        "Tax Provision": 620000.0,
        "Pretax Income": 7610000.0,
        "Gain On Sale Of Security": 29000.0,
        "Selling General And Administration": 15223000.0,
        "Selling And Marketing Expense": 548000.0,
        "General And Administrative Expense": 14675000.0,
        "Other Gand A": NaN,
        "Insurance And Claims": 1219000.0,
        "Salaries And Wages": 13456000.0,
        "Total Revenue": 32299000.0,
        "Operating Revenue": 32299000.0,
        "Occupancy And Equipment": 2918000.0,
        "Professional Expense And Contract Services Expense": 902000.0,
        "Other Non Interest Expense": 2227000.0
    },
    "2024-12-31": {
        "Tax Effect Of Unusual Items": 0.0,
        "Tax Rate For Calcs": 0.119942,
        "Net Income From Continuing Operation Net Minority Interest": 7330000.0,
        "Reconciled Depreciation": 2430000.0,
        "Net Interest Income": 23551000.0,
        "Interest Expense": 54220000.0,
        "Interest Income": 77771000.0,
        "Normalized Income": 7330000.0,
        "Net Income From Continuing And Discontinued Operation": 7330000.0,
        "Diluted Average Shares": 8788793.0,
        "Basic Average Shares": 8696704.0,
        "Diluted EPS": 0.83,
        "Basic EPS": 0.84,
        "Diluted NI Availto Com Stockholders": 7330000.0,
        "Net Income Common Stockholders": 7330000.0,
        "Net Income": 7330000.0,
        "Net Income Including Noncontrolling Interests": 7330000.0,
        "Net Income Continuous Operations": 7330000.0,
        "Tax Provision": 999000.0,
        "Pretax Income": 8329000.0,
        "Gain On Sale Of Security": 46000.0,
        "Selling General And Administration": 16202000.0,
        "Selling And Marketing Expense": 696000.0,
        "General And Administrative Expense": 15506000.0,
        "Other Gand A": NaN,
        "Insurance And Claims": 1464000.0,
        "Salaries And Wages": 14042000.0,
        "Total Revenue": 38152000.0,
        "Operating Revenue": 38152000.0,
        "Occupancy And Equipment": 3004000.0,
        "Professional Expense And Contract Services Expense": 967000.0,
        "Other Non Interest Expense": 2403000.0
    },
    "2025-03-31": {
        "Tax Effect Of Unusual Items": 0.0,
        "Tax Rate For Calcs": 0.21,
        "Net Income From Continuing Operation Net Minority Interest": 943000.0,
        "Reconciled Depreciation": 1070000.0,
        "Net Interest Income": 25096000.0,
        "Interest Expense": 51733000.0,
        "Interest Income": 76829000.0,
        "Normalized Income": 943000.0,
        "Net Income From Continuing And Discontinued Operation": 943000.0,
        "Diluted Average Shares": 8784970.0,
        "Basic Average Shares": 8715655.0,
        "Diluted EPS": 0.11,
        "Basic EPS": 0.11,
        "Diluted NI Availto Com Stockholders": 943000.0,
        "Net Income Common Stockholders": 943000.0,
        "Net Income": 943000.0,
        "Net Income Including Noncontrolling Interests": 943000.0,
        "Net Income Continuous Operations": 943000.0,
        "Tax Provision": -909000.0,
        "Pretax Income": 34000.0,
        "Gain On Sale Of Security": 20000.0,
        "Selling General And Administration": 15152000.0,
        "Selling And Marketing Expense": 647000.0,
        "General And Administrative Expense": 14505000.0,
        "Other Gand A": NaN,
        "Insurance And Claims": 1398000.0,
        "Salaries And Wages": 13107000.0,
        "Total Revenue": 34012000.0,
        "Operating Revenue": 34012000.0,
        "Occupancy And Equipment": 3115000.0,
        "Professional Expense And Contract Services Expense": 1228000.0,
        "Other Non Interest Expense": 2530000.0
    }
}