{
    "2023-03-31": {
        "Tax Effect Of Unusual Items": 920.0,
        "Tax Rate For Calcs": 0.23,
        "Normalized EBITDA": 10653000.0,
        "Total Unusual Items": 4000.0,
        "Total Unusual Items Excluding Goodwill": 4000.0,
        "Net Income From Continuing Operation Net Minority Interest": 214000.0,
        "Reconciled Depreciation": 3177000.0,
        "Reconciled Cost Of Revenue": 71848000.0,
        "EBITDA": 10657000.0,
        "EBIT": 7480000.0,
        "Net Interest Income": -4173000.0,
        "Interest Expense": 5706000.0,
        "Interest Income": 1533000.0,
        "Normalized Income": 210920.0,
        "Net Income From Continuing And Discontinued Operation": 214000.0,
        "Total Expenses": 98194000.0,
        "Total Operating Income As Reported": 5947000.0,
        "Diluted Average Shares": 42800000.0,
        "Basic Average Shares": 42800000.0,
        "Diluted EPS": 0.005,
        "Basic EPS": 0.005,
        "Diluted NI Availto Com Stockholders": 214000.0,
        "Net Income Common Stockholders": 214000.0,
        "Net Income": 214000.0,
        "Minority Interests": 122000.0,
        "Net Income Including Noncontrolling Interests": 92000.0,
        "Net Income Continuous Operations": 92000.0,
        "Tax Provision": 1682000.0,
        "Pretax Income": 1774000.0,
        "Other Income Expense": -2034000.0,
        "Other Non Operating Income Expenses": -2038000.0,
        "Gain On Sale Of Security": 4000.0,
        "Net Non Operating Interest Income Expense": -4173000.0,
        "Interest Expense Non Operating": 5706000.0,
        "Interest Income Non Operating": 1533000.0,
        "Operating Income": 7981000.0,
        "Operating Expense": 26346000.0,
        "Research And Development": 157000.0,
        "Selling General And Administration": 26189000.0,
        "Selling And Marketing Expense": 13570000.0,
        "General And Administrative Expense": 12619000.0,
        "Other Gand A": 11210000.0,
        "Salaries And Wages": 1409000.0,
        "Gross Profit": 34327000.0,
        "Cost Of Revenue": 71848000.0,
        "Total Revenue": 106175000.0,
        "Operating Revenue": 106175000.0
    },
    "2022-12-31": {
        "Tax Effect Of Unusual Items": 1685670.0,
        "Tax Rate For Calcs": 0.23,
        "Normalized EBITDA": -7510000.0,
        "Total Unusual Items": 7329000.0,
        "Total Unusual Items Excluding Goodwill": 7329000.0,
        "Net Income From Continuing Operation Net Minority Interest": 8551000.0,
        "Reconciled Depreciation": 4351000.0,
        "Reconciled Cost Of Revenue": 79746000.0,
        "EBITDA": -181000.0,
        "EBIT": -4532000.0,
        "Net Interest Income": -12581000.0,
        "Interest Expense": 4193000.0,
        "Interest Income": -8122000.0,
        "Normalized Income": 2907670.0,
        "Net Income From Continuing And Discontinued Operation": 8551000.0,
        "Total Expenses": 118907000.0,
        "Total Operating Income As Reported": -3470000.0,
        "Diluted Average Shares": NaN,
        "Basic Average Shares": NaN,
        "Diluted EPS": NaN,
        "Basic EPS": NaN,
        "Diluted NI Availto Com Stockholders": 8551000.0,
        "Net Income Common Stockholders": 8551000.0,
        "Net Income": 8551000.0,
        "Minority Interests": 3285000.0,
        "Net Income Including Noncontrolling Interests": 5266000.0,
        "Net Income Continuous Operations": 5266000.0,
        "Tax Provision": -13991000.0,
        "Pretax Income": -8725000.0,
        "Other Income Expense": 17157000.0,
        "Other Non Operating Income Expenses": 9828000.0,
        "Gain On Sale Of Security": 7329000.0,
        "Net Non Operating Interest Income Expense": -12581000.0,
        "Interest Expense Non Operating": 4193000.0,
        "Interest Income Non Operating": -8122000.0,
        "Operating Income": -13301000.0,
        "Operating Expense": 39161000.0,
        "Research And Development": 174000.0,
        "Selling General And Administration": 23054000.0,
        "Selling And Marketing Expense": -20578000.0,
        "General And Administrative Expense": 43632000.0,
        "Other Gand A": -15253000.0,
        "Salaries And Wages": 50741000.0,
        "Gross Profit": 25860000.0,
        "Cost Of Revenue": 79746000.0,
        "Total Revenue": 105606000.0,
        "Operating Revenue": 105606000.0
    },
    "2022-09-30": {
        "Tax Effect Of Unusual Items": -16448.145978,
        "Tax Rate For Calcs": 0.304595,
        "Normalized EBITDA": 16398000.0,
        "Total Unusual Items": -54000.0,
        "Total Unusual Items Excluding Goodwill": -54000.0,
        "Net Income From Continuing Operation Net Minority Interest": 7256000.0,
        "Reconciled Depreciation": NaN,
        "Reconciled Cost Of Revenue": 54359000.0,
        "EBITDA": 16344000.0,
        "EBIT": 16344000.0,
        "Net Interest Income": -4236000.0,
        "Interest Expense": 4397000.0,
        "Interest Income": 161000.0,
        "Normalized Income": 7293551.854022,
        "Net Income From Continuing And Discontinued Operation": 7256000.0,
        "Total Expenses": 85232000.0,
        "Total Operating Income As Reported": 16183000.0,
        "Diluted Average Shares": 45350000.0,
        "Basic Average Shares": 45350000.0,
        "Diluted EPS": 0.16,
        "Basic EPS": 0.16,
        "Diluted NI Availto Com Stockholders": 7256000.0,
        "Net Income Common Stockholders": 7256000.0,
        "Net Income": 7256000.0,
        "Minority Interests": -1052000.0,
        "Net Income Including Noncontrolling Interests": 8308000.0,
        "Net Income Continuous Operations": 8308000.0,
        "Tax Provision": 3639000.0,
        "Pretax Income": 11947000.0,
        "Other Income Expense": 843000.0,
        "Other Non Operating Income Expenses": 897000.0,
        "Gain On Sale Of Security": -54000.0,
        "Net Non Operating Interest Income Expense": -4236000.0,
        "Interest Expense Non Operating": 4397000.0,
        "Interest Income Non Operating": 161000.0,
        "Operating Income": 15340000.0,
        "Operating Expense": 30873000.0,
        "Research And Development": 120000.0,
        "Selling General And Administration": 30753000.0,
        "Selling And Marketing Expense": 16774000.0,
        "General And Administrative Expense": 13979000.0,
        "Other Gand A": 10248000.0,
        "Salaries And Wages": 3731000.0,
        "Gross Profit": 46213000.0,
        "Cost Of Revenue": 54359000.0,
        "Total Revenue": 100572000.0,
        "Operating Revenue": 100572000.0
    },
    "2022-06-30": {
        "Tax Effect Of Unusual Items": -19742.657804,
        "Tax Rate For Calcs": 0.270447,
        "Normalized EBITDA": 26804000.0,
        "Total Unusual Items": -73000.0,
        "Total Unusual Items Excluding Goodwill": -73000.0,
        "Net Income From Continuing Operation Net Minority Interest": 15638000.0,
        "Reconciled Depreciation": NaN,
        "Reconciled Cost Of Revenue": 51651000.0,
        "EBITDA": 26731000.0,
        "EBIT": 26731000.0,
        "Net Interest Income": 3287000.0,
        "Interest Expense": 5518000.0,
        "Interest Income": NaN,
        "Normalized Income": 15691257.342196,
        "Net Income From Continuing And Discontinued Operation": 15638000.0,
        "Total Expenses": 76349000.0,
        "Total Operating Income As Reported": 17926000.0,
        "Diluted Average Shares": NaN,
        "Basic Average Shares": NaN,
        "Diluted EPS": NaN,
        "Basic EPS": NaN,
        "Diluted NI Availto Com Stockholders": 15638000.0,
        "Net Income Common Stockholders": 15638000.0,
        "Net Income": 15638000.0,
        "Minority Interests": 162000.0,
        "Net Income Including Noncontrolling Interests": 15476000.0,
        "Net Income Continuous Operations": 15476000.0,
        "Tax Provision": 5737000.0,
        "Pretax Income": 21213000.0,
        "Other Income Expense": -1002000.0,
        "Other Non Operating Income Expenses": -929000.0,
        "Gain On Sale Of Security": -73000.0,
        "Net Non Operating Interest Income Expense": 3287000.0,
        "Interest Expense Non Operating": 5518000.0,
        "Interest Income Non Operating": NaN,
        "Operating Income": 18928000.0,
        "Operating Expense": 24698000.0,
        "Research And Development": 176000.0,
        "Selling General And Administration": 24522000.0,
        "Selling And Marketing Expense": 14282000.0,
        "General And Administrative Expense": 10240000.0,
        "Other Gand A": 7799000.0,
        "Salaries And Wages": NaN,
        "Gross Profit": 43626000.0,
        "Cost Of Revenue": 51651000.0,
        "Total Revenue": 95277000.0,
        "Operating Revenue": 95277000.0
    },
    "2022-03-31": {
        "Diluted EPS": 0.11,
        "Total Revenue": 29,
        "Gross Profit": 12,
        "Operating Income": 6,
        "EBIT": 7,
        "Net Income": 4
    },
    "2021-09-30": {
        "Diluted EPS": -0.01,
        "Total Revenue": 20,
        "Gross Profit": 7,
        "Operating Income": 1,
        "EBIT": 2,
        "Net Income": -1
    },
    "2021-06-30": {
        "Diluted EPS": 0.04,
        "Total Revenue": 14,
        "Gross Profit": 6,
        "Operating Income": 3,
        "EBIT": 3,
        "Net Income": 2
    },
    "2023-06-30": {
        "Tax Effect Of Unusual Items": -3680.0,
        "Tax Rate For Calcs": 0.23,
        "Normalized EBITDA": 6555000.0,
        "Total Unusual Items": -16000.0,
        "Total Unusual Items Excluding Goodwill": -16000.0,
        "Net Income From Continuing Operation Net Minority Interest": 4883000.0,
        "Reconciled Cost Of Revenue": 69798000.0,
        "EBITDA": 6539000.0,
        "EBIT": 6539000.0,
        "Net Interest Income": -5417000.0,
        "Interest Expense": 6136000.0,
        "Interest Income": 719000.0,
        "Normalized Income": 4895320.0,
        "Net Income From Continuing And Discontinued Operation": 4883000.0,
        "Total Expenses": 95722000.0,
        "Total Operating Income As Reported": 5820000.0,
        "Diluted NI Availto Com Stockholders": 4883000.0,
        "Net Income Common Stockholders": 4883000.0,
        "Net Income": 4883000.0,
        "Minority Interests": 1158000.0,
        "Net Income Including Noncontrolling Interests": 3725000.0,
        "Net Income Continuous Operations": 3725000.0,
        "Tax Provision": -3322000.0,
        "Pretax Income": 403000.0,
        "Other Income Expense": -897000.0,
        "Other Non Operating Income Expenses": -881000.0,
        "Gain On Sale Of Security": -16000.0,
        "Net Non Operating Interest Income Expense": -5417000.0,
        "Interest Expense Non Operating": 6136000.0,
        "Interest Income Non Operating": 719000.0,
        "Operating Income": 6717000.0,
        "Operating Expense": 25924000.0,
        "Research And Development": 99000.0,
        "Selling General And Administration": 25825000.0,
        "Selling And Marketing Expense": 14230000.0,
        "General And Administrative Expense": 11595000.0,
        "Other Gand A": 10646000.0,
        "Salaries And Wages": 949000.0,
        "Gross Profit": 32641000.0,
        "Cost Of Revenue": 69798000.0,
        "Total Revenue": 102439000.0,
        "Operating Revenue": 102439000.0
    }
}