{
    "2023-06-30": {
        "Tax Effect Of Unusual Items": NaN,
        "Tax Rate For Calcs": NaN,
        "Total Unusual Items": 0.0,
        "Total Unusual Items Excluding Goodwill": 0.0,
        "Net Income From Continuing Operation Net Minority Interest": NaN,
        "Reconciled Depreciation": NaN,
        "Net Interest Income": NaN,
        "Interest Expense": NaN,
        "Interest Income": NaN,
        "Normalized Income": NaN,
        "Net Income From Continuing And Discontinued Operation": NaN,
        "Diluted Average Shares": NaN,
        "Basic Average Shares": NaN,
        "Diluted EPS": NaN,
        "Basic EPS": NaN,
        "Diluted NI Availto Com Stockholders": NaN,
        "Net Income Common Stockholders": NaN,
        "Net Income": NaN,
        "Net Income Including Noncontrolling Interests": NaN,
        "Net Income Continuous Operations": NaN,
        "Tax Provision": NaN,
        "Pretax Income": NaN,
        "Special Income Charges": 0.0,
        "Restructuring And Mergern Acquisition": 0.0,
        "Gain On Sale Of Security": NaN,
        "Depreciation Amortization Depletion Income Statement": NaN,
        "Depreciation And Amortization In Income Statement": NaN,
        "Amortization": NaN,
        "Amortization Of Intangibles Income Statement": NaN,
        "Selling General And Administration": NaN,
        "Selling And Marketing Expense": 1641000.0,
        "General And Administrative Expense": NaN,
        "Other Gand A": 3134000.0,
        "Insurance And Claims": NaN,
        "Salaries And Wages": NaN,
        "Total Revenue": NaN,
        "Operating Revenue": NaN,
        "Occupancy And Equipment": NaN,
        "Professional Expense And Contract Services Expense": NaN,
        "Other Non Interest Expense": NaN
    },
    "2023-03-31": {
        "Tax Effect Of Unusual Items": NaN,
        "Tax Rate For Calcs": NaN,
        "Total Unusual Items": 0.0,
        "Total Unusual Items Excluding Goodwill": 0.0,
        "Net Income From Continuing Operation Net Minority Interest": NaN,
        "Reconciled Depreciation": NaN,
        "Net Interest Income": NaN,
        "Interest Expense": NaN,
        "Interest Income": NaN,
        "Normalized Income": NaN,
        "Net Income From Continuing And Discontinued Operation": NaN,
        "Diluted Average Shares": NaN,
        "Basic Average Shares": NaN,
        "Diluted EPS": NaN,
        "Basic EPS": NaN,
        "Diluted NI Availto Com Stockholders": NaN,
        "Net Income Common Stockholders": NaN,
        "Net Income": NaN,
        "Net Income Including Noncontrolling Interests": NaN,
        "Net Income Continuous Operations": NaN,
        "Tax Provision": NaN,
        "Pretax Income": NaN,
        "Special Income Charges": 0.0,
        "Restructuring And Mergern Acquisition": 0.0,
        "Gain On Sale Of Security": NaN,
        "Depreciation Amortization Depletion Income Statement": NaN,
        "Depreciation And Amortization In Income Statement": NaN,
        "Amortization": NaN,
        "Amortization Of Intangibles Income Statement": NaN,
        "Selling General And Administration": NaN,
        "Selling And Marketing Expense": NaN,
        "General And Administrative Expense": NaN,
        "Other Gand A": 2949000.0,
        "Insurance And Claims": NaN,
        "Salaries And Wages": NaN,
        "Total Revenue": NaN,
        "Operating Revenue": NaN,
        "Occupancy And Equipment": NaN,
        "Professional Expense And Contract Services Expense": NaN,
        "Other Non Interest Expense": NaN
    },
    "2022-12-31": {
        "Tax Effect Of Unusual Items": NaN,
        "Tax Rate For Calcs": NaN,
        "Total Unusual Items": 0.0,
        "Total Unusual Items Excluding Goodwill": 0.0,
        "Net Income From Continuing Operation Net Minority Interest": NaN,
        "Reconciled Depreciation": NaN,
        "Net Interest Income": NaN,
        "Interest Expense": NaN,
        "Interest Income": NaN,
        "Normalized Income": NaN,
        "Net Income From Continuing And Discontinued Operation": NaN,
        "Diluted Average Shares": NaN,
        "Basic Average Shares": NaN,
        "Diluted EPS": NaN,
        "Basic EPS": NaN,
        "Diluted NI Availto Com Stockholders": NaN,
        "Net Income Common Stockholders": NaN,
        "Net Income": NaN,
        "Net Income Including Noncontrolling Interests": NaN,
        "Net Income Continuous Operations": NaN,
        "Tax Provision": NaN,
        "Pretax Income": NaN,
        "Special Income Charges": 0.0,
        "Restructuring And Mergern Acquisition": 0.0,
        "Gain On Sale Of Security": NaN,
        "Depreciation Amortization Depletion Income Statement": NaN,
        "Depreciation And Amortization In Income Statement": NaN,
        "Amortization": NaN,
        "Amortization Of Intangibles Income Statement": NaN,
        "Selling General And Administration": NaN,
        "Selling And Marketing Expense": NaN,
        "General And Administrative Expense": NaN,
        "Other Gand A": -3623000.0,
        "Insurance And Claims": NaN,
        "Salaries And Wages": NaN,
        "Total Revenue": NaN,
        "Operating Revenue": NaN,
        "Occupancy And Equipment": NaN,
        "Professional Expense And Contract Services Expense": NaN,
        "Other Non Interest Expense": NaN
    },
    "2022-09-30": {
        "Tax Effect Of Unusual Items": NaN,
        "Tax Rate For Calcs": NaN,
        "Total Unusual Items": NaN,
        "Total Unusual Items Excluding Goodwill": NaN,
        "Net Income From Continuing Operation Net Minority Interest": NaN,
        "Reconciled Depreciation": NaN,
        "Net Interest Income": NaN,
        "Interest Expense": NaN,
        "Interest Income": NaN,
        "Normalized Income": NaN,
        "Net Income From Continuing And Discontinued Operation": NaN,
        "Diluted Average Shares": NaN,
        "Basic Average Shares": NaN,
        "Diluted EPS": NaN,
        "Basic EPS": NaN,
        "Diluted NI Availto Com Stockholders": NaN,
        "Net Income Common Stockholders": NaN,
        "Net Income": NaN,
        "Net Income Including Noncontrolling Interests": NaN,
        "Net Income Continuous Operations": NaN,
        "Tax Provision": NaN,
        "Pretax Income": NaN,
        "Special Income Charges": NaN,
        "Restructuring And Mergern Acquisition": NaN,
        "Gain On Sale Of Security": NaN,
        "Depreciation Amortization Depletion Income Statement": NaN,
        "Depreciation And Amortization In Income Statement": NaN,
        "Amortization": NaN,
        "Amortization Of Intangibles Income Statement": NaN,
        "Selling General And Administration": NaN,
        "General And Administrative Expense": NaN,
        "Other Gand A": 2259000.0,
        "Insurance And Claims": NaN,
        "Salaries And Wages": NaN,
        "Total Revenue": NaN,
        "Operating Revenue": NaN
    },
    "2022-06-30": {
        "Tax Effect Of Unusual Items": 0.0,
        "Tax Rate For Calcs": 0.248,
        "Total Unusual Items": 0.0,
        "Total Unusual Items Excluding Goodwill": 0.0,
        "Net Income From Continuing Operation Net Minority Interest": 61776000.0,
        "Reconciled Depreciation": 9838000.0,
        "Net Interest Income": 144861000.0,
        "Interest Expense": 3262000.0,
        "Interest Income": 148123000.0,
        "Normalized Income": 61776000.0,
        "Net Income From Continuing And Discontinued Operation": 61776000.0,
        "Diluted Average Shares": 46679197.0,
        "Basic Average Shares": 46665101.0,
        "Diluted EPS": 1.32,
        "Basic EPS": 1.32,
        "Diluted NI Availto Com Stockholders": 61776000.0,
        "Net Income Common Stockholders": 61776000.0,
        "Net Income": 61776000.0,
        "Net Income Including Noncontrolling Interests": 61776000.0,
        "Net Income Continuous Operations": 61776000.0,
        "Tax Provision": 20421000.0,
        "Pretax Income": 82197000.0,
        "Special Income Charges": 0.0,
        "Restructuring And Mergern Acquisition": 0.0,
        "Gain On Sale Of Security": 436000.0,
        "Depreciation Amortization Depletion Income Statement": 1902000.0,
        "Depreciation And Amortization In Income Statement": 1902000.0,
        "Amortization": 1902000.0,
        "Amortization Of Intangibles Income Statement": 1902000.0,
        "Selling General And Administration": 53528000.0,
        "General And Administrative Expense": 53528000.0,
        "Other Gand A": 2247000.0,
        "Insurance And Claims": 1743000.0,
        "Salaries And Wages": 49538000.0,
        "Total Revenue": 172759000.0,
        "Operating Revenue": 172759000.0
    },
    "2022-03-31": {
        "Diluted EPS": 1.12,
        "Total Revenue": 167,
        "Gross Profit": 164,
        "Operating Income": 77,
        "EBIT": NaN,
        "Net Income": 53
    },
    "2021-12-31": {
        "Diluted EPS": -0.14,
        "Total Revenue": 155,
        "Gross Profit": 152,
        "Operating Income": 36,
        "EBIT": NaN,
        "Net Income": 2
    },
    "2021-09-30": {
        "Diluted EPS": 1.21,
        "Total Revenue": 119,
        "Gross Profit": 117,
        "Operating Income": 56,
        "EBIT": NaN,
        "Net Income": 40
    },
    "2021-06-30": {
        "Diluted EPS": 1.14,
        "Total Revenue": 122,
        "Gross Profit": 118,
        "Operating Income": 52,
        "EBIT": NaN,
        "Net Income": 38
    },
    "2021-03-31": {
        "Diluted EPS": 1.26,
        "Total Revenue": 125,
        "Gross Profit": 121,
        "Operating Income": 54,
        "EBIT": NaN,
        "Net Income": 42
    },
    "2020-12-31": {
        "Diluted EPS": 1.04,
        "Total Revenue": 124,
        "Gross Profit": 119,
        "Operating Income": 49,
        "EBIT": NaN,
        "Net Income": 35
    },
    "2020-09-30": {
        "Diluted EPS": 1.06,
        "Total Revenue": 127,
        "Gross Profit": 120,
        "Operating Income": 46,
        "EBIT": NaN,
        "Net Income": 35
    },
    "2020-06-30": {
        "Diluted EPS": 0.76,
        "Total Revenue": 128,
        "Gross Profit": 119,
        "Operating Income": 33,
        "EBIT": NaN,
        "Net Income": 25
    },
    "2020-03-31": {
        "Diluted EPS": 0.78,
        "Total Revenue": 134,
        "Gross Profit": 121,
        "Operating Income": 29,
        "EBIT": NaN,
        "Net Income": 27
    },
    "2019-12-31": {
        "Diluted EPS": 1.38,
        "Total Revenue": 147,
        "Gross Profit": 133,
        "Operating Income": 62,
        "EBIT": NaN,
        "Net Income": 47
    },
    "2019-09-30": {
        "Diluted EPS": 1.51,
        "Total Revenue": 151,
        "Gross Profit": 136,
        "Operating Income": 70,
        "EBIT": NaN,
        "Net Income": 52
    },
    "2019-06-30": {
        "Diluted EPS": 0.89,
        "Total Revenue": 151,
        "Gross Profit": 135,
        "Operating Income": 65,
        "EBIT": NaN,
        "Net Income": 31
    },
    "2019-03-31": {
        "Diluted EPS": 1.25,
        "Total Revenue": 113,
        "Gross Profit": 104,
        "Operating Income": 48,
        "EBIT": NaN,
        "Net Income": 35
    },
    "2018-12-31": {
        "Diluted EPS": 1.07,
        "Total Revenue": 111,
        "Gross Profit": 104,
        "Operating Income": 46,
        "EBIT": NaN,
        "Net Income": 30
    },
    "2018-09-30": {
        "Diluted EPS": 1.2,
        "Total Revenue": 106,
        "Gross Profit": 99,
        "Operating Income": 46,
        "EBIT": NaN,
        "Net Income": 33
    },
    "2018-06-30": {
        "Diluted EPS": 1.13,
        "Total Revenue": 101,
        "Gross Profit": 95,
        "Operating Income": 41,
        "EBIT": NaN,
        "Net Income": 31
    },
    "2018-03-31": {
        "Diluted EPS": 1.0,
        "Total Revenue": 94,
        "Gross Profit": 88,
        "Operating Income": 34,
        "EBIT": NaN,
        "Net Income": 28
    },
    "2017-12-31": {
        "Diluted EPS": 0.81,
        "Total Revenue": 95,
        "Gross Profit": 90,
        "Operating Income": 40,
        "EBIT": NaN,
        "Net Income": 22
    },
    "2017-09-30": {
        "Diluted EPS": 0.87,
        "Total Revenue": 93,
        "Gross Profit": 88,
        "Operating Income": 37,
        "EBIT": NaN,
        "Net Income": 24
    },
    "2017-06-30": {
        "Diluted EPS": 0.75,
        "Total Revenue": 90,
        "Gross Profit": 85,
        "Operating Income": 34,
        "EBIT": NaN,
        "Net Income": 21
    },
    "2017-03-31": {
        "Diluted EPS": 0.76,
        "Total Revenue": 83,
        "Gross Profit": 79,
        "Operating Income": 30,
        "EBIT": NaN,
        "Net Income": 21
    },
    "2016-12-31": {
        "Diluted EPS": 0.64,
        "Total Revenue": 85,
        "Gross Profit": 81,
        "Operating Income": 30,
        "EBIT": NaN,
        "Net Income": 17
    },
    "2016-09-30": {
        "Diluted EPS": 0.78,
        "Total Revenue": 83,
        "Gross Profit": 78,
        "Operating Income": 30,
        "EBIT": NaN,
        "Net Income": 20
    },
    "2016-06-30": {
        "Diluted EPS": 0.77,
        "Total Revenue": 82,
        "Gross Profit": 78,
        "Operating Income": 30,
        "EBIT": NaN,
        "Net Income": 20
    },
    "2016-03-31": {
        "Diluted EPS": 0.71,
        "Total Revenue": 79,
        "Gross Profit": 74,
        "Operating Income": 27,
        "EBIT": NaN,
        "Net Income": 19
    },
    "2015-12-31": {
        "Diluted EPS": 0.74,
        "Total Revenue": 80,
        "Gross Profit": 75,
        "Operating Income": 28,
        "EBIT": NaN,
        "Net Income": 19
    },
    "2015-09-30": {
        "Diluted EPS": 0.71,
        "Total Revenue": 79,
        "Gross Profit": 74,
        "Operating Income": 26,
        "EBIT": NaN,
        "Net Income": 19
    },
    "2015-06-30": {
        "Diluted EPS": 0.67,
        "Total Revenue": 79,
        "Gross Profit": 74,
        "Operating Income": 25,
        "EBIT": NaN,
        "Net Income": 17
    },
    "2015-03-31": {
        "Diluted EPS": 0.38,
        "Total Revenue": 73,
        "Gross Profit": 68,
        "Operating Income": 24,
        "EBIT": NaN,
        "Net Income": 9
    },
    "2014-12-31": {
        "Diluted EPS": 0.66,
        "Total Revenue": 73,
        "Gross Profit": 68,
        "Operating Income": 23,
        "EBIT": NaN,
        "Net Income": 16
    },
    "2014-09-30": {
        "Diluted EPS": 0.66,
        "Total Revenue": 71,
        "Gross Profit": 67,
        "Operating Income": 23,
        "EBIT": NaN,
        "Net Income": 16
    },
    "2014-06-30": {
        "Diluted EPS": 0.61,
        "Total Revenue": 71,
        "Gross Profit": 66,
        "Operating Income": 21,
        "EBIT": NaN,
        "Net Income": 15
    },
    "2014-03-31": {
        "Diluted EPS": 0.56,
        "Total Revenue": 70,
        "Gross Profit": 65,
        "Operating Income": 19,
        "EBIT": NaN,
        "Net Income": 13
    },
    "2013-12-31": {
        "Diluted EPS": 0.44,
        "Total Revenue": 70,
        "Gross Profit": 64,
        "Operating Income": 20,
        "EBIT": NaN,
        "Net Income": 11
    },
    "2013-09-30": {
        "Diluted EPS": 0.64,
        "Total Revenue": 69,
        "Gross Profit": 63,
        "Operating Income": 20,
        "EBIT": NaN,
        "Net Income": 15
    },
    "2013-06-30": {
        "Diluted EPS": 0.56,
        "Total Revenue": 68,
        "Gross Profit": 62,
        "Operating Income": 18,
        "EBIT": NaN,
        "Net Income": 13
    },
    "2013-03-31": {
        "Diluted EPS": 0.54,
        "Total Revenue": 67,
        "Gross Profit": 61,
        "Operating Income": 18,
        "EBIT": NaN,
        "Net Income": 12
    },
    "2012-12-31": {
        "Diluted EPS": 0.45,
        "Total Revenue": 68,
        "Gross Profit": 62,
        "Operating Income": 19,
        "EBIT": NaN,
        "Net Income": 10
    },
    "2012-09-30": {
        "Diluted EPS": 0.53,
        "Total Revenue": 65,
        "Gross Profit": 59,
        "Operating Income": 16,
        "EBIT": NaN,
        "Net Income": 12
    },
    "2012-06-30": {
        "Diluted EPS": 0.41,
        "Total Revenue": 63,
        "Gross Profit": 58,
        "Operating Income": 13,
        "EBIT": NaN,
        "Net Income": 9
    },
    "2012-03-31": {
        "Diluted EPS": 0.56,
        "Total Revenue": 62,
        "Gross Profit": 56,
        "Operating Income": 17,
        "EBIT": NaN,
        "Net Income": 12
    },
    "2011-12-31": {
        "Diluted EPS": 0.52,
        "Total Revenue": 63,
        "Gross Profit": 56,
        "Operating Income": 15,
        "EBIT": NaN,
        "Net Income": 11
    },
    "2011-09-30": {
        "Diluted EPS": 0.56,
        "Total Revenue": 61,
        "Gross Profit": 54,
        "Operating Income": 17,
        "EBIT": NaN,
        "Net Income": 12
    },
    "2011-06-30": {
        "Diluted EPS": 0.52,
        "Total Revenue": 63,
        "Gross Profit": 56,
        "Operating Income": 15,
        "EBIT": NaN,
        "Net Income": 11
    },
    "2011-03-31": {
        "Diluted EPS": 0.52,
        "Total Revenue": 62,
        "Gross Profit": 54,
        "Operating Income": 15,
        "EBIT": NaN,
        "Net Income": 11
    },
    "2010-12-31": {
        "Diluted EPS": 0.55,
        "Total Revenue": 64,
        "Gross Profit": 56,
        "Operating Income": 15,
        "EBIT": NaN,
        "Net Income": 12
    },
    "2010-09-30": {
        "Diluted EPS": 0.53,
        "Total Revenue": 62,
        "Gross Profit": 53,
        "Operating Income": 15,
        "EBIT": NaN,
        "Net Income": 11
    },
    "2010-06-30": {
        "Diluted EPS": 0.38,
        "Total Revenue": 62,
        "Gross Profit": 52,
        "Operating Income": 10,
        "EBIT": NaN,
        "Net Income": 8
    },
    "2010-03-31": {
        "Diluted EPS": 0.44,
        "Total Revenue": 61,
        "Gross Profit": 50,
        "Operating Income": 12,
        "EBIT": NaN,
        "Net Income": 9
    },
    "2009-12-31": {
        "Diluted EPS": 0.42,
        "Total Revenue": 63,
        "Gross Profit": 51,
        "Operating Income": 12,
        "EBIT": NaN,
        "Net Income": 9
    },
    "2009-09-30": {
        "Diluted EPS": 0.33,
        "Total Revenue": 58,
        "Gross Profit": 45,
        "Operating Income": 9,
        "EBIT": NaN,
        "Net Income": 7
    },
    "2009-06-30": {
        "Diluted EPS": -0.19,
        "Total Revenue": 66,
        "Gross Profit": 52,
        "Operating Income": 12,
        "EBIT": NaN,
        "Net Income": -4
    },
    "2009-03-31": {
        "Diluted EPS": 0.32,
        "Total Revenue": 54,
        "Gross Profit": 40,
        "Operating Income": 10,
        "EBIT": NaN,
        "Net Income": 5
    },
    "2023-09-30": {
        "Tax Effect Of Unusual Items": NaN,
        "Tax Rate For Calcs": NaN,
        "Total Unusual Items": 0.0,
        "Total Unusual Items Excluding Goodwill": 0.0,
        "Net Income From Continuing Operation Net Minority Interest": NaN,
        "Reconciled Depreciation": NaN,
        "Net Interest Income": NaN,
        "Interest Expense": NaN,
        "Interest Income": NaN,
        "Normalized Income": NaN,
        "Net Income From Continuing And Discontinued Operation": NaN,
        "Diluted Average Shares": NaN,
        "Basic Average Shares": NaN,
        "Diluted EPS": NaN,
        "Basic EPS": NaN,
        "Diluted NI Availto Com Stockholders": NaN,
        "Net Income Common Stockholders": NaN,
        "Net Income": NaN,
        "Net Income Including Noncontrolling Interests": NaN,
        "Net Income Continuous Operations": NaN,
        "Tax Provision": NaN,
        "Pretax Income": NaN,
        "Special Income Charges": 0.0,
        "Restructuring And Mergern Acquisition": 0.0,
        "Gain On Sale Of Security": NaN,
        "Depreciation Amortization Depletion Income Statement": NaN,
        "Depreciation And Amortization In Income Statement": NaN,
        "Amortization": NaN,
        "Amortization Of Intangibles Income Statement": NaN,
        "Selling General And Administration": NaN,
        "Selling And Marketing Expense": NaN,
        "General And Administrative Expense": NaN,
        "Insurance And Claims": NaN,
        "Salaries And Wages": NaN,
        "Total Revenue": NaN,
        "Operating Revenue": NaN,
        "Occupancy And Equipment": NaN,
        "Professional Expense And Contract Services Expense": NaN,
        "Other Non Interest Expense": NaN
    },
    "2023-12-31": {
        "Tax Effect Of Unusual Items": 0.0,
        "Tax Rate For Calcs": 0.227212,
        "Total Unusual Items": 0.0,
        "Total Unusual Items Excluding Goodwill": 0.0,
        "Net Income From Continuing Operation Net Minority Interest": 54803000.0,
        "Reconciled Depreciation": 8527000.0,
        "Net Interest Income": 145097000.0,
        "Interest Expense": 62073000.0,
        "Interest Income": 207170000.0,
        "Normalized Income": 54803000.0,
        "Net Income From Continuing And Discontinued Operation": 54803000.0,
        "Diluted Average Shares": 43484208.0,
        "Basic Average Shares": 43474734.0,
        "Diluted EPS": 1.26,
        "Basic EPS": 1.26,
        "Diluted NI Availto Com Stockholders": 54803000.0,
        "Net Income Common Stockholders": 54803000.0,
        "Net Income": 54803000.0,
        "Net Income Including Noncontrolling Interests": 54803000.0,
        "Net Income Continuous Operations": 54803000.0,
        "Tax Provision": 16113000.0,
        "Pretax Income": 70916000.0,
        "Special Income Charges": 0.0,
        "Restructuring And Mergern Acquisition": 0.0,
        "Gain On Sale Of Security": 802000.0,
        "Depreciation Amortization Depletion Income Statement": 1635000.0,
        "Depreciation And Amortization In Income Statement": 1635000.0,
        "Amortization": 1635000.0,
        "Amortization Of Intangibles Income Statement": 1635000.0,
        "Selling General And Administration": 60330000.0,
        "Selling And Marketing Expense": NaN,
        "General And Administrative Expense": 60330000.0,
        "Insurance And Claims": 3942000.0,
        "Salaries And Wages": 56388000.0,
        "Total Revenue": 174868000.0,
        "Operating Revenue": 174868000.0,
        "Occupancy And Equipment": 13054000.0,
        "Professional Expense And Contract Services Expense": 2189000.0,
        "Other Non Interest Expense": 21244000.0
    },
    "2024-03-31": {
        "Tax Effect Of Unusual Items": 0.0,
        "Tax Rate For Calcs": 0.2356,
        "Total Unusual Items": NaN,
        "Total Unusual Items Excluding Goodwill": NaN,
        "Net Income From Continuing Operation Net Minority Interest": 47770000.0,
        "Reconciled Depreciation": 10289000.0,
        "Net Interest Income": 137439000.0,
        "Interest Expense": 70606000.0,
        "Interest Income": 208045000.0,
        "Normalized Income": 47770000.0,
        "Net Income From Continuing And Discontinued Operation": 47770000.0,
        "Diluted Average Shares": 42566590.0,
        "Basic Average Shares": 42553714.0,
        "Diluted EPS": 1.12,
        "Basic EPS": 1.12,
        "Diluted NI Availto Com Stockholders": 47770000.0,
        "Net Income Common Stockholders": 47770000.0,
        "Net Income": 47770000.0,
        "Net Income Including Noncontrolling Interests": 47770000.0,
        "Net Income Continuous Operations": 47770000.0,
        "Tax Provision": 14725000.0,
        "Pretax Income": 62495000.0,
        "Special Income Charges": NaN,
        "Restructuring And Mergern Acquisition": NaN,
        "Gain On Sale Of Security": 80000.0,
        "Depreciation Amortization Depletion Income Statement": 1563000.0,
        "Depreciation And Amortization In Income Statement": 1563000.0,
        "Amortization": 1563000.0,
        "Amortization Of Intangibles Income Statement": 1563000.0,
        "Selling General And Administration": 60156000.0,
        "Selling And Marketing Expense": NaN,
        "General And Administrative Expense": 60156000.0,
        "Insurance And Claims": 2982000.0,
        "Salaries And Wages": 57174000.0,
        "Total Revenue": 164904000.0,
        "Operating Revenue": 164904000.0,
        "Occupancy And Equipment": 13467000.0,
        "Professional Expense And Contract Services Expense": 1428000.0,
        "Other Non Interest Expense": 20795000.0
    },
    "2024-06-30": {
        "Tax Effect Of Unusual Items": 0.0,
        "Tax Rate For Calcs": 0.2269,
        "Total Unusual Items": NaN,
        "Total Unusual Items Excluding Goodwill": NaN,
        "Net Income From Continuing Operation Net Minority Interest": 51330000.0,
        "Reconciled Depreciation": 10896000.0,
        "Net Interest Income": 137926000.0,
        "Interest Expense": 73938000.0,
        "Interest Income": 211864000.0,
        "Normalized Income": 51330000.0,
        "Net Income From Continuing And Discontinued Operation": 51330000.0,
        "Diluted Average Shares": 42472966.0,
        "Basic Average Shares": 42468658.0,
        "Diluted EPS": 1.21,
        "Basic EPS": 1.21,
        "Diluted NI Availto Com Stockholders": 51330000.0,
        "Net Income Common Stockholders": 51330000.0,
        "Net Income": 51330000.0,
        "Net Income Including Noncontrolling Interests": 51330000.0,
        "Net Income Continuous Operations": 51330000.0,
        "Tax Provision": 15062000.0,
        "Pretax Income": 66392000.0,
        "Special Income Charges": NaN,
        "Restructuring And Mergern Acquisition": NaN,
        "Gain On Sale Of Security": 473000.0,
        "Depreciation Amortization Depletion Income Statement": 1465000.0,
        "Depreciation And Amortization In Income Statement": 1465000.0,
        "Amortization": 1465000.0,
        "Amortization Of Intangibles Income Statement": 1465000.0,
        "Selling General And Administration": 61682000.0,
        "Selling And Marketing Expense": 1826000.0,
        "General And Administrative Expense": 59856000.0,
        "Insurance And Claims": 2694000.0,
        "Salaries And Wages": 57162000.0,
        "Total Revenue": 168654000.0,
        "Operating Revenue": 168654000.0,
        "Occupancy And Equipment": 12472000.0,
        "Professional Expense And Contract Services Expense": 1997000.0,
        "Other Non Interest Expense": 20396000.0
    },
    "2024-09-30": {
        "Tax Effect Of Unusual Items": 0.0,
        "Tax Rate For Calcs": 0.2235,
        "Total Unusual Items": NaN,
        "Total Unusual Items Excluding Goodwill": NaN,
        "Net Income From Continuing Operation Net Minority Interest": 42947000.0,
        "Reconciled Depreciation": 10315000.0,
        "Net Interest Income": 141703000.0,
        "Interest Expense": 74821000.0,
        "Interest Income": 216524000.0,
        "Normalized Income": 42947000.0,
        "Net Income From Continuing And Discontinued Operation": 42947000.0,
        "Diluted Average Shares": 42493063.0,
        "Basic Average Shares": 42481441.0,
        "Diluted EPS": 1.01,
        "Basic EPS": 1.01,
        "Diluted NI Availto Com Stockholders": 42947000.0,
        "Net Income Common Stockholders": 42947000.0,
        "Net Income": 42947000.0,
        "Net Income Including Noncontrolling Interests": 42947000.0,
        "Net Income Continuous Operations": 42947000.0,
        "Tax Provision": 12362000.0,
        "Pretax Income": 55309000.0,
        "Special Income Charges": NaN,
        "Restructuring And Mergern Acquisition": NaN,
        "Gain On Sale Of Security": 1125000.0,
        "Depreciation Amortization Depletion Income Statement": 1460000.0,
        "Depreciation And Amortization In Income Statement": 1460000.0,
        "Amortization": 1460000.0,
        "Amortization Of Intangibles Income Statement": 1460000.0,
        "Selling General And Administration": 62736000.0,
        "Selling And Marketing Expense": NaN,
        "General And Administrative Expense": 62736000.0,
        "Insurance And Claims": 2628000.0,
        "Salaries And Wages": 60108000.0,
        "Total Revenue": 174638000.0,
        "Operating Revenue": 174638000.0,
        "Occupancy And Equipment": 12734000.0,
        "Professional Expense And Contract Services Expense": 1429000.0,
        "Other Non Interest Expense": 21470000.0
    },
    "2024-12-31": {
        "Tax Effect Of Unusual Items": 0.0,
        "Tax Rate For Calcs": 0.204939,
        "Total Unusual Items": NaN,
        "Total Unusual Items Excluding Goodwill": NaN,
        "Net Income From Continuing Operation Net Minority Interest": 50034000.0,
        "Reconciled Depreciation": 9389000.0,
        "Net Interest Income": 144661000.0,
        "Interest Expense": 71659000.0,
        "Interest Income": 216320000.0,
        "Normalized Income": 50034000.0,
        "Net Income From Continuing And Discontinued Operation": 50034000.0,
        "Diluted Average Shares": 42514841.0,
        "Basic Average Shares": 42494409.0,
        "Diluted EPS": 1.18,
        "Basic EPS": 1.18,
        "Diluted NI Availto Com Stockholders": 50034000.0,
        "Net Income Common Stockholders": 50034000.0,
        "Net Income": 50034000.0,
        "Net Income Including Noncontrolling Interests": 50034000.0,
        "Net Income Continuous Operations": 50034000.0,
        "Tax Provision": 12897000.0,
        "Pretax Income": 62931000.0,
        "Special Income Charges": NaN,
        "Restructuring And Mergern Acquisition": NaN,
        "Gain On Sale Of Security": 439000.0,
        "Depreciation Amortization Depletion Income Statement": 1417000.0,
        "Depreciation And Amortization In Income Statement": 1417000.0,
        "Amortization": 1417000.0,
        "Amortization Of Intangibles Income Statement": 1417000.0,
        "Selling General And Administration": 61797000.0,
        "Selling And Marketing Expense": NaN,
        "General And Administrative Expense": 61797000.0,
        "Insurance And Claims": 2588000.0,
        "Salaries And Wages": 59209000.0,
        "Total Revenue": 174917000.0,
        "Operating Revenue": 174917000.0,
        "Occupancy And Equipment": 13399000.0,
        "Professional Expense And Contract Services Expense": 2271000.0,
        "Other Non Interest Expense": 23700000.0
    }
}