{
    "2023-03-31": {
        "Tax Effect Of Unusual Items": NaN,
        "Tax Rate For Calcs": NaN,
        "Total Unusual Items": NaN,
        "Total Unusual Items Excluding Goodwill": NaN,
        "Net Income From Continuing Operation Net Minority Interest": NaN,
        "Net Interest Income": NaN,
        "Interest Income": NaN,
        "Normalized Income": NaN,
        "Net Income From Continuing And Discontinued Operation": NaN,
        "Diluted Average Shares": 3618500000.0,
        "Basic Average Shares": 3618500000.0,
        "Diluted EPS": 0.439685,
        "Basic EPS": 0.439685,
        "Diluted NI Availto Com Stockholders": NaN,
        "Net Income Common Stockholders": NaN,
        "Net Income": NaN,
        "Minority Interests": NaN,
        "Net Income Including Noncontrolling Interests": NaN,
        "Net Income Continuous Operations": NaN,
        "Tax Provision": NaN,
        "Pretax Income": NaN,
        "Special Income Charges": NaN,
        "Other Special Charges": NaN,
        "Restructuring And Mergern Acquisition": NaN,
        "Gain On Sale Of Security": NaN,
        "Total Revenue": NaN,
        "Operating Revenue": NaN,
        "Other Non Interest Expense": NaN
    },
    "2022-12-31": {
        "Tax Effect Of Unusual Items": NaN,
        "Tax Rate For Calcs": NaN,
        "Total Unusual Items": -43000000.0,
        "Total Unusual Items Excluding Goodwill": -43000000.0,
        "Net Income From Continuing Operation Net Minority Interest": NaN,
        "Net Interest Income": NaN,
        "Interest Income": NaN,
        "Normalized Income": NaN,
        "Net Income From Continuing And Discontinued Operation": NaN,
        "Diluted Average Shares": 3619144872.0,
        "Basic Average Shares": 3619144872.0,
        "Diluted EPS": 0.3009,
        "Basic EPS": 0.3009,
        "Diluted NI Availto Com Stockholders": NaN,
        "Net Income Common Stockholders": NaN,
        "Net Income": NaN,
        "Minority Interests": NaN,
        "Net Income Including Noncontrolling Interests": NaN,
        "Net Income Continuous Operations": NaN,
        "Tax Provision": NaN,
        "Pretax Income": NaN,
        "Special Income Charges": -43000000.0,
        "Other Special Charges": NaN,
        "Restructuring And Mergern Acquisition": 43000000.0,
        "Gain On Sale Of Security": NaN,
        "Total Revenue": NaN,
        "Operating Revenue": NaN,
        "Other Non Interest Expense": NaN
    },
    "2022-09-30": {
        "Tax Effect Of Unusual Items": NaN,
        "Tax Rate For Calcs": NaN,
        "Total Unusual Items": -10000000.0,
        "Total Unusual Items Excluding Goodwill": -10000000.0,
        "Net Income From Continuing Operation Net Minority Interest": NaN,
        "Net Interest Income": NaN,
        "Interest Income": NaN,
        "Normalized Income": NaN,
        "Net Income From Continuing And Discontinued Operation": NaN,
        "Diluted Average Shares": NaN,
        "Basic Average Shares": NaN,
        "Diluted EPS": NaN,
        "Basic EPS": NaN,
        "Diluted NI Availto Com Stockholders": NaN,
        "Net Income Common Stockholders": NaN,
        "Net Income": NaN,
        "Minority Interests": NaN,
        "Net Income Including Noncontrolling Interests": NaN,
        "Net Income Continuous Operations": NaN,
        "Tax Provision": NaN,
        "Pretax Income": NaN,
        "Special Income Charges": -10000000.0,
        "Other Special Charges": 10000000.0,
        "Restructuring And Mergern Acquisition": NaN,
        "Gain On Sale Of Security": NaN,
        "Total Revenue": NaN,
        "Operating Revenue": NaN
    },
    "2022-06-30": {
        "Tax Effect Of Unusual Items": 0.0,
        "Tax Rate For Calcs": 0.304073,
        "Total Unusual Items": -147000000.0,
        "Total Unusual Items Excluding Goodwill": -147000000.0,
        "Net Income From Continuing Operation Net Minority Interest": 1177000000.0,
        "Net Interest Income": 3465000000.0,
        "Interest Income": 8407000000.0,
        "Normalized Income": 1177000000.0,
        "Net Income From Continuing And Discontinued Operation": 1177000000.0,
        "Diluted Average Shares": 3743000000.0,
        "Basic Average Shares": 3743000000.0,
        "Diluted EPS": 0.314454,
        "Basic EPS": 0.314454,
        "Diluted NI Availto Com Stockholders": 1177000000.0,
        "Net Income Common Stockholders": 1177000000.0,
        "Net Income": 1177000000.0,
        "Minority Interests": -34000000.0,
        "Net Income Including Noncontrolling Interests": 1212000000.0,
        "Net Income Continuous Operations": 1212000000.0,
        "Tax Provision": 530000000.0,
        "Pretax Income": 1743000000.0,
        "Special Income Charges": -147000000.0,
        "Other Special Charges": NaN,
        "Impairment Of Capital Assets": 32000000.0,
        "Restructuring And Mergern Acquisition": 115000000.0,
        "Gain On Sale Of Security": 848000000.0,
        "Total Revenue": 4799000000.0,
        "Operating Revenue": 4799000000.0
    },
    "2023-06-30": {
        "Tax Effect Of Unusual Items": 0.0,
        "Tax Rate For Calcs": 0.269522,
        "Total Unusual Items": NaN,
        "Total Unusual Items Excluding Goodwill": NaN,
        "Net Income From Continuing Operation Net Minority Interest": 2155000000.0,
        "Net Interest Income": 4061000000.0,
        "Interest Income": 21378000000.0,
        "Normalized Income": 2155000000.0,
        "Net Income From Continuing And Discontinued Operation": 2155000000.0,
        "Diluted Average Shares": NaN,
        "Basic Average Shares": NaN,
        "Diluted EPS": NaN,
        "Basic EPS": NaN,
        "Diluted NI Availto Com Stockholders": 2155000000.0,
        "Net Income Common Stockholders": 2155000000.0,
        "Net Income": 2155000000.0,
        "Minority Interests": -62000000.0,
        "Net Income Including Noncontrolling Interests": 2217000000.0,
        "Net Income Continuous Operations": 2217000000.0,
        "Tax Provision": 818000000.0,
        "Pretax Income": 3035000000.0,
        "Special Income Charges": NaN,
        "Other Special Charges": NaN,
        "Restructuring And Mergern Acquisition": NaN,
        "Gain On Sale Of Security": 1431000000.0,
        "Total Revenue": 5725000000.0,
        "Operating Revenue": 5725000000.0,
        "Other Non Interest Expense": -1571000000.0
    },
    "2022-03-31": {
        "Diluted EPS": 0.12,
        "Total Revenue": NaN,
        "Gross Profit": NaN,
        "Operating Income": NaN,
        "EBIT": NaN,
        "Net Income": 481
    },
    "2021-09-30": {
        "Diluted EPS": 0.41,
        "Total Revenue": NaN,
        "Gross Profit": NaN,
        "Operating Income": NaN,
        "EBIT": NaN,
        "Net Income": NaN
    },
    "2021-03-31": {
        "Diluted EPS": 0.31,
        "Total Revenue": NaN,
        "Gross Profit": NaN,
        "Operating Income": NaN,
        "EBIT": NaN,
        "Net Income": NaN
    },
    "2020-09-30": {
        "Diluted EPS": 0.23,
        "Total Revenue": NaN,
        "Gross Profit": NaN,
        "Operating Income": NaN,
        "EBIT": NaN,
        "Net Income": 921
    },
    "2020-03-31": {
        "Diluted EPS": 0.19,
        "Total Revenue": NaN,
        "Gross Profit": NaN,
        "Operating Income": NaN,
        "EBIT": NaN,
        "Net Income": 739
    },
    "2019-09-30": {
        "Diluted EPS": 0.39,
        "Total Revenue": NaN,
        "Gross Profit": NaN,
        "Operating Income": NaN,
        "EBIT": NaN,
        "Net Income": NaN
    },
    "2019-03-31": {
        "Diluted EPS": 0.33,
        "Total Revenue": NaN,
        "Gross Profit": NaN,
        "Operating Income": NaN,
        "EBIT": NaN,
        "Net Income": NaN
    },
    "2018-06-30": {
        "Diluted EPS": 0.44,
        "Total Revenue": NaN,
        "Gross Profit": NaN,
        "Operating Income": NaN,
        "EBIT": NaN,
        "Net Income": NaN
    },
    "2017-06-30": {
        "Diluted EPS": 0.38,
        "Total Revenue": NaN,
        "Gross Profit": NaN,
        "Operating Income": NaN,
        "EBIT": NaN,
        "Net Income": NaN
    },
    "2016-06-30": {
        "Diluted EPS": 0.37,
        "Total Revenue": NaN,
        "Gross Profit": NaN,
        "Operating Income": NaN,
        "EBIT": NaN,
        "Net Income": NaN
    },
    "2015-12-31": {
        "Diluted EPS": -0.06,
        "Total Revenue": NaN,
        "Gross Profit": NaN,
        "Operating Income": NaN,
        "EBIT": NaN,
        "Net Income": -226
    },
    "2015-09-30": {
        "Diluted EPS": 0.31,
        "Total Revenue": NaN,
        "Gross Profit": NaN,
        "Operating Income": NaN,
        "EBIT": NaN,
        "Net Income": NaN
    },
    "2015-06-30": {
        "Diluted EPS": 0.39,
        "Total Revenue": NaN,
        "Gross Profit": NaN,
        "Operating Income": NaN,
        "EBIT": NaN,
        "Net Income": NaN
    },
    "2015-03-31": {
        "Diluted EPS": 0.52,
        "Total Revenue": NaN,
        "Gross Profit": NaN,
        "Operating Income": NaN,
        "EBIT": NaN,
        "Net Income": NaN
    },
    "2014-12-31": {
        "Diluted EPS": 0.35,
        "Total Revenue": NaN,
        "Gross Profit": NaN,
        "Operating Income": NaN,
        "EBIT": NaN,
        "Net Income": NaN
    },
    "2014-09-30": {
        "Diluted EPS": 0.3,
        "Total Revenue": NaN,
        "Gross Profit": NaN,
        "Operating Income": NaN,
        "EBIT": NaN,
        "Net Income": NaN
    },
    "2014-06-30": {
        "Diluted EPS": 0.38,
        "Total Revenue": NaN,
        "Gross Profit": NaN,
        "Operating Income": NaN,
        "EBIT": NaN,
        "Net Income": NaN
    },
    "2014-03-31": {
        "Diluted EPS": -0.7,
        "Total Revenue": NaN,
        "Gross Profit": NaN,
        "Operating Income": NaN,
        "EBIT": NaN,
        "Net Income": NaN
    },
    "2013-12-31": {
        "Diluted EPS": 0.19,
        "Total Revenue": NaN,
        "Gross Profit": NaN,
        "Operating Income": NaN,
        "EBIT": NaN,
        "Net Income": 736
    },
    "2013-09-30": {
        "Diluted EPS": 0.04,
        "Total Revenue": NaN,
        "Gross Profit": NaN,
        "Operating Income": NaN,
        "EBIT": NaN,
        "Net Income": 137
    },
    "2013-06-30": {
        "Diluted EPS": 0.28,
        "Total Revenue": NaN,
        "Gross Profit": NaN,
        "Operating Income": NaN,
        "EBIT": NaN,
        "Net Income": NaN
    },
    "2013-03-31": {
        "Diluted EPS": 0.62,
        "Total Revenue": NaN,
        "Gross Profit": NaN,
        "Operating Income": NaN,
        "EBIT": NaN,
        "Net Income": NaN
    },
    "2012-12-31": {
        "Diluted EPS": 0.49,
        "Total Revenue": NaN,
        "Gross Profit": NaN,
        "Operating Income": NaN,
        "EBIT": NaN,
        "Net Income": NaN
    },
    "2012-09-30": {
        "Diluted EPS": 0.2,
        "Total Revenue": NaN,
        "Gross Profit": NaN,
        "Operating Income": NaN,
        "EBIT": NaN,
        "Net Income": 777
    },
    "2012-06-30": {
        "Diluted EPS": 0.39,
        "Total Revenue": NaN,
        "Gross Profit": NaN,
        "Operating Income": NaN,
        "EBIT": NaN,
        "Net Income": NaN
    },
    "2012-03-31": {
        "Diluted EPS": 0.23,
        "Total Revenue": NaN,
        "Gross Profit": NaN,
        "Operating Income": NaN,
        "EBIT": NaN,
        "Net Income": 886
    },
    "2011-12-31": {
        "Diluted EPS": 0.41,
        "Total Revenue": NaN,
        "Gross Profit": NaN,
        "Operating Income": NaN,
        "EBIT": NaN,
        "Net Income": NaN
    },
    "2011-09-30": {
        "Diluted EPS": 0.62,
        "Total Revenue": NaN,
        "Gross Profit": NaN,
        "Operating Income": NaN,
        "EBIT": NaN,
        "Net Income": NaN
    },
    "2011-06-30": {
        "Diluted EPS": 0.57,
        "Total Revenue": NaN,
        "Gross Profit": NaN,
        "Operating Income": NaN,
        "EBIT": NaN,
        "Net Income": NaN
    },
    "2011-03-31": {
        "Diluted EPS": 0.54,
        "Total Revenue": NaN,
        "Gross Profit": NaN,
        "Operating Income": NaN,
        "EBIT": NaN,
        "Net Income": NaN
    },
    "2010-12-31": {
        "Diluted EPS": 0.15,
        "Total Revenue": NaN,
        "Gross Profit": NaN,
        "Operating Income": 325,
        "EBIT": NaN,
        "Net Income": 584
    },
    "2010-09-30": {
        "Diluted EPS": 0.14,
        "Total Revenue": NaN,
        "Gross Profit": NaN,
        "Operating Income": NaN,
        "EBIT": NaN,
        "Net Income": 515
    },
    "2010-06-30": {
        "Diluted EPS": 0.41,
        "Total Revenue": NaN,
        "Gross Profit": NaN,
        "Operating Income": NaN,
        "EBIT": NaN,
        "Net Income": NaN
    },
    "2010-03-31": {
        "Diluted EPS": 0.45,
        "Total Revenue": NaN,
        "Gross Profit": NaN,
        "Operating Income": NaN,
        "EBIT": NaN,
        "Net Income": NaN
    },
    "2009-12-31": {
        "Diluted EPS": -0.49,
        "Total Revenue": NaN,
        "Gross Profit": NaN,
        "Operating Income": NaN,
        "EBIT": NaN,
        "Net Income": NaN
    },
    "2009-09-30": {
        "Diluted EPS": 0.37,
        "Total Revenue": NaN,
        "Gross Profit": NaN,
        "Operating Income": 985,
        "EBIT": NaN,
        "Net Income": 748
    },
    "2009-06-30": {
        "Diluted EPS": 0.04,
        "Total Revenue": NaN,
        "Gross Profit": NaN,
        "Operating Income": 105,
        "EBIT": NaN,
        "Net Income": 100
    },
    "2009-03-31": {
        "Diluted EPS": -0.5,
        "Total Revenue": NaN,
        "Gross Profit": NaN,
        "Operating Income": NaN,
        "EBIT": NaN,
        "Net Income": NaN
    },
    "2023-12-31": {
        "Tax Effect Of Unusual Items": NaN,
        "Tax Rate For Calcs": NaN,
        "Total Unusual Items": -114000000.0,
        "Total Unusual Items Excluding Goodwill": -114000000.0,
        "Net Income From Continuing Operation Net Minority Interest": NaN,
        "Net Interest Income": NaN,
        "Interest Income": NaN,
        "Normalized Income": NaN,
        "Net Income From Continuing And Discontinued Operation": NaN,
        "Diluted Average Shares": 3460900000.0,
        "Basic Average Shares": 3460900000.0,
        "Diluted EPS": 0.45,
        "Basic EPS": 0.45,
        "Diluted NI Availto Com Stockholders": NaN,
        "Net Income Common Stockholders": NaN,
        "Net Income": NaN,
        "Minority Interests": NaN,
        "Net Income Including Noncontrolling Interests": NaN,
        "Net Income Continuous Operations": NaN,
        "Tax Provision": NaN,
        "Pretax Income": NaN,
        "Special Income Charges": -114000000.0,
        "Other Special Charges": 114000000.0,
        "Restructuring And Mergern Acquisition": NaN,
        "Gain On Sale Of Security": NaN,
        "Total Revenue": NaN,
        "Operating Revenue": NaN,
        "Other Non Interest Expense": NaN
    },
    "2023-09-30": {
        "Tax Effect Of Unusual Items": NaN,
        "Tax Rate For Calcs": NaN,
        "Total Unusual Items": -46000000.0,
        "Total Unusual Items Excluding Goodwill": -46000000.0,
        "Net Income From Continuing Operation Net Minority Interest": NaN,
        "Net Interest Income": NaN,
        "Interest Income": NaN,
        "Normalized Income": NaN,
        "Net Income From Continuing And Discontinued Operation": NaN,
        "Diluted Average Shares": NaN,
        "Basic Average Shares": NaN,
        "Diluted EPS": NaN,
        "Basic EPS": NaN,
        "Diluted NI Availto Com Stockholders": NaN,
        "Net Income Common Stockholders": NaN,
        "Net Income": NaN,
        "Minority Interests": NaN,
        "Net Income Including Noncontrolling Interests": NaN,
        "Net Income Continuous Operations": NaN,
        "Tax Provision": NaN,
        "Pretax Income": NaN,
        "Special Income Charges": -46000000.0,
        "Other Special Charges": 26000000.0,
        "Restructuring And Mergern Acquisition": 46000000.0,
        "Gain On Sale Of Security": NaN,
        "Total Revenue": NaN,
        "Operating Revenue": NaN,
        "Other Non Interest Expense": NaN
    },
    "2024-03-31": {
        "Tax Effect Of Unusual Items": NaN,
        "Tax Rate For Calcs": NaN,
        "Total Unusual Items": NaN,
        "Total Unusual Items Excluding Goodwill": NaN,
        "Net Income From Continuing Operation Net Minority Interest": NaN,
        "Net Interest Income": NaN,
        "Interest Income": NaN,
        "Normalized Income": NaN,
        "Net Income From Continuing And Discontinued Operation": NaN,
        "Diluted Average Shares": 3309500000.0,
        "Basic Average Shares": 3309500000.0,
        "Diluted EPS": 0.48,
        "Basic EPS": 0.48,
        "Diluted NI Availto Com Stockholders": NaN,
        "Net Income Common Stockholders": NaN,
        "Net Income": NaN,
        "Minority Interests": NaN,
        "Net Income Including Noncontrolling Interests": NaN,
        "Net Income Continuous Operations": NaN,
        "Tax Provision": NaN,
        "Pretax Income": NaN,
        "Special Income Charges": NaN,
        "Gain On Sale Of Business": NaN,
        "Other Special Charges": NaN,
        "Restructuring And Mergern Acquisition": NaN,
        "Gain On Sale Of Security": NaN,
        "Total Revenue": NaN,
        "Operating Revenue": NaN,
        "Other Non Interest Expense": NaN
    },
    "2024-06-30": {
        "Tax Effect Of Unusual Items": 0.0,
        "Tax Rate For Calcs": 0.285047,
        "Total Unusual Items": NaN,
        "Total Unusual Items Excluding Goodwill": NaN,
        "Net Income From Continuing Operation Net Minority Interest": 1780000000.0,
        "Net Interest Income": 3830000000.0,
        "Interest Income": 25999000000.0,
        "Normalized Income": 1780000000.0,
        "Net Income From Continuing And Discontinued Operation": 1780000000.0,
        "Diluted Average Shares": NaN,
        "Basic Average Shares": NaN,
        "Diluted EPS": NaN,
        "Basic EPS": NaN,
        "Diluted NI Availto Com Stockholders": 1780000000.0,
        "Net Income Common Stockholders": 1780000000.0,
        "Net Income": 1780000000.0,
        "Minority Interests": -57000000.0,
        "Net Income Including Noncontrolling Interests": 1836000000.0,
        "Net Income Continuous Operations": 1836000000.0,
        "Tax Provision": 732000000.0,
        "Pretax Income": 2568000000.0,
        "Special Income Charges": NaN,
        "Other Special Charges": NaN,
        "Restructuring And Mergern Acquisition": NaN,
        "Gain On Sale Of Security": 1621000000.0,
        "Total Revenue": 5698000000.0,
        "Operating Revenue": 5698000000.0,
        "Other Non Interest Expense": -1579000000.0
    },
    "2024-09-30": {
        "Tax Effect Of Unusual Items": -6504000.0,
        "Tax Rate For Calcs": 0.271,
        "Total Unusual Items": -24000000.0,
        "Total Unusual Items Excluding Goodwill": -24000000.0,
        "Net Income From Continuing Operation Net Minority Interest": 1880000000.0,
        "Net Interest Income": 3689000000.0,
        "Interest Income": 3689000000.0,
        "Normalized Income": 1897496000.0,
        "Net Income From Continuing And Discontinued Operation": 1880000000.0,
        "Diluted Average Shares": 3200600000.0,
        "Basic Average Shares": 3200600000.0,
        "Diluted EPS": 0.59,
        "Basic EPS": 0.59,
        "Diluted NI Availto Com Stockholders": 1880000000.0,
        "Net Income Common Stockholders": 1880000000.0,
        "Net Income": 1880000000.0,
        "Minority Interests": -65000000.0,
        "Net Income Including Noncontrolling Interests": 1944000000.0,
        "Net Income Continuous Operations": 1944000000.0,
        "Tax Provision": 724000000.0,
        "Pretax Income": 2668000000.0,
        "Special Income Charges": -24000000.0,
        "Gain On Sale Of Business": NaN,
        "Other Special Charges": 3000000.0,
        "Restructuring And Mergern Acquisition": 24000000.0,
        "Gain On Sale Of Security": 52000000.0,
        "Total Revenue": 5910000000.0,
        "Operating Revenue": 5910000000.0,
        "Other Non Interest Expense": 2880000000.0
    },
    "2024-12-31": {
        "Tax Effect Of Unusual Items": -33048000.0,
        "Tax Rate For Calcs": 0.306,
        "Total Unusual Items": -108000000.0,
        "Total Unusual Items Excluding Goodwill": -108000000.0,
        "Net Income From Continuing Operation Net Minority Interest": 1154000000.0,
        "Net Interest Income": 3680000000.0,
        "Interest Income": 3680000000.0,
        "Normalized Income": 1228952000.0,
        "Net Income From Continuing And Discontinued Operation": 1154000000.0,
        "Diluted Average Shares": 3130000000.0,
        "Basic Average Shares": 3130000000.0,
        "Diluted EPS": 0.37,
        "Basic EPS": 0.37,
        "Diluted NI Availto Com Stockholders": 1154000000.0,
        "Net Income Common Stockholders": 1154000000.0,
        "Net Income": 1154000000.0,
        "Minority Interests": -74000000.0,
        "Net Income Including Noncontrolling Interests": 1229000000.0,
        "Net Income Continuous Operations": 1229000000.0,
        "Tax Provision": 542000000.0,
        "Pretax Income": 1771000000.0,
        "Special Income Charges": -108000000.0,
        "Gain On Sale Of Business": NaN,
        "Other Special Charges": 43000000.0,
        "Restructuring And Mergern Acquisition": 65000000.0,
        "Gain On Sale Of Security": -63000000.0,
        "Total Revenue": 5407000000.0,
        "Operating Revenue": 5407000000.0,
        "Other Non Interest Expense": 3228000000.0
    },
    "2025-03-31": {
        "Tax Effect Of Unusual Items": -5680000.0,
        "Tax Rate For Calcs": 0.284,
        "Total Unusual Items": -20000000.0,
        "Total Unusual Items Excluding Goodwill": -20000000.0,
        "Net Income From Continuing Operation Net Minority Interest": 1455000000.0,
        "Net Interest Income": 3622000000.0,
        "Interest Income": 3622000000.0,
        "Normalized Income": 1469320000.0,
        "Net Income From Continuing And Discontinued Operation": 1455000000.0,
        "Diluted Average Shares": 3071500000.0,
        "Basic Average Shares": 3071500000.0,
        "Diluted EPS": 0.47,
        "Basic EPS": 0.47,
        "Diluted NI Availto Com Stockholders": 1455000000.0,
        "Net Income Common Stockholders": 1455000000.0,
        "Net Income": 1455000000.0,
        "Minority Interests": -65000000.0,
        "Net Income Including Noncontrolling Interests": 1520000000.0,
        "Net Income Continuous Operations": 1520000000.0,
        "Tax Provision": 604000000.0,
        "Pretax Income": 2124000000.0,
        "Special Income Charges": -20000000.0,
        "Gain On Sale Of Business": NaN,
        "Other Special Charges": 14000000.0,
        "Restructuring And Mergern Acquisition": 6000000.0,
        "Gain On Sale Of Security": 27000000.0,
        "Total Revenue": 5636000000.0,
        "Operating Revenue": 5636000000.0,
        "Other Non Interest Expense": 3180000000.0
    },
    "2025-06-30": {
        "Tax Effect Of Unusual Items": -17368087.80076,
        "Tax Rate For Calcs": 0.267201,
        "Total Unusual Items": -65000000.0,
        "Total Unusual Items Excluding Goodwill": -65000000.0,
        "Net Income From Continuing Operation Net Minority Interest": 1675000000.0,
        "Net Interest Income": 3537000000.0,
        "Interest Income": 22090000000.0,
        "Normalized Income": 1722631912.19924,
        "Net Income From Continuing And Discontinued Operation": 1675000000.0,
        "Diluted Average Shares": NaN,
        "Basic Average Shares": NaN,
        "Diluted EPS": NaN,
        "Basic EPS": NaN,
        "Diluted NI Availto Com Stockholders": 1675000000.0,
        "Net Income Common Stockholders": 1675000000.0,
        "Net Income": 1675000000.0,
        "Minority Interests": -62000000.0,
        "Net Income Including Noncontrolling Interests": 1736000000.0,
        "Net Income Continuous Operations": 1736000000.0,
        "Tax Provision": 633000000.0,
        "Pretax Income": 2369000000.0,
        "Special Income Charges": -65000000.0,
        "Gain On Sale Of Business": NaN,
        "Other Special Charges": NaN,
        "Restructuring And Mergern Acquisition": 79000000.0,
        "Gain On Sale Of Security": -3688000000.0,
        "Total Revenue": 5704000000.0,
        "Operating Revenue": 5704000000.0,
        "Other Non Interest Expense": -1523000000.0
    },
    "2025-09-30": {
        "Tax Effect Of Unusual Items": -7975000.0,
        "Tax Rate For Calcs": 0.275,
        "Total Unusual Items": -29000000.0,
        "Total Unusual Items Excluding Goodwill": -29000000.0,
        "Net Income From Continuing Operation Net Minority Interest": 1787000000.0,
        "Net Interest Income": 3705000000.0,
        "Interest Income": 3705000000.0,
        "Normalized Income": 1808025000.0,
        "Net Income From Continuing And Discontinued Operation": 1787000000.0,
        "Diluted Average Shares": 2960300000.0,
        "Basic Average Shares": 2960300000.0,
        "Diluted EPS": 0.6,
        "Basic EPS": 0.6,
        "Diluted NI Availto Com Stockholders": 1787000000.0,
        "Net Income Common Stockholders": 1787000000.0,
        "Net Income": 1787000000.0,
        "Minority Interests": -70000000.0,
        "Net Income Including Noncontrolling Interests": 1857000000.0,
        "Net Income Continuous Operations": 1857000000.0,
        "Tax Provision": 703000000.0,
        "Pretax Income": 2560000000.0,
        "Special Income Charges": -29000000.0,
        "Gain On Sale Of Business": 44000000.0,
        "Other Special Charges": NaN,
        "Restructuring And Mergern Acquisition": 73000000.0,
        "Gain On Sale Of Security": 66000000.0,
        "Total Revenue": 5854000000.0,
        "Operating Revenue": 5854000000.0,
        "Other Non Interest Expense": 2939000000.0
    }
}