{
    "2023-06-30": {
        "Tax Effect Of Unusual Items": NaN,
        "Tax Rate For Calcs": NaN,
        "Normalized EBITDA": NaN,
        "Net Income From Continuing Operation Net Minority Interest": NaN,
        "Reconciled Depreciation": NaN,
        "Reconciled Cost Of Revenue": NaN,
        "EBITDA": NaN,
        "EBIT": NaN,
        "Net Interest Income": NaN,
        "Interest Income": NaN,
        "Normalized Income": NaN,
        "Net Income From Continuing And Discontinued Operation": NaN,
        "Total Expenses": NaN,
        "Total Operating Income As Reported": NaN,
        "Diluted Average Shares": NaN,
        "Basic Average Shares": NaN,
        "Diluted EPS": NaN,
        "Basic EPS": NaN,
        "Diluted NI Availto Com Stockholders": NaN,
        "Net Income Common Stockholders": NaN,
        "Net Income": NaN,
        "Minority Interests": 0.0,
        "Net Income Including Noncontrolling Interests": NaN,
        "Net Income Continuous Operations": NaN,
        "Tax Provision": NaN,
        "Pretax Income": NaN,
        "Net Non Operating Interest Income Expense": NaN,
        "Total Other Finance Cost": -4445000.0,
        "Interest Income Non Operating": NaN,
        "Operating Income": NaN,
        "Operating Expense": NaN,
        "Research And Development": NaN,
        "Selling General And Administration": NaN,
        "Selling And Marketing Expense": NaN,
        "General And Administrative Expense": NaN,
        "Other Gand A": NaN,
        "Gross Profit": NaN,
        "Cost Of Revenue": NaN,
        "Total Revenue": NaN,
        "Operating Revenue": NaN
    },
    "2023-03-31": {
        "Tax Effect Of Unusual Items": NaN,
        "Tax Rate For Calcs": NaN,
        "Normalized EBITDA": NaN,
        "Net Income From Continuing Operation Net Minority Interest": NaN,
        "Reconciled Depreciation": NaN,
        "Reconciled Cost Of Revenue": NaN,
        "EBITDA": NaN,
        "EBIT": NaN,
        "Net Interest Income": NaN,
        "Interest Income": 3289000.0,
        "Normalized Income": NaN,
        "Net Income From Continuing And Discontinued Operation": NaN,
        "Total Expenses": NaN,
        "Total Operating Income As Reported": NaN,
        "Diluted Average Shares": NaN,
        "Basic Average Shares": NaN,
        "Diluted EPS": NaN,
        "Basic EPS": NaN,
        "Diluted NI Availto Com Stockholders": NaN,
        "Net Income Common Stockholders": NaN,
        "Net Income": NaN,
        "Minority Interests": NaN,
        "Net Income Including Noncontrolling Interests": NaN,
        "Net Income Continuous Operations": NaN,
        "Tax Provision": NaN,
        "Pretax Income": NaN,
        "Net Non Operating Interest Income Expense": NaN,
        "Total Other Finance Cost": NaN,
        "Interest Income Non Operating": 3289000.0,
        "Operating Income": NaN,
        "Operating Expense": NaN,
        "Research And Development": NaN,
        "Selling General And Administration": NaN,
        "Selling And Marketing Expense": NaN,
        "General And Administrative Expense": NaN,
        "Other Gand A": NaN,
        "Gross Profit": NaN,
        "Cost Of Revenue": NaN,
        "Total Revenue": NaN,
        "Operating Revenue": NaN
    },
    "2022-12-31": {
        "Tax Effect Of Unusual Items": NaN,
        "Tax Rate For Calcs": NaN,
        "Normalized EBITDA": NaN,
        "Net Income From Continuing Operation Net Minority Interest": NaN,
        "Reconciled Depreciation": NaN,
        "Reconciled Cost Of Revenue": NaN,
        "EBITDA": NaN,
        "EBIT": NaN,
        "Net Interest Income": NaN,
        "Interest Income": NaN,
        "Normalized Income": NaN,
        "Net Income From Continuing And Discontinued Operation": NaN,
        "Total Expenses": NaN,
        "Total Operating Income As Reported": NaN,
        "Diluted Average Shares": NaN,
        "Basic Average Shares": NaN,
        "Diluted EPS": NaN,
        "Basic EPS": NaN,
        "Diluted NI Availto Com Stockholders": NaN,
        "Net Income Common Stockholders": NaN,
        "Net Income": NaN,
        "Minority Interests": 0.0,
        "Net Income Including Noncontrolling Interests": NaN,
        "Net Income Continuous Operations": NaN,
        "Tax Provision": NaN,
        "Pretax Income": NaN,
        "Net Non Operating Interest Income Expense": NaN,
        "Total Other Finance Cost": NaN,
        "Interest Income Non Operating": NaN,
        "Operating Income": NaN,
        "Operating Expense": NaN,
        "Research And Development": NaN,
        "Selling General And Administration": NaN,
        "Selling And Marketing Expense": NaN,
        "General And Administrative Expense": NaN,
        "Other Gand A": NaN,
        "Gross Profit": NaN,
        "Cost Of Revenue": NaN,
        "Total Revenue": NaN,
        "Operating Revenue": NaN
    },
    "2022-09-30": {
        "Tax Effect Of Unusual Items": NaN,
        "Tax Rate For Calcs": NaN,
        "Normalized EBITDA": NaN,
        "Net Income From Continuing Operation Net Minority Interest": NaN,
        "Reconciled Depreciation": NaN,
        "Reconciled Cost Of Revenue": NaN,
        "EBITDA": NaN,
        "EBIT": NaN,
        "Net Interest Income": NaN,
        "Interest Income": NaN,
        "Normalized Income": NaN,
        "Net Income From Continuing And Discontinued Operation": NaN,
        "Total Expenses": NaN,
        "Total Operating Income As Reported": NaN,
        "Diluted Average Shares": NaN,
        "Basic Average Shares": NaN,
        "Diluted EPS": NaN,
        "Basic EPS": NaN,
        "Diluted NI Availto Com Stockholders": NaN,
        "Net Income Common Stockholders": NaN,
        "Net Income": NaN,
        "Minority Interests": 0.0,
        "Net Income Including Noncontrolling Interests": NaN,
        "Net Income Continuous Operations": NaN,
        "Tax Provision": NaN,
        "Pretax Income": NaN,
        "Net Non Operating Interest Income Expense": NaN,
        "Total Other Finance Cost": -189000.0,
        "Interest Income Non Operating": NaN,
        "Operating Income": NaN,
        "Operating Expense": NaN,
        "Research And Development": NaN,
        "Selling General And Administration": NaN,
        "Selling And Marketing Expense": NaN,
        "General And Administrative Expense": NaN,
        "Other Gand A": NaN,
        "Gross Profit": NaN,
        "Cost Of Revenue": NaN,
        "Total Revenue": NaN,
        "Operating Revenue": NaN
    },
    "2022-06-30": {
        "Tax Effect Of Unusual Items": 0.0,
        "Tax Rate For Calcs": 0.08775,
        "Normalized EBITDA": 49358000.0,
        "Net Income From Continuing Operation Net Minority Interest": 44048000.0,
        "Reconciled Depreciation": 155000.0,
        "Reconciled Cost Of Revenue": 18946000.0,
        "EBITDA": 49358000.0,
        "EBIT": 49203000.0,
        "Net Interest Income": -918000.0,
        "Interest Income": NaN,
        "Normalized Income": 44048000.0,
        "Net Income From Continuing And Discontinued Operation": 44048000.0,
        "Total Expenses": 64344000.0,
        "Total Operating Income As Reported": 49203000.0,
        "Diluted Average Shares": 84663000.0,
        "Basic Average Shares": 82216000.0,
        "Diluted EPS": 0.52,
        "Basic EPS": 0.54,
        "Diluted NI Availto Com Stockholders": 44048000.0,
        "Net Income Common Stockholders": 44048000.0,
        "Net Income": 44048000.0,
        "Minority Interests": 0.0,
        "Net Income Including Noncontrolling Interests": 44048000.0,
        "Net Income Continuous Operations": 44048000.0,
        "Tax Provision": 4237000.0,
        "Pretax Income": 48285000.0,
        "Net Non Operating Interest Income Expense": -918000.0,
        "Total Other Finance Cost": 918000.0,
        "Interest Income Non Operating": NaN,
        "Operating Income": 49203000.0,
        "Operating Expense": 45398000.0,
        "Research And Development": 3183000.0,
        "Selling General And Administration": 42215000.0,
        "Selling And Marketing Expense": 39653000.0,
        "General And Administrative Expense": 2562000.0,
        "Other Gand A": 2562000.0,
        "Gross Profit": 94601000.0,
        "Cost Of Revenue": 18946000.0,
        "Total Revenue": 113547000.0,
        "Operating Revenue": 113547000.0
    },
    "2022-03-31": {
        "Diluted EPS": 0.36,
        "Total Revenue": 86,
        "Gross Profit": 71,
        "Operating Income": 35,
        "EBIT": 35,
        "Net Income": 31
    },
    "2021-12-31": {
        "Diluted EPS": 0.61,
        "Total Revenue": 111,
        "Gross Profit": 94,
        "Operating Income": 54,
        "EBIT": 54,
        "Net Income": 53
    },
    "2021-09-30": {
        "Diluted EPS": 0.52,
        "Total Revenue": 94,
        "Gross Profit": 80,
        "Operating Income": 45,
        "EBIT": 45,
        "Net Income": 45
    },
    "2021-06-30": {
        "Diluted EPS": 0.48,
        "Total Revenue": 87,
        "Gross Profit": 75,
        "Operating Income": 42,
        "EBIT": 42,
        "Net Income": 41
    },
    "2021-03-31": {
        "Diluted EPS": 0.31,
        "Total Revenue": 66,
        "Gross Profit": 55,
        "Operating Income": 27,
        "EBIT": 27,
        "Net Income": 27
    },
    "2020-12-31": {
        "Diluted EPS": 0.43,
        "Total Revenue": 75,
        "Gross Profit": 65,
        "Operating Income": 35,
        "EBIT": 36,
        "Net Income": 36
    },
    "2020-09-30": {
        "Diluted EPS": 0.28,
        "Total Revenue": 60,
        "Gross Profit": 50,
        "Operating Income": 23,
        "EBIT": 23,
        "Net Income": 24
    },
    "2020-06-30": {
        "Diluted EPS": 0.11,
        "Total Revenue": 31,
        "Gross Profit": 26,
        "Operating Income": 8,
        "EBIT": 8,
        "Net Income": 9
    },
    "2020-03-31": {
        "Diluted EPS": 0.08,
        "Total Revenue": 40,
        "Gross Profit": 34,
        "Operating Income": 6,
        "EBIT": 6,
        "Net Income": 6
    },
    "2019-12-31": {
        "Diluted EPS": 0.23,
        "Total Revenue": 47,
        "Gross Profit": 41,
        "Operating Income": 18,
        "EBIT": 18,
        "Net Income": 19
    },
    "2019-09-30": {
        "Diluted EPS": 0.21,
        "Total Revenue": 40,
        "Gross Profit": 35,
        "Operating Income": 16,
        "EBIT": 16,
        "Net Income": 16
    },
    "2019-06-30": {
        "Diluted EPS": 0.23,
        "Total Revenue": 39,
        "Gross Profit": 34,
        "Operating Income": 16,
        "EBIT": 16,
        "Net Income": 16
    },
    "2019-03-31": {
        "Diluted EPS": 0.14,
        "Total Revenue": 31,
        "Gross Profit": 26,
        "Operating Income": 10,
        "EBIT": 10,
        "Net Income": 10
    },
    "2018-12-31": {
        "Diluted EPS": -0.01,
        "Total Revenue": 29,
        "Gross Profit": 25,
        "Operating Income": 1,
        "EBIT": 1,
        "Net Income": 0
    },
    "2018-09-30": {
        "Diluted EPS": 0.13,
        "Total Revenue": 25,
        "Gross Profit": 22,
        "Operating Income": 8,
        "EBIT": 8,
        "Net Income": 9
    },
    "2018-06-30": {
        "Diluted EPS": 0.11,
        "Total Revenue": 25,
        "Gross Profit": 21,
        "Operating Income": 8,
        "EBIT": 8,
        "Net Income": 8
    },
    "2018-03-31": {
        "Diluted EPS": 0.09,
        "Total Revenue": 21,
        "Gross Profit": 17,
        "Operating Income": 6,
        "EBIT": 6,
        "Net Income": 6
    },
    "2017-12-31": {
        "Diluted EPS": 0.0,
        "Total Revenue": NaN,
        "Gross Profit": NaN,
        "Operating Income": NaN,
        "EBIT": NaN,
        "Net Income": NaN
    },
    "2023-09-30": {
        "Tax Effect Of Unusual Items": NaN,
        "Tax Rate For Calcs": NaN,
        "Normalized EBITDA": NaN,
        "Net Income From Continuing Operation Net Minority Interest": NaN,
        "Reconciled Depreciation": NaN,
        "Reconciled Cost Of Revenue": NaN,
        "EBITDA": NaN,
        "EBIT": NaN,
        "Net Interest Income": NaN,
        "Interest Income": NaN,
        "Normalized Income": NaN,
        "Net Income From Continuing And Discontinued Operation": NaN,
        "Total Expenses": NaN,
        "Total Operating Income As Reported": NaN,
        "Diluted Average Shares": NaN,
        "Basic Average Shares": NaN,
        "Diluted EPS": NaN,
        "Basic EPS": NaN,
        "Diluted NI Availto Com Stockholders": NaN,
        "Net Income Common Stockholders": NaN,
        "Net Income": NaN,
        "Net Income Including Noncontrolling Interests": NaN,
        "Net Income Continuous Operations": NaN,
        "Tax Provision": NaN,
        "Pretax Income": NaN,
        "Net Non Operating Interest Income Expense": NaN,
        "Total Other Finance Cost": -4953000.0,
        "Interest Income Non Operating": NaN,
        "Operating Income": NaN,
        "Operating Expense": NaN,
        "Research And Development": NaN,
        "Selling General And Administration": NaN,
        "Selling And Marketing Expense": NaN,
        "General And Administrative Expense": NaN,
        "Other Gand A": NaN,
        "Gross Profit": NaN,
        "Cost Of Revenue": NaN,
        "Total Revenue": NaN,
        "Operating Revenue": NaN
    },
    "2023-12-31": {
        "Tax Effect Of Unusual Items": 0.0,
        "Tax Rate For Calcs": 0.08309,
        "Normalized EBITDA": 51366000.0,
        "Net Income From Continuing Operation Net Minority Interest": 55165000.0,
        "Reconciled Depreciation": 122000.0,
        "Reconciled Cost Of Revenue": 20264000.0,
        "EBITDA": 51366000.0,
        "EBIT": 51244000.0,
        "Net Interest Income": 8920000.0,
        "Interest Income": NaN,
        "Normalized Income": 55165000.0,
        "Net Income From Continuing And Discontinued Operation": 55165000.0,
        "Total Expenses": 75537000.0,
        "Total Operating Income As Reported": 51244000.0,
        "Diluted Average Shares": 85835000.0,
        "Basic Average Shares": 83862000.0,
        "Diluted EPS": 0.64,
        "Basic EPS": 0.66,
        "Diluted NI Availto Com Stockholders": 55165000.0,
        "Net Income Common Stockholders": 55165000.0,
        "Net Income": 55165000.0,
        "Net Income Including Noncontrolling Interests": 55165000.0,
        "Net Income Continuous Operations": 55165000.0,
        "Tax Provision": 4999000.0,
        "Pretax Income": 60164000.0,
        "Net Non Operating Interest Income Expense": 8920000.0,
        "Total Other Finance Cost": NaN,
        "Interest Income Non Operating": NaN,
        "Operating Income": 51244000.0,
        "Operating Expense": 55273000.0,
        "Research And Development": 3473000.0,
        "Selling General And Administration": 51800000.0,
        "Selling And Marketing Expense": 49451000.0,
        "General And Administrative Expense": 2349000.0,
        "Other Gand A": 2349000.0,
        "Gross Profit": 106517000.0,
        "Cost Of Revenue": 20264000.0,
        "Total Revenue": 126781000.0,
        "Operating Revenue": 126781000.0
    },
    "2024-03-31": {
        "Tax Effect Of Unusual Items": 0.0,
        "Tax Rate For Calcs": 0.091272,
        "Normalized EBITDA": 18257000.0,
        "Net Income From Continuing Operation Net Minority Interest": 23696000.0,
        "Reconciled Depreciation": 165000.0,
        "Reconciled Cost Of Revenue": 16365000.0,
        "EBITDA": 18257000.0,
        "EBIT": 18092000.0,
        "Net Interest Income": 7984000.0,
        "Interest Income": 7984000.0,
        "Normalized Income": 23696000.0,
        "Net Income From Continuing And Discontinued Operation": 23696000.0,
        "Total Expenses": 62192000.0,
        "Total Operating Income As Reported": 18092000.0,
        "Diluted Average Shares": 85965000.0,
        "Basic Average Shares": 84523000.0,
        "Diluted EPS": 0.28,
        "Basic EPS": 0.28,
        "Diluted NI Availto Com Stockholders": 23696000.0,
        "Net Income Common Stockholders": 23696000.0,
        "Net Income": 23696000.0,
        "Net Income Including Noncontrolling Interests": 23696000.0,
        "Net Income Continuous Operations": 23696000.0,
        "Tax Provision": 2380000.0,
        "Pretax Income": 26076000.0,
        "Net Non Operating Interest Income Expense": 7984000.0,
        "Total Other Finance Cost": NaN,
        "Interest Income Non Operating": 7984000.0,
        "Operating Income": 18092000.0,
        "Operating Expense": 45827000.0,
        "Research And Development": 3518000.0,
        "Selling General And Administration": 42309000.0,
        "Selling And Marketing Expense": 39795000.0,
        "General And Administrative Expense": 2514000.0,
        "Other Gand A": 2514000.0,
        "Gross Profit": 63919000.0,
        "Cost Of Revenue": 16365000.0,
        "Total Revenue": 80284000.0,
        "Operating Revenue": 80284000.0
    },
    "2024-06-30": {
        "Tax Effect Of Unusual Items": 0.0,
        "Tax Rate For Calcs": 0.117983,
        "Normalized EBITDA": 18491000.0,
        "Net Income From Continuing Operation Net Minority Interest": 23818000.0,
        "Reconciled Depreciation": 177000.0,
        "Reconciled Cost Of Revenue": 17116000.0,
        "EBITDA": 18491000.0,
        "EBIT": 18314000.0,
        "Net Interest Income": 8690000.0,
        "Interest Income": NaN,
        "Normalized Income": 23818000.0,
        "Net Income From Continuing And Discontinued Operation": 23818000.0,
        "Total Expenses": 68135000.0,
        "Total Operating Income As Reported": 18314000.0,
        "Diluted Average Shares": 85890000.0,
        "Basic Average Shares": 83878000.0,
        "Diluted EPS": 0.28,
        "Basic EPS": 0.28,
        "Diluted NI Availto Com Stockholders": 23818000.0,
        "Net Income Common Stockholders": 23818000.0,
        "Net Income": 23818000.0,
        "Net Income Including Noncontrolling Interests": 23818000.0,
        "Net Income Continuous Operations": 23818000.0,
        "Tax Provision": 3186000.0,
        "Pretax Income": 27004000.0,
        "Net Non Operating Interest Income Expense": 8690000.0,
        "Total Other Finance Cost": -8690000.0,
        "Interest Income Non Operating": NaN,
        "Operating Income": 18314000.0,
        "Operating Expense": 51019000.0,
        "Research And Development": 3698000.0,
        "Selling General And Administration": 47321000.0,
        "Selling And Marketing Expense": 45055000.0,
        "General And Administrative Expense": 2266000.0,
        "Other Gand A": 2266000.0,
        "Gross Profit": 69333000.0,
        "Cost Of Revenue": 17116000.0,
        "Total Revenue": 86449000.0,
        "Operating Revenue": 86449000.0
    },
    "2024-09-30": {
        "Tax Effect Of Unusual Items": 0.0,
        "Tax Rate For Calcs": 0.123567,
        "Normalized EBITDA": 48399000.0,
        "Net Income From Continuing Operation Net Minority Interest": 50990000.0,
        "Reconciled Depreciation": 138000.0,
        "Reconciled Cost Of Revenue": 24055000.0,
        "EBITDA": 48399000.0,
        "EBIT": 48261000.0,
        "Net Interest Income": 9918000.0,
        "Interest Income": NaN,
        "Normalized Income": 50990000.0,
        "Net Income From Continuing And Discontinued Operation": 50990000.0,
        "Total Expenses": 81971000.0,
        "Total Operating Income As Reported": 48261000.0,
        "Diluted Average Shares": 77908000.0,
        "Basic Average Shares": 77022000.0,
        "Diluted EPS": 0.65,
        "Basic EPS": 0.66,
        "Diluted NI Availto Com Stockholders": 50990000.0,
        "Net Income Common Stockholders": 50990000.0,
        "Net Income": 50990000.0,
        "Net Income Including Noncontrolling Interests": 50990000.0,
        "Net Income Continuous Operations": 50990000.0,
        "Tax Provision": 7189000.0,
        "Pretax Income": 58179000.0,
        "Net Non Operating Interest Income Expense": 9918000.0,
        "Total Other Finance Cost": -9918000.0,
        "Interest Income Non Operating": NaN,
        "Operating Income": 48261000.0,
        "Operating Expense": 57916000.0,
        "Research And Development": 3254000.0,
        "Selling General And Administration": 54662000.0,
        "Selling And Marketing Expense": 51863000.0,
        "General And Administrative Expense": 2799000.0,
        "Other Gand A": 2799000.0,
        "Gross Profit": 106177000.0,
        "Cost Of Revenue": 24055000.0,
        "Total Revenue": 130232000.0,
        "Operating Revenue": 130232000.0
    },
    "2024-12-31": {
        "Tax Effect Of Unusual Items": 0.0,
        "Tax Rate For Calcs": 0.21,
        "Normalized EBITDA": 28112000.0,
        "Net Income From Continuing Operation Net Minority Interest": 82771000.0,
        "Reconciled Depreciation": 248000.0,
        "Reconciled Cost Of Revenue": 20216000.0,
        "EBITDA": 28112000.0,
        "EBIT": 27864000.0,
        "Net Interest Income": 4346000.0,
        "Interest Income": NaN,
        "Normalized Income": 82771000.0,
        "Net Income From Continuing And Discontinued Operation": 82771000.0,
        "Total Expenses": 69989000.0,
        "Total Operating Income As Reported": 27864000.0,
        "Diluted Average Shares": 72787000.0,
        "Basic Average Shares": 71874000.0,
        "Diluted EPS": 1.14,
        "Basic EPS": 1.15,
        "Diluted NI Availto Com Stockholders": 82771000.0,
        "Net Income Common Stockholders": 82771000.0,
        "Net Income": 82771000.0,
        "Net Income Including Noncontrolling Interests": 82771000.0,
        "Net Income Continuous Operations": 82771000.0,
        "Tax Provision": -50561000.0,
        "Pretax Income": 32210000.0,
        "Net Non Operating Interest Income Expense": 4346000.0,
        "Total Other Finance Cost": NaN,
        "Interest Income Non Operating": NaN,
        "Operating Income": 27864000.0,
        "Operating Expense": 49773000.0,
        "Research And Development": 2667000.0,
        "Selling General And Administration": 47106000.0,
        "Selling And Marketing Expense": 44653000.0,
        "General And Administrative Expense": 2453000.0,
        "Other Gand A": 2453000.0,
        "Gross Profit": 77637000.0,
        "Cost Of Revenue": 20216000.0,
        "Total Revenue": 97853000.0,
        "Operating Revenue": 97853000.0
    },
    "2025-03-31": {
        "Tax Effect Of Unusual Items": 0.0,
        "Tax Rate For Calcs": 0.190239,
        "Normalized EBITDA": 15792000.0,
        "Net Income From Continuing Operation Net Minority Interest": 18201000.0,
        "Reconciled Depreciation": 174000.0,
        "Reconciled Cost Of Revenue": 16963000.0,
        "EBITDA": 15792000.0,
        "EBIT": 15618000.0,
        "Net Interest Income": 6859000.0,
        "Interest Income": 6859000.0,
        "Normalized Income": 18201000.0,
        "Net Income From Continuing And Discontinued Operation": 18201000.0,
        "Total Expenses": 62256000.0,
        "Total Operating Income As Reported": 15618000.0,
        "Diluted Average Shares": 69435000.0,
        "Basic Average Shares": 68760000.0,
        "Diluted EPS": 0.26,
        "Basic EPS": 0.26,
        "Diluted NI Availto Com Stockholders": 18201000.0,
        "Net Income Common Stockholders": 18201000.0,
        "Net Income": 18201000.0,
        "Net Income Including Noncontrolling Interests": 18201000.0,
        "Net Income Continuous Operations": 18201000.0,
        "Tax Provision": 4276000.0,
        "Pretax Income": 22477000.0,
        "Net Non Operating Interest Income Expense": 6859000.0,
        "Total Other Finance Cost": NaN,
        "Interest Income Non Operating": 6859000.0,
        "Operating Income": 15618000.0,
        "Operating Expense": 45293000.0,
        "Research And Development": 2895000.0,
        "Selling General And Administration": 42398000.0,
        "Selling And Marketing Expense": 39727000.0,
        "General And Administrative Expense": 2671000.0,
        "Other Gand A": 2671000.0,
        "Gross Profit": 60911000.0,
        "Cost Of Revenue": 16963000.0,
        "Total Revenue": 77874000.0,
        "Operating Revenue": 77874000.0
    }
}