{
    "2023-03-31": {
        "Tax Effect Of Unusual Items": NaN,
        "Tax Rate For Calcs": NaN,
        "Normalized EBITDA": NaN,
        "Net Income From Continuing Operation Net Minority Interest": NaN,
        "Reconciled Depreciation": NaN,
        "Reconciled Cost Of Revenue": NaN,
        "EBITDA": NaN,
        "EBIT": NaN,
        "Net Interest Income": NaN,
        "Interest Expense": NaN,
        "Normalized Income": NaN,
        "Net Income From Continuing And Discontinued Operation": NaN,
        "Total Expenses": NaN,
        "Total Operating Income As Reported": NaN,
        "Diluted Average Shares": 135601327.0,
        "Basic Average Shares": 135601327.0,
        "Diluted EPS": -0.05,
        "Basic EPS": -0.05,
        "Diluted NI Availto Com Stockholders": NaN,
        "Net Income Common Stockholders": NaN,
        "Net Income": NaN,
        "Minority Interests": NaN,
        "Net Income Including Noncontrolling Interests": NaN,
        "Net Income Continuous Operations": NaN,
        "Tax Provision": NaN,
        "Pretax Income": NaN,
        "Other Income Expense": NaN,
        "Other Non Operating Income Expenses": NaN,
        "Earnings From Equity Interest": 0.0,
        "Net Non Operating Interest Income Expense": NaN,
        "Interest Expense Non Operating": NaN,
        "Operating Income": NaN,
        "Operating Expense": NaN,
        "Depreciation Amortization Depletion Income Statement": NaN,
        "Depreciation And Amortization In Income Statement": NaN,
        "Selling General And Administration": NaN,
        "Selling And Marketing Expense": NaN,
        "General And Administrative Expense": NaN,
        "Other Gand A": NaN,
        "Gross Profit": NaN,
        "Cost Of Revenue": NaN,
        "Total Revenue": NaN,
        "Operating Revenue": NaN
    },
    "2022-12-31": {
        "Tax Effect Of Unusual Items": NaN,
        "Tax Rate For Calcs": NaN,
        "Normalized EBITDA": NaN,
        "Net Income From Continuing Operation Net Minority Interest": NaN,
        "Reconciled Depreciation": NaN,
        "Reconciled Cost Of Revenue": NaN,
        "EBITDA": NaN,
        "EBIT": NaN,
        "Net Interest Income": NaN,
        "Interest Expense": NaN,
        "Normalized Income": NaN,
        "Net Income From Continuing And Discontinued Operation": NaN,
        "Total Expenses": NaN,
        "Total Operating Income As Reported": NaN,
        "Diluted Average Shares": 135578888.0,
        "Basic Average Shares": 135578888.0,
        "Diluted EPS": -0.07,
        "Basic EPS": -0.07,
        "Diluted NI Availto Com Stockholders": NaN,
        "Net Income Common Stockholders": NaN,
        "Net Income": NaN,
        "Minority Interests": NaN,
        "Net Income Including Noncontrolling Interests": NaN,
        "Net Income Continuous Operations": NaN,
        "Tax Provision": NaN,
        "Pretax Income": NaN,
        "Other Income Expense": NaN,
        "Other Non Operating Income Expenses": NaN,
        "Earnings From Equity Interest": NaN,
        "Net Non Operating Interest Income Expense": NaN,
        "Interest Expense Non Operating": NaN,
        "Operating Income": NaN,
        "Operating Expense": NaN,
        "Depreciation Amortization Depletion Income Statement": NaN,
        "Depreciation And Amortization In Income Statement": NaN,
        "Selling General And Administration": NaN,
        "Selling And Marketing Expense": NaN,
        "General And Administrative Expense": NaN,
        "Other Gand A": NaN,
        "Gross Profit": NaN,
        "Cost Of Revenue": NaN,
        "Total Revenue": NaN,
        "Operating Revenue": NaN
    },
    "2022-09-30": {
        "Tax Effect Of Unusual Items": 0.0,
        "Tax Rate For Calcs": 0.206,
        "Normalized EBITDA": -13133000.0,
        "Net Income From Continuing Operation Net Minority Interest": -13073000.0,
        "Reconciled Depreciation": 3433000.0,
        "Reconciled Cost Of Revenue": 149794000.0,
        "EBITDA": -13133000.0,
        "EBIT": -16566000.0,
        "Net Interest Income": -603000.0,
        "Interest Expense": 603000.0,
        "Normalized Income": -13073000.0,
        "Net Income From Continuing And Discontinued Operation": -13073000.0,
        "Total Expenses": 187821000.0,
        "Total Operating Income As Reported": -16603000.0,
        "Diluted Average Shares": 135566117.0,
        "Basic Average Shares": 135566117.0,
        "Diluted EPS": -0.1,
        "Basic EPS": -0.1,
        "Diluted NI Availto Com Stockholders": -13073000.0,
        "Net Income Common Stockholders": -13073000.0,
        "Net Income": -13073000.0,
        "Minority Interests": 626000.0,
        "Net Income Including Noncontrolling Interests": -13699000.0,
        "Net Income Continuous Operations": -13699000.0,
        "Tax Provision": -3470000.0,
        "Pretax Income": -17169000.0,
        "Other Income Expense": 37000.0,
        "Other Non Operating Income Expenses": 37000.0,
        "Net Non Operating Interest Income Expense": -603000.0,
        "Interest Expense Non Operating": 603000.0,
        "Operating Income": -16603000.0,
        "Operating Expense": 38027000.0,
        "Depreciation Amortization Depletion Income Statement": 3433000.0,
        "Depreciation And Amortization In Income Statement": 3433000.0,
        "Selling General And Administration": 34594000.0,
        "Selling And Marketing Expense": 4413000.0,
        "General And Administrative Expense": 30181000.0,
        "Other Gand A": 30181000.0,
        "Gross Profit": 21424000.0,
        "Cost Of Revenue": 149794000.0,
        "Total Revenue": 171218000.0,
        "Operating Revenue": 171218000.0
    },
    "2022-06-30": {
        "Tax Effect Of Unusual Items": 0.0,
        "Tax Rate For Calcs": 0.4,
        "Normalized EBITDA": -8805000.0,
        "Total Unusual Items": 0.0,
        "Total Unusual Items Excluding Goodwill": 0.0,
        "Net Income From Continuing Operation Net Minority Interest": -12709000.0,
        "Reconciled Depreciation": 3489000.0,
        "Reconciled Cost Of Revenue": 149229000.0,
        "EBITDA": -8805000.0,
        "EBIT": -12294000.0,
        "Net Interest Income": -596000.0,
        "Interest Expense": 596000.0,
        "Normalized Income": -12709000.0,
        "Net Income From Continuing And Discontinued Operation": -12709000.0,
        "Total Expenses": 185207000.0,
        "Total Operating Income As Reported": -12347000.0,
        "Diluted Average Shares": 135530248.0,
        "Basic Average Shares": 135530248.0,
        "Diluted EPS": -0.09,
        "Basic EPS": -0.09,
        "Diluted NI Availto Com Stockholders": -12709000.0,
        "Net Income Common Stockholders": -12709000.0,
        "Net Income": -12709000.0,
        "Minority Interests": 823000.0,
        "Net Income Including Noncontrolling Interests": -13532000.0,
        "Net Income Continuous Operations": -13532000.0,
        "Tax Provision": 642000.0,
        "Pretax Income": -12890000.0,
        "Other Income Expense": 53000.0,
        "Other Non Operating Income Expenses": 53000.0,
        "Special Income Charges": 0.0,
        "Earnings From Equity Interest": 0.0,
        "Net Non Operating Interest Income Expense": -596000.0,
        "Interest Expense Non Operating": 596000.0,
        "Operating Income": -12347000.0,
        "Operating Expense": 35978000.0,
        "Depreciation Amortization Depletion Income Statement": 3489000.0,
        "Depreciation And Amortization In Income Statement": 3489000.0,
        "Selling General And Administration": 32489000.0,
        "Selling And Marketing Expense": 5084000.0,
        "General And Administrative Expense": 27405000.0,
        "Other Gand A": 27405000.0,
        "Gross Profit": 23631000.0,
        "Cost Of Revenue": 149229000.0,
        "Total Revenue": 172860000.0,
        "Operating Revenue": 172860000.0
    },
    "2022-03-31": {
        "Diluted EPS": -0.02,
        "Total Revenue": 177,
        "Gross Profit": 28,
        "Operating Income": -7,
        "EBIT": -3,
        "Net Income": -3
    },
    "2021-12-31": {
        "Diluted EPS": 0.01,
        "Total Revenue": 175,
        "Gross Profit": 41,
        "Operating Income": 3,
        "EBIT": 6,
        "Net Income": 1
    },
    "2021-09-30": {
        "Diluted EPS": 0.06,
        "Total Revenue": 173,
        "Gross Profit": 42,
        "Operating Income": 12,
        "EBIT": 15,
        "Net Income": 8
    },
    "2021-06-30": {
        "Diluted EPS": 0.06,
        "Total Revenue": 172,
        "Gross Profit": 48,
        "Operating Income": 11,
        "EBIT": 14,
        "Net Income": 6
    },
    "2021-03-31": {
        "Diluted EPS": -0.09,
        "Total Revenue": 156,
        "Gross Profit": 41,
        "Operating Income": -5,
        "EBIT": -2,
        "Net Income": -11
    },
    "2020-12-31": {
        "Diluted EPS": 0.08,
        "Total Revenue": 157,
        "Gross Profit": 44,
        "Operating Income": 21,
        "EBIT": 24,
        "Net Income": 10
    },
    "2020-09-30": {
        "Diluted EPS": -0.41,
        "Total Revenue": 153,
        "Gross Profit": 41,
        "Operating Income": -38,
        "EBIT": -35,
        "Net Income": -50
    },
    "2020-06-30": {
        "Diluted EPS": 0.0,
        "Total Revenue": NaN,
        "Gross Profit": NaN,
        "Operating Income": NaN,
        "EBIT": NaN,
        "Net Income": NaN
    },
    "2020-03-31": {
        "Diluted EPS": 0.06,
        "Total Revenue": 145,
        "Gross Profit": 34,
        "Operating Income": 13,
        "EBIT": 13,
        "Net Income": 8
    },
    "2019-06-30": {
        "Diluted EPS": 0.0,
        "Total Revenue": NaN,
        "Gross Profit": NaN,
        "Operating Income": NaN,
        "EBIT": NaN,
        "Net Income": NaN
    },
    "2023-06-30": {
        "Tax Effect Of Unusual Items": 0.0,
        "Tax Rate For Calcs": 0.21,
        "Normalized EBITDA": -6866000.0,
        "Net Income From Continuing Operation Net Minority Interest": -11177000.0,
        "Reconciled Depreciation": 4332000.0,
        "Reconciled Cost Of Revenue": 148368000.0,
        "EBITDA": -6866000.0,
        "EBIT": -11198000.0,
        "Net Interest Income": -291000.0,
        "Interest Expense": 291000.0,
        "Normalized Income": -11177000.0,
        "Net Income From Continuing And Discontinued Operation": -11177000.0,
        "Total Expenses": 187816000.0,
        "Total Operating Income As Reported": -10942000.0,
        "Diluted Average Shares": NaN,
        "Basic Average Shares": NaN,
        "Diluted EPS": NaN,
        "Basic EPS": NaN,
        "Diluted NI Availto Com Stockholders": -11177000.0,
        "Net Income Common Stockholders": -11177000.0,
        "Net Income": -11177000.0,
        "Minority Interests": 818000.0,
        "Net Income Including Noncontrolling Interests": -11995000.0,
        "Net Income Continuous Operations": -11995000.0,
        "Tax Provision": 506000.0,
        "Pretax Income": -11489000.0,
        "Other Income Expense": -256000.0,
        "Other Non Operating Income Expenses": -256000.0,
        "Earnings From Equity Interest": NaN,
        "Net Non Operating Interest Income Expense": -291000.0,
        "Interest Expense Non Operating": 291000.0,
        "Operating Income": -10942000.0,
        "Operating Expense": 39448000.0,
        "Depreciation Amortization Depletion Income Statement": 4332000.0,
        "Depreciation And Amortization In Income Statement": 4332000.0,
        "Selling General And Administration": 35116000.0,
        "Selling And Marketing Expense": 6125000.0,
        "General And Administrative Expense": 28991000.0,
        "Other Gand A": 28991000.0,
        "Gross Profit": 28506000.0,
        "Cost Of Revenue": 148368000.0,
        "Total Revenue": 176874000.0,
        "Operating Revenue": 176568000.0
    },
    "2023-09-30": {
        "Tax Effect Of Unusual Items": NaN,
        "Tax Rate For Calcs": NaN,
        "Normalized EBITDA": NaN,
        "Total Unusual Items": NaN,
        "Total Unusual Items Excluding Goodwill": NaN,
        "Net Income From Continuing Operation Net Minority Interest": NaN,
        "Reconciled Depreciation": NaN,
        "Reconciled Cost Of Revenue": NaN,
        "EBITDA": NaN,
        "EBIT": NaN,
        "Net Interest Income": NaN,
        "Interest Expense": NaN,
        "Normalized Income": NaN,
        "Net Income From Continuing And Discontinued Operation": NaN,
        "Total Expenses": NaN,
        "Total Operating Income As Reported": NaN,
        "Diluted Average Shares": 135790401.0,
        "Basic Average Shares": 135790401.0,
        "Diluted EPS": -0.08,
        "Basic EPS": -0.08,
        "Diluted NI Availto Com Stockholders": NaN,
        "Net Income Common Stockholders": NaN,
        "Net Income": NaN,
        "Minority Interests": NaN,
        "Net Income Including Noncontrolling Interests": NaN,
        "Net Income Continuous Operations": NaN,
        "Tax Provision": NaN,
        "Pretax Income": NaN,
        "Other Income Expense": NaN,
        "Other Non Operating Income Expenses": NaN,
        "Special Income Charges": NaN,
        "Impairment Of Capital Assets": NaN,
        "Earnings From Equity Interest": NaN,
        "Net Non Operating Interest Income Expense": NaN,
        "Interest Expense Non Operating": NaN,
        "Operating Income": NaN,
        "Operating Expense": NaN,
        "Depreciation Amortization Depletion Income Statement": NaN,
        "Depreciation And Amortization In Income Statement": NaN,
        "Selling General And Administration": NaN,
        "Selling And Marketing Expense": NaN,
        "General And Administrative Expense": NaN,
        "Other Gand A": NaN,
        "Gross Profit": NaN,
        "Cost Of Revenue": NaN,
        "Total Revenue": NaN,
        "Operating Revenue": NaN
    },
    "2023-12-31": {
        "Tax Effect Of Unusual Items": NaN,
        "Tax Rate For Calcs": NaN,
        "Normalized EBITDA": NaN,
        "Total Unusual Items": 0.0,
        "Total Unusual Items Excluding Goodwill": 0.0,
        "Net Income From Continuing Operation Net Minority Interest": NaN,
        "Reconciled Depreciation": NaN,
        "Reconciled Cost Of Revenue": NaN,
        "EBITDA": NaN,
        "EBIT": NaN,
        "Net Interest Income": NaN,
        "Interest Expense": NaN,
        "Normalized Income": NaN,
        "Net Income From Continuing And Discontinued Operation": NaN,
        "Total Expenses": NaN,
        "Total Operating Income As Reported": NaN,
        "Diluted Average Shares": NaN,
        "Basic Average Shares": NaN,
        "Diluted EPS": NaN,
        "Basic EPS": NaN,
        "Diluted NI Availto Com Stockholders": NaN,
        "Net Income Common Stockholders": NaN,
        "Net Income": NaN,
        "Minority Interests": NaN,
        "Net Income Including Noncontrolling Interests": NaN,
        "Net Income Continuous Operations": NaN,
        "Tax Provision": NaN,
        "Pretax Income": NaN,
        "Other Income Expense": NaN,
        "Other Non Operating Income Expenses": NaN,
        "Special Income Charges": 0.0,
        "Impairment Of Capital Assets": 0.0,
        "Earnings From Equity Interest": NaN,
        "Net Non Operating Interest Income Expense": NaN,
        "Interest Expense Non Operating": NaN,
        "Operating Income": NaN,
        "Operating Expense": NaN,
        "Depreciation Amortization Depletion Income Statement": NaN,
        "Depreciation And Amortization In Income Statement": NaN,
        "Selling General And Administration": NaN,
        "Selling And Marketing Expense": NaN,
        "General And Administrative Expense": NaN,
        "Other Gand A": NaN,
        "Gross Profit": NaN,
        "Cost Of Revenue": NaN,
        "Total Revenue": NaN,
        "Operating Revenue": NaN
    },
    "2024-03-31": {
        "Tax Effect Of Unusual Items": NaN,
        "Tax Rate For Calcs": NaN,
        "Normalized EBITDA": NaN,
        "Total Unusual Items": 0.0,
        "Total Unusual Items Excluding Goodwill": 0.0,
        "Net Income From Continuing Operation Net Minority Interest": NaN,
        "Reconciled Depreciation": NaN,
        "Reconciled Cost Of Revenue": NaN,
        "EBITDA": NaN,
        "EBIT": NaN,
        "Net Interest Income": NaN,
        "Interest Expense": NaN,
        "Normalized Income": NaN,
        "Net Income From Continuing And Discontinued Operation": NaN,
        "Total Expenses": NaN,
        "Total Operating Income As Reported": NaN,
        "Diluted Average Shares": NaN,
        "Basic Average Shares": NaN,
        "Diluted EPS": NaN,
        "Basic EPS": NaN,
        "Diluted NI Availto Com Stockholders": NaN,
        "Net Income Common Stockholders": NaN,
        "Net Income": NaN,
        "Minority Interests": NaN,
        "Net Income Including Noncontrolling Interests": NaN,
        "Net Income Continuous Operations": NaN,
        "Tax Provision": NaN,
        "Pretax Income": NaN,
        "Other Income Expense": NaN,
        "Other Non Operating Income Expenses": NaN,
        "Special Income Charges": 0.0,
        "Gain On Sale Of Ppe": NaN,
        "Impairment Of Capital Assets": 0.0,
        "Earnings From Equity Interest": -118000.0,
        "Net Non Operating Interest Income Expense": NaN,
        "Interest Expense Non Operating": NaN,
        "Operating Income": NaN,
        "Operating Expense": NaN,
        "Depreciation Amortization Depletion Income Statement": NaN,
        "Depreciation And Amortization In Income Statement": NaN,
        "Selling General And Administration": NaN,
        "Selling And Marketing Expense": NaN,
        "General And Administrative Expense": NaN,
        "Other Gand A": NaN,
        "Gross Profit": NaN,
        "Cost Of Revenue": NaN,
        "Total Revenue": NaN,
        "Operating Revenue": NaN
    },
    "2024-06-30": {
        "Tax Effect Of Unusual Items": NaN,
        "Tax Rate For Calcs": NaN,
        "Normalized EBITDA": NaN,
        "Total Unusual Items": NaN,
        "Total Unusual Items Excluding Goodwill": NaN,
        "Net Income From Continuing Operation Net Minority Interest": NaN,
        "Reconciled Depreciation": NaN,
        "Reconciled Cost Of Revenue": NaN,
        "EBITDA": NaN,
        "EBIT": NaN,
        "Net Interest Income": NaN,
        "Interest Expense": NaN,
        "Normalized Income": NaN,
        "Net Income From Continuing And Discontinued Operation": NaN,
        "Total Expenses": NaN,
        "Total Operating Income As Reported": NaN,
        "Diluted Average Shares": NaN,
        "Basic Average Shares": NaN,
        "Diluted EPS": NaN,
        "Basic EPS": NaN,
        "Diluted NI Availto Com Stockholders": NaN,
        "Net Income Common Stockholders": NaN,
        "Net Income": NaN,
        "Minority Interests": NaN,
        "Net Income Including Noncontrolling Interests": NaN,
        "Net Income Continuous Operations": NaN,
        "Tax Provision": NaN,
        "Pretax Income": NaN,
        "Other Income Expense": NaN,
        "Other Non Operating Income Expenses": NaN,
        "Special Income Charges": NaN,
        "Gain On Sale Of Ppe": NaN,
        "Write Off": NaN,
        "Impairment Of Capital Assets": NaN,
        "Earnings From Equity Interest": 4842000.0,
        "Net Non Operating Interest Income Expense": NaN,
        "Interest Expense Non Operating": NaN,
        "Operating Income": NaN,
        "Operating Expense": NaN,
        "Depreciation Amortization Depletion Income Statement": NaN,
        "Depreciation And Amortization In Income Statement": NaN,
        "Selling General And Administration": NaN,
        "Selling And Marketing Expense": NaN,
        "General And Administrative Expense": NaN,
        "Other Gand A": NaN,
        "Gross Profit": NaN,
        "Cost Of Revenue": NaN,
        "Total Revenue": NaN,
        "Operating Revenue": NaN
    },
    "2024-09-30": {
        "Tax Effect Of Unusual Items": 0.0,
        "Tax Rate For Calcs": 0.21,
        "Normalized EBITDA": 1347000.0,
        "Total Unusual Items": NaN,
        "Total Unusual Items Excluding Goodwill": NaN,
        "Net Income From Continuing Operation Net Minority Interest": -4929000.0,
        "Reconciled Depreciation": 5410000.0,
        "Reconciled Cost Of Revenue": 170601000.0,
        "EBITDA": 1347000.0,
        "EBIT": -4063000.0,
        "Net Interest Income": -1243000.0,
        "Interest Expense": 1243000.0,
        "Normalized Income": -4929000.0,
        "Net Income From Continuing And Discontinued Operation": -4929000.0,
        "Total Expenses": 210038000.0,
        "Total Operating Income As Reported": -4896000.0,
        "Diluted Average Shares": 135769835.0,
        "Basic Average Shares": 135769835.0,
        "Diluted EPS": -0.04,
        "Basic EPS": -0.04,
        "Diluted NI Availto Com Stockholders": -4929000.0,
        "Net Income Common Stockholders": -4929000.0,
        "Net Income": -4929000.0,
        "Minority Interests": 781000.0,
        "Net Income Including Noncontrolling Interests": -5710000.0,
        "Net Income Continuous Operations": -5710000.0,
        "Tax Provision": 404000.0,
        "Pretax Income": -5306000.0,
        "Other Income Expense": 833000.0,
        "Other Non Operating Income Expenses": 833000.0,
        "Special Income Charges": NaN,
        "Gain On Sale Of Ppe": NaN,
        "Impairment Of Capital Assets": NaN,
        "Earnings From Equity Interest": NaN,
        "Net Non Operating Interest Income Expense": -1243000.0,
        "Interest Expense Non Operating": 1243000.0,
        "Operating Income": -4896000.0,
        "Operating Expense": 39437000.0,
        "Depreciation Amortization Depletion Income Statement": 5410000.0,
        "Depreciation And Amortization In Income Statement": 5410000.0,
        "Selling General And Administration": 34027000.0,
        "Selling And Marketing Expense": 6492000.0,
        "General And Administrative Expense": 27535000.0,
        "Other Gand A": 27535000.0,
        "Gross Profit": 34541000.0,
        "Cost Of Revenue": 170601000.0,
        "Total Revenue": 205142000.0,
        "Operating Revenue": 204800000.0
    },
    "2024-12-31": {
        "Tax Effect Of Unusual Items": -1783950.0,
        "Tax Rate For Calcs": 0.21,
        "Normalized EBITDA": 1118000.0,
        "Total Unusual Items": -8495000.0,
        "Total Unusual Items Excluding Goodwill": -8495000.0,
        "Net Income From Continuing Operation Net Minority Interest": -13221000.0,
        "Reconciled Depreciation": 5320000.0,
        "Reconciled Cost Of Revenue": 171933000.0,
        "EBITDA": -7377000.0,
        "EBIT": -12697000.0,
        "Net Interest Income": -760000.0,
        "Interest Expense": 760000.0,
        "Normalized Income": -6509950.0,
        "Net Income From Continuing And Discontinued Operation": -13221000.0,
        "Total Expenses": 213060000.0,
        "Total Operating Income As Reported": -12556000.0,
        "Diluted Average Shares": 135439668.0,
        "Basic Average Shares": 135439668.0,
        "Diluted EPS": -0.1,
        "Basic EPS": -0.1,
        "Diluted NI Availto Com Stockholders": -13221000.0,
        "Net Income Common Stockholders": -13221000.0,
        "Net Income": -13221000.0,
        "Minority Interests": 270000.0,
        "Net Income Including Noncontrolling Interests": -13491000.0,
        "Net Income Continuous Operations": -13491000.0,
        "Tax Provision": 34000.0,
        "Pretax Income": -13457000.0,
        "Other Income Expense": -8636000.0,
        "Other Non Operating Income Expenses": -157000.0,
        "Special Income Charges": -8495000.0,
        "Gain On Sale Of Ppe": NaN,
        "Write Off": 8495000.0,
        "Impairment Of Capital Assets": 8495000.0,
        "Earnings From Equity Interest": 16000.0,
        "Net Non Operating Interest Income Expense": -760000.0,
        "Interest Expense Non Operating": 760000.0,
        "Operating Income": -4061000.0,
        "Operating Expense": 41126000.0,
        "Depreciation Amortization Depletion Income Statement": 5319000.0,
        "Depreciation And Amortization In Income Statement": 5319000.0,
        "Selling General And Administration": 35807000.0,
        "Selling And Marketing Expense": 7704000.0,
        "General And Administrative Expense": 28103000.0,
        "Other Gand A": 28103000.0,
        "Gross Profit": 37065000.0,
        "Cost Of Revenue": 171934000.0,
        "Total Revenue": 208999000.0,
        "Operating Revenue": 208674000.0
    },
    "2025-03-31": {
        "Tax Effect Of Unusual Items": 0.0,
        "Tax Rate For Calcs": 0.21,
        "Normalized EBITDA": -4515000.0,
        "Total Unusual Items": 0.0,
        "Total Unusual Items Excluding Goodwill": 0.0,
        "Net Income From Continuing Operation Net Minority Interest": -11378000.0,
        "Reconciled Depreciation": 5386000.0,
        "Reconciled Cost Of Revenue": 177395000.0,
        "EBITDA": -4515000.0,
        "EBIT": -9901000.0,
        "Net Interest Income": -1160000.0,
        "Interest Expense": 1160000.0,
        "Normalized Income": -11378000.0,
        "Net Income From Continuing And Discontinued Operation": -11378000.0,
        "Total Expenses": 228300000.0,
        "Total Operating Income As Reported": -10158000.0,
        "Diluted Average Shares": 135200314.0,
        "Basic Average Shares": 135200314.0,
        "Diluted EPS": -0.08,
        "Basic EPS": -0.08,
        "Diluted NI Availto Com Stockholders": -11378000.0,
        "Net Income Common Stockholders": -11378000.0,
        "Net Income": -11378000.0,
        "Minority Interests": -245000.0,
        "Net Income Including Noncontrolling Interests": -11133000.0,
        "Net Income Continuous Operations": -11133000.0,
        "Tax Provision": 72000.0,
        "Pretax Income": -11061000.0,
        "Other Income Expense": 257000.0,
        "Other Non Operating Income Expenses": 257000.0,
        "Special Income Charges": 0.0,
        "Gain On Sale Of Ppe": NaN,
        "Write Off": NaN,
        "Impairment Of Capital Assets": 0.0,
        "Earnings From Equity Interest": 0.0,
        "Net Non Operating Interest Income Expense": -1160000.0,
        "Interest Expense Non Operating": 1160000.0,
        "Operating Income": -10158000.0,
        "Operating Expense": 50905000.0,
        "Depreciation Amortization Depletion Income Statement": 5386000.0,
        "Depreciation And Amortization In Income Statement": 5386000.0,
        "Selling General And Administration": 45519000.0,
        "Selling And Marketing Expense": 6922000.0,
        "General And Administrative Expense": 38597000.0,
        "Other Gand A": 38597000.0,
        "Gross Profit": 40747000.0,
        "Cost Of Revenue": 177395000.0,
        "Total Revenue": 218142000.0,
        "Operating Revenue": 217819000.0
    },
    "2025-06-30": {
        "Tax Effect Of Unusual Items": -1075200.0,
        "Tax Rate For Calcs": 0.21,
        "Normalized EBITDA": 5205000.0,
        "Total Unusual Items": -5120000.0,
        "Total Unusual Items Excluding Goodwill": -5120000.0,
        "Net Income From Continuing Operation Net Minority Interest": -785000.0,
        "Reconciled Depreciation": 3394000.0,
        "Reconciled Cost Of Revenue": 180130000.0,
        "EBITDA": 85000.0,
        "EBIT": -3309000.0,
        "Net Interest Income": -893000.0,
        "Interest Expense": 893000.0,
        "Normalized Income": 3259800.0,
        "Net Income From Continuing And Discontinued Operation": -785000.0,
        "Total Expenses": 218447000.0,
        "Total Operating Income As Reported": -2150000.0,
        "Diluted Average Shares": 135133574.0,
        "Basic Average Shares": 135133574.0,
        "Diluted EPS": -0.01,
        "Basic EPS": -0.01,
        "Diluted NI Availto Com Stockholders": -785000.0,
        "Net Income Common Stockholders": -785000.0,
        "Net Income": -785000.0,
        "Minority Interests": 4224000.0,
        "Net Income Including Noncontrolling Interests": -5009000.0,
        "Net Income Continuous Operations": -5009000.0,
        "Tax Provision": 807000.0,
        "Pretax Income": -4202000.0,
        "Other Income Expense": -6279000.0,
        "Other Non Operating Income Expenses": 250000.0,
        "Special Income Charges": -5120000.0,
        "Gain On Sale Of Ppe": NaN,
        "Write Off": NaN,
        "Impairment Of Capital Assets": 5120000.0,
        "Earnings From Equity Interest": -1409000.0,
        "Net Non Operating Interest Income Expense": -893000.0,
        "Interest Expense Non Operating": 893000.0,
        "Operating Income": 2970000.0,
        "Operating Expense": 38317000.0,
        "Depreciation Amortization Depletion Income Statement": 3394000.0,
        "Depreciation And Amortization In Income Statement": 3394000.0,
        "Selling General And Administration": 34923000.0,
        "Selling And Marketing Expense": 7100000.0,
        "General And Administrative Expense": 27823000.0,
        "Other Gand A": 27823000.0,
        "Gross Profit": 41287000.0,
        "Cost Of Revenue": 180130000.0,
        "Total Revenue": 221417000.0,
        "Operating Revenue": 221060000.0
    },
    "2025-09-30": {
        "Tax Effect Of Unusual Items": -3224.0,
        "Tax Rate For Calcs": 0.031,
        "Normalized EBITDA": 14356000.0,
        "Total Unusual Items": -104000.0,
        "Total Unusual Items Excluding Goodwill": -104000.0,
        "Net Income From Continuing Operation Net Minority Interest": 8019000.0,
        "Reconciled Depreciation": 5085000.0,
        "Reconciled Cost Of Revenue": 184749000.0,
        "EBITDA": 14252000.0,
        "EBIT": 9167000.0,
        "Net Interest Income": -1251000.0,
        "Interest Expense": 1251000.0,
        "Normalized Income": 8119776.0,
        "Net Income From Continuing And Discontinued Operation": 8019000.0,
        "Total Expenses": 227712000.0,
        "Total Operating Income As Reported": 8289000.0,
        "Diluted Average Shares": 136760874.0,
        "Basic Average Shares": 135592487.0,
        "Diluted EPS": 0.06,
        "Basic EPS": 0.06,
        "Diluted NI Availto Com Stockholders": 8019000.0,
        "Net Income Common Stockholders": 8019000.0,
        "Net Income": 8019000.0,
        "Minority Interests": 350000.0,
        "Net Income Including Noncontrolling Interests": 7669000.0,
        "Net Income Continuous Operations": 7669000.0,
        "Tax Provision": 247000.0,
        "Pretax Income": 7916000.0,
        "Other Income Expense": 774000.0,
        "Other Non Operating Income Expenses": 878000.0,
        "Special Income Charges": -104000.0,
        "Gain On Sale Of Ppe": -104000.0,
        "Write Off": NaN,
        "Impairment Of Capital Assets": NaN,
        "Earnings From Equity Interest": NaN,
        "Net Non Operating Interest Income Expense": -1251000.0,
        "Interest Expense Non Operating": 1251000.0,
        "Operating Income": 8393000.0,
        "Operating Expense": 42963000.0,
        "Depreciation Amortization Depletion Income Statement": 5085000.0,
        "Depreciation And Amortization In Income Statement": 5085000.0,
        "Selling General And Administration": 37878000.0,
        "Selling And Marketing Expense": 7605000.0,
        "General And Administrative Expense": 30273000.0,
        "Other Gand A": 30273000.0,
        "Gross Profit": 51356000.0,
        "Cost Of Revenue": 184749000.0,
        "Total Revenue": 236105000.0,
        "Operating Revenue": 235751000.0
    },
    "2025-12-31": {
        "Tax Effect Of Unusual Items": 0.0,
        "Tax Rate For Calcs": 0.052264,
        "Normalized EBITDA": 18579000.0,
        "Total Unusual Items": 0.0,
        "Total Unusual Items Excluding Goodwill": 0.0,
        "Net Income From Continuing Operation Net Minority Interest": 10618000.0,
        "Reconciled Depreciation": 4877000.0,
        "Reconciled Cost Of Revenue": 186883000.0,
        "EBITDA": 18579000.0,
        "EBIT": 13702000.0,
        "Net Interest Income": -1246000.0,
        "Interest Expense": 1246000.0,
        "Normalized Income": 10618000.0,
        "Net Income From Continuing And Discontinued Operation": 10618000.0,
        "Total Expenses": 226446000.0,
        "Total Operating Income As Reported": 13262000.0,
        "Diluted Average Shares": 136351004.0,
        "Basic Average Shares": 135686130.0,
        "Diluted EPS": 0.08,
        "Basic EPS": 0.08,
        "Diluted NI Availto Com Stockholders": 10618000.0,
        "Net Income Common Stockholders": 10618000.0,
        "Net Income": 10618000.0,
        "Minority Interests": -1187000.0,
        "Net Income Including Noncontrolling Interests": 11805000.0,
        "Net Income Continuous Operations": 11805000.0,
        "Tax Provision": 651000.0,
        "Pretax Income": 12456000.0,
        "Other Income Expense": 440000.0,
        "Other Non Operating Income Expenses": 440000.0,
        "Special Income Charges": 0.0,
        "Gain On Sale Of Ppe": NaN,
        "Write Off": 0.0,
        "Impairment Of Capital Assets": NaN,
        "Earnings From Equity Interest": 0.0,
        "Net Non Operating Interest Income Expense": -1246000.0,
        "Interest Expense Non Operating": 1246000.0,
        "Operating Income": 13262000.0,
        "Operating Expense": 39563000.0,
        "Depreciation Amortization Depletion Income Statement": 4877000.0,
        "Depreciation And Amortization In Income Statement": 4877000.0,
        "Selling General And Administration": 34686000.0,
        "Selling And Marketing Expense": 8078000.0,
        "General And Administrative Expense": 26608000.0,
        "Other Gand A": 26608000.0,
        "Gross Profit": 52825000.0,
        "Cost Of Revenue": 186883000.0,
        "Total Revenue": 239708000.0,
        "Operating Revenue": 239620000.0
    }
}