{
    "2023-03-31": {
        "Tax Effect Of Unusual Items": NaN,
        "Tax Rate For Calcs": NaN,
        "Normalized EBITDA": NaN,
        "Total Unusual Items": 0.0,
        "Total Unusual Items Excluding Goodwill": 0.0,
        "Net Income From Continuing Operation Net Minority Interest": NaN,
        "Reconciled Depreciation": NaN,
        "Reconciled Cost Of Revenue": NaN,
        "EBITDA": NaN,
        "EBIT": NaN,
        "Net Interest Income": NaN,
        "Interest Expense": NaN,
        "Normalized Income": NaN,
        "Net Income From Continuing And Discontinued Operation": NaN,
        "Total Expenses": NaN,
        "Total Operating Income As Reported": NaN,
        "Diluted Average Shares": NaN,
        "Basic Average Shares": NaN,
        "Diluted EPS": NaN,
        "Basic EPS": NaN,
        "Diluted NI Availto Com Stockholders": NaN,
        "Net Income Common Stockholders": NaN,
        "Net Income": NaN,
        "Net Income Including Noncontrolling Interests": NaN,
        "Net Income Continuous Operations": NaN,
        "Tax Provision": NaN,
        "Pretax Income": NaN,
        "Special Income Charges": 0.0,
        "Gain On Sale Of Business": 0.0,
        "Restructuring And Mergern Acquisition": 0.0,
        "Net Non Operating Interest Income Expense": NaN,
        "Total Other Finance Cost": NaN,
        "Interest Expense Non Operating": NaN,
        "Operating Income": NaN,
        "Operating Expense": NaN,
        "Depreciation Amortization Depletion Income Statement": NaN,
        "Depreciation And Amortization In Income Statement": NaN,
        "Selling General And Administration": NaN,
        "Gross Profit": NaN,
        "Cost Of Revenue": NaN,
        "Total Revenue": NaN,
        "Operating Revenue": NaN
    },
    "2022-12-31": {
        "Tax Effect Of Unusual Items": NaN,
        "Tax Rate For Calcs": NaN,
        "Normalized EBITDA": NaN,
        "Total Unusual Items": -200000.0,
        "Total Unusual Items Excluding Goodwill": -200000.0,
        "Net Income From Continuing Operation Net Minority Interest": NaN,
        "Reconciled Depreciation": NaN,
        "Reconciled Cost Of Revenue": NaN,
        "EBITDA": NaN,
        "EBIT": NaN,
        "Net Interest Income": NaN,
        "Interest Expense": NaN,
        "Normalized Income": NaN,
        "Net Income From Continuing And Discontinued Operation": NaN,
        "Total Expenses": NaN,
        "Total Operating Income As Reported": NaN,
        "Diluted Average Shares": NaN,
        "Basic Average Shares": NaN,
        "Diluted EPS": NaN,
        "Basic EPS": NaN,
        "Diluted NI Availto Com Stockholders": NaN,
        "Net Income Common Stockholders": NaN,
        "Net Income": NaN,
        "Net Income Including Noncontrolling Interests": NaN,
        "Net Income Continuous Operations": NaN,
        "Tax Provision": NaN,
        "Pretax Income": NaN,
        "Other Income Expense": -200000.0,
        "Special Income Charges": -200000.0,
        "Gain On Sale Of Business": 0.0,
        "Restructuring And Mergern Acquisition": 200000.0,
        "Net Non Operating Interest Income Expense": NaN,
        "Total Other Finance Cost": NaN,
        "Interest Expense Non Operating": NaN,
        "Operating Income": NaN,
        "Operating Expense": NaN,
        "Depreciation Amortization Depletion Income Statement": NaN,
        "Depreciation And Amortization In Income Statement": NaN,
        "Selling General And Administration": NaN,
        "Gross Profit": NaN,
        "Cost Of Revenue": NaN,
        "Total Revenue": NaN,
        "Operating Revenue": NaN
    },
    "2022-09-30": {
        "Tax Effect Of Unusual Items": NaN,
        "Tax Rate For Calcs": NaN,
        "Normalized EBITDA": NaN,
        "Total Unusual Items": NaN,
        "Total Unusual Items Excluding Goodwill": NaN,
        "Net Income From Continuing Operation Net Minority Interest": NaN,
        "Reconciled Depreciation": NaN,
        "Reconciled Cost Of Revenue": NaN,
        "EBITDA": NaN,
        "EBIT": NaN,
        "Net Interest Income": NaN,
        "Interest Expense": NaN,
        "Normalized Income": NaN,
        "Net Income From Continuing And Discontinued Operation": NaN,
        "Total Expenses": NaN,
        "Total Operating Income As Reported": NaN,
        "Diluted Average Shares": NaN,
        "Basic Average Shares": NaN,
        "Diluted EPS": NaN,
        "Basic EPS": NaN,
        "Diluted NI Availto Com Stockholders": NaN,
        "Net Income Common Stockholders": NaN,
        "Net Income": NaN,
        "Net Income Including Noncontrolling Interests": NaN,
        "Net Income Continuous Operations": NaN,
        "Tax Provision": NaN,
        "Pretax Income": NaN,
        "Other Income Expense": -100000.0,
        "Special Income Charges": NaN,
        "Gain On Sale Of Business": NaN,
        "Restructuring And Mergern Acquisition": NaN,
        "Net Non Operating Interest Income Expense": NaN,
        "Total Other Finance Cost": NaN,
        "Interest Expense Non Operating": NaN,
        "Operating Income": NaN,
        "Operating Expense": NaN,
        "Depreciation Amortization Depletion Income Statement": NaN,
        "Depreciation And Amortization In Income Statement": NaN,
        "Selling General And Administration": NaN,
        "Gross Profit": NaN,
        "Cost Of Revenue": NaN,
        "Total Revenue": NaN,
        "Operating Revenue": NaN
    },
    "2022-06-30": {
        "Tax Effect Of Unusual Items": -2600.0,
        "Tax Rate For Calcs": 0.026,
        "Normalized EBITDA": 24800000.0,
        "Total Unusual Items": -100000.0,
        "Total Unusual Items Excluding Goodwill": -100000.0,
        "Net Income From Continuing Operation Net Minority Interest": 7500000.0,
        "Reconciled Depreciation": 10500000.0,
        "Reconciled Cost Of Revenue": 15400000.0,
        "EBITDA": 24700000.0,
        "EBIT": 14200000.0,
        "Net Interest Income": -5700000.0,
        "Interest Expense": 6500000.0,
        "Interest Income": NaN,
        "Normalized Income": 7597400.0,
        "Net Income From Continuing And Discontinued Operation": 7500000.0,
        "Total Expenses": 57800000.0,
        "Total Operating Income As Reported": 13400000.0,
        "Diluted Average Shares": 29262690.0,
        "Basic Average Shares": 26826014.0,
        "Diluted EPS": 0.25,
        "Basic EPS": 0.27,
        "Diluted NI Availto Com Stockholders": 7500000.0,
        "Net Income Common Stockholders": 7500000.0,
        "Net Income": 7500000.0,
        "Net Income Including Noncontrolling Interests": 7500000.0,
        "Net Income Continuous Operations": 7500000.0,
        "Tax Provision": 200000.0,
        "Pretax Income": 7700000.0,
        "Other Income Expense": -100000.0,
        "Special Income Charges": -100000.0,
        "Gain On Sale Of Business": 0.0,
        "Restructuring And Mergern Acquisition": 100000.0,
        "Net Non Operating Interest Income Expense": -5700000.0,
        "Total Other Finance Cost": -800000.0,
        "Interest Expense Non Operating": 6500000.0,
        "Interest Income Non Operating": NaN,
        "Operating Income": 13500000.0,
        "Operating Expense": 41700000.0,
        "Depreciation Amortization Depletion Income Statement": 9800000.0,
        "Depreciation And Amortization In Income Statement": 9800000.0,
        "Selling General And Administration": 31900000.0,
        "General And Administrative Expense": NaN,
        "Other Gand A": NaN,
        "Gross Profit": 55200000.0,
        "Cost Of Revenue": 16100000.0,
        "Total Revenue": 71300000.0,
        "Operating Revenue": 71300000.0
    },
    "2022-03-31": {
        "Diluted EPS": 0.05,
        "Total Revenue": 61,
        "Gross Profit": 47,
        "Operating Income": 7,
        "EBIT": 18,
        "Net Income": 2
    },
    "2021-12-31": {
        "Diluted EPS": 0.78,
        "Total Revenue": 67,
        "Gross Profit": 51,
        "Operating Income": 6,
        "EBIT": 18,
        "Net Income": -1
    },
    "2021-09-30": {
        "Diluted EPS": 0.3,
        "Total Revenue": 78,
        "Gross Profit": 59,
        "Operating Income": 15,
        "EBIT": 27,
        "Net Income": 25
    },
    "2021-06-30": {
        "Diluted EPS": -1.94,
        "Total Revenue": 42,
        "Gross Profit": 31,
        "Operating Income": -10,
        "EBIT": 3,
        "Net Income": -44
    },
    "2021-03-31": {
        "Diluted EPS": -0.74,
        "Total Revenue": 23,
        "Gross Profit": 18,
        "Operating Income": -12,
        "EBIT": 2,
        "Net Income": -17
    },
    "2020-12-31": {
        "Diluted EPS": 0.12,
        "Total Revenue": 72,
        "Gross Profit": 59,
        "Operating Income": 19,
        "EBIT": 33,
        "Net Income": 3
    },
    "2020-09-30": {
        "Diluted EPS": 0.02,
        "Total Revenue": 60,
        "Gross Profit": 46,
        "Operating Income": 8,
        "EBIT": 23,
        "Net Income": 1
    },
    "2020-06-30": {
        "Diluted EPS": -1.15,
        "Total Revenue": 16,
        "Gross Profit": 13,
        "Operating Income": -14,
        "EBIT": 1,
        "Net Income": -26
    },
    "2020-03-31": {
        "Diluted EPS": -0.44,
        "Total Revenue": 52,
        "Gross Profit": 38,
        "Operating Income": -7,
        "EBIT": 6,
        "Net Income": -10
    },
    "2019-12-31": {
        "Diluted EPS": -0.78,
        "Total Revenue": 66,
        "Gross Profit": 48,
        "Operating Income": -2,
        "EBIT": 14,
        "Net Income": -17
    },
    "2019-09-30": {
        "Diluted EPS": -0.38,
        "Total Revenue": 27,
        "Gross Profit": 20,
        "Operating Income": -6,
        "EBIT": 3,
        "Net Income": -9
    },
    "2019-06-30": {
        "Diluted EPS": -0.48,
        "Total Revenue": 27,
        "Gross Profit": 20,
        "Operating Income": -5,
        "EBIT": 5,
        "Net Income": -11
    },
    "2019-03-31": {
        "Diluted EPS": -0.24,
        "Total Revenue": 34,
        "Gross Profit": 27,
        "Operating Income": -1,
        "EBIT": 9,
        "Net Income": -5
    },
    "2018-12-31": {
        "Diluted EPS": -0.23,
        "Total Revenue": 31,
        "Gross Profit": 24,
        "Operating Income": -2,
        "EBIT": -25,
        "Net Income": -5
    },
    "2018-09-30": {
        "Diluted EPS": -0.57,
        "Total Revenue": 36,
        "Gross Profit": 29,
        "Operating Income": -4,
        "EBIT": 7,
        "Net Income": -12
    },
    "2018-06-30": {
        "Diluted EPS": -0.19,
        "Total Revenue": 37,
        "Gross Profit": 29,
        "Operating Income": 2,
        "EBIT": 12,
        "Net Income": -4
    },
    "2018-03-31": {
        "Diluted EPS": -0.02,
        "Total Revenue": 37,
        "Gross Profit": 27,
        "Operating Income": -1,
        "EBIT": 10,
        "Net Income": 0
    },
    "2017-12-31": {
        "Diluted EPS": -0.2,
        "Total Revenue": 31,
        "Gross Profit": 25,
        "Operating Income": 31,
        "EBIT": 31,
        "Net Income": -4
    },
    "2017-09-30": {
        "Diluted EPS": 0.0,
        "Total Revenue": NaN,
        "Gross Profit": NaN,
        "Operating Income": NaN,
        "EBIT": NaN,
        "Net Income": NaN
    },
    "2017-06-30": {
        "Diluted EPS": -0.41,
        "Total Revenue": 32,
        "Gross Profit": 23,
        "Operating Income": -1,
        "EBIT": 8,
        "Net Income": -8
    },
    "2017-03-31": {
        "Diluted EPS": -0.45,
        "Total Revenue": 28,
        "Gross Profit": 22,
        "Operating Income": -2,
        "EBIT": 13,
        "Net Income": -9
    },
    "2016-12-31": {
        "Diluted EPS": -1.79,
        "Total Revenue": 27,
        "Gross Profit": 22,
        "Operating Income": -9,
        "EBIT": -2,
        "Net Income": -22
    },
    "2016-09-30": {
        "Diluted EPS": 0.0,
        "Total Revenue": 60,
        "Gross Profit": 49,
        "Operating Income": 0,
        "EBIT": -28,
        "Net Income": -29
    },
    "2016-06-30": {
        "Diluted EPS": -1.15,
        "Total Revenue": 29,
        "Gross Profit": 25,
        "Operating Income": 1,
        "EBIT": 10,
        "Net Income": -14
    },
    "2016-03-31": {
        "Diluted EPS": -1.15,
        "Total Revenue": 30,
        "Gross Profit": 26,
        "Operating Income": 2,
        "EBIT": 20,
        "Net Income": -14
    },
    "2015-12-31": {
        "Diluted EPS": 0.0,
        "Total Revenue": NaN,
        "Gross Profit": NaN,
        "Operating Income": NaN,
        "EBIT": NaN,
        "Net Income": NaN
    },
    "2015-09-30": {
        "Diluted EPS": 0.0,
        "Total Revenue": NaN,
        "Gross Profit": NaN,
        "Operating Income": NaN,
        "EBIT": NaN,
        "Net Income": NaN
    },
    "2014-12-31": {
        "Diluted EPS": 0.0,
        "Total Revenue": NaN,
        "Gross Profit": NaN,
        "Operating Income": NaN,
        "EBIT": NaN,
        "Net Income": NaN
    },
    "2023-06-30": {
        "Tax Effect Of Unusual Items": NaN,
        "Tax Rate For Calcs": NaN,
        "Normalized EBITDA": NaN,
        "Total Unusual Items": 0.0,
        "Total Unusual Items Excluding Goodwill": 0.0,
        "Net Income From Continuing Operation Net Minority Interest": NaN,
        "Reconciled Depreciation": NaN,
        "Reconciled Cost Of Revenue": NaN,
        "EBITDA": NaN,
        "EBIT": NaN,
        "Net Interest Income": NaN,
        "Interest Expense": NaN,
        "Normalized Income": NaN,
        "Net Income From Continuing And Discontinued Operation": NaN,
        "Total Expenses": NaN,
        "Total Operating Income As Reported": NaN,
        "Diluted Average Shares": 29073078.0,
        "Basic Average Shares": 28186725.0,
        "Diluted EPS": 0.19,
        "Basic EPS": 0.2,
        "Diluted NI Availto Com Stockholders": NaN,
        "Net Income Common Stockholders": NaN,
        "Net Income": NaN,
        "Net Income Including Noncontrolling Interests": NaN,
        "Net Income Continuous Operations": NaN,
        "Tax Provision": NaN,
        "Pretax Income": NaN,
        "Special Income Charges": 0.0,
        "Gain On Sale Of Business": 0.0,
        "Restructuring And Mergern Acquisition": 0.0,
        "Net Non Operating Interest Income Expense": NaN,
        "Total Other Finance Cost": NaN,
        "Interest Expense Non Operating": NaN,
        "Operating Income": NaN,
        "Operating Expense": NaN,
        "Depreciation Amortization Depletion Income Statement": NaN,
        "Depreciation And Amortization In Income Statement": NaN,
        "Selling General And Administration": NaN,
        "Gross Profit": NaN,
        "Cost Of Revenue": NaN,
        "Total Revenue": NaN,
        "Operating Revenue": NaN
    },
    "2023-09-30": {
        "Tax Effect Of Unusual Items": NaN,
        "Tax Rate For Calcs": NaN,
        "Normalized EBITDA": NaN,
        "Total Unusual Items": 0.0,
        "Total Unusual Items Excluding Goodwill": 0.0,
        "Net Income From Continuing Operation Net Minority Interest": NaN,
        "Reconciled Depreciation": NaN,
        "Reconciled Cost Of Revenue": NaN,
        "EBITDA": NaN,
        "EBIT": NaN,
        "Net Interest Income": NaN,
        "Interest Expense": NaN,
        "Normalized Income": NaN,
        "Net Income From Continuing And Discontinued Operation": NaN,
        "Total Expenses": NaN,
        "Total Operating Income As Reported": NaN,
        "Diluted Average Shares": NaN,
        "Basic Average Shares": NaN,
        "Diluted EPS": NaN,
        "Basic EPS": NaN,
        "Diluted NI Availto Com Stockholders": NaN,
        "Net Income Common Stockholders": NaN,
        "Net Income": NaN,
        "Net Income Including Noncontrolling Interests": NaN,
        "Net Income Continuous Operations": NaN,
        "Tax Provision": NaN,
        "Pretax Income": NaN,
        "Special Income Charges": 0.0,
        "Gain On Sale Of Business": 0.0,
        "Restructuring And Mergern Acquisition": 0.0,
        "Net Non Operating Interest Income Expense": NaN,
        "Total Other Finance Cost": NaN,
        "Interest Expense Non Operating": NaN,
        "Operating Income": NaN,
        "Operating Expense": NaN,
        "Depreciation Amortization Depletion Income Statement": NaN,
        "Depreciation And Amortization In Income Statement": NaN,
        "Selling General And Administration": NaN,
        "Gross Profit": NaN,
        "Cost Of Revenue": NaN,
        "Total Revenue": NaN,
        "Operating Revenue": NaN
    },
    "2023-12-31": {
        "Tax Effect Of Unusual Items": NaN,
        "Tax Rate For Calcs": NaN,
        "Normalized EBITDA": NaN,
        "Total Unusual Items": 0.0,
        "Total Unusual Items Excluding Goodwill": 0.0,
        "Net Income From Continuing Operation Net Minority Interest": NaN,
        "Reconciled Depreciation": NaN,
        "Reconciled Cost Of Revenue": NaN,
        "EBITDA": NaN,
        "EBIT": NaN,
        "Net Interest Income": NaN,
        "Interest Expense": NaN,
        "Normalized Income": NaN,
        "Net Income From Continuing And Discontinued Operation": NaN,
        "Total Expenses": NaN,
        "Total Operating Income As Reported": NaN,
        "Diluted Average Shares": NaN,
        "Basic Average Shares": NaN,
        "Diluted EPS": NaN,
        "Basic EPS": NaN,
        "Diluted NI Availto Com Stockholders": NaN,
        "Net Income Common Stockholders": NaN,
        "Net Income": NaN,
        "Net Income Including Noncontrolling Interests": NaN,
        "Net Income Continuous Operations": NaN,
        "Tax Provision": NaN,
        "Pretax Income": NaN,
        "Special Income Charges": 0.0,
        "Gain On Sale Of Business": 0.0,
        "Restructuring And Mergern Acquisition": 0.0,
        "Net Non Operating Interest Income Expense": NaN,
        "Total Other Finance Cost": NaN,
        "Interest Expense Non Operating": NaN,
        "Operating Income": NaN,
        "Operating Expense": NaN,
        "Depreciation Amortization Depletion Income Statement": NaN,
        "Depreciation And Amortization In Income Statement": NaN,
        "Selling General And Administration": NaN,
        "Gross Profit": NaN,
        "Cost Of Revenue": NaN,
        "Total Revenue": NaN,
        "Operating Revenue": NaN
    },
    "2024-03-31": {
        "Tax Effect Of Unusual Items": 0.0,
        "Tax Rate For Calcs": 0.247059,
        "Normalized EBITDA": 9800000.0,
        "Total Unusual Items": NaN,
        "Total Unusual Items Excluding Goodwill": NaN,
        "Net Income From Continuing Operation Net Minority Interest": -6400000.0,
        "Reconciled Depreciation": 10900000.0,
        "Reconciled Cost Of Revenue": 19300000.0,
        "EBITDA": 9800000.0,
        "EBIT": -1100000.0,
        "Net Interest Income": -6400000.0,
        "Interest Expense": 7400000.0,
        "Normalized Income": -6400000.0,
        "Net Income From Continuing And Discontinued Operation": -6400000.0,
        "Total Expenses": 64400000.0,
        "Total Operating Income As Reported": -2100000.0,
        "Diluted Average Shares": 28603734.0,
        "Basic Average Shares": 28603734.0,
        "Diluted EPS": -0.22,
        "Basic EPS": -0.22,
        "Diluted NI Availto Com Stockholders": -6400000.0,
        "Net Income Common Stockholders": -6400000.0,
        "Net Income": -6400000.0,
        "Net Income Including Noncontrolling Interests": -6400000.0,
        "Net Income Continuous Operations": -6400000.0,
        "Tax Provision": -2100000.0,
        "Pretax Income": -8500000.0,
        "Special Income Charges": NaN,
        "Gain On Sale Of Business": NaN,
        "Restructuring And Mergern Acquisition": NaN,
        "Net Non Operating Interest Income Expense": -6400000.0,
        "Total Other Finance Cost": -1000000.0,
        "Interest Expense Non Operating": 7400000.0,
        "Operating Income": -2100000.0,
        "Operating Expense": 44000000.0,
        "Depreciation Amortization Depletion Income Statement": 9800000.0,
        "Depreciation And Amortization In Income Statement": 9800000.0,
        "Selling General And Administration": 34200000.0,
        "Gross Profit": 41900000.0,
        "Cost Of Revenue": 20400000.0,
        "Total Revenue": 62300000.0,
        "Operating Revenue": 62300000.0
    },
    "2024-06-30": {
        "Tax Effect Of Unusual Items": 0.0,
        "Tax Rate For Calcs": 0.363636,
        "Normalized EBITDA": 21000000.0,
        "Net Income From Continuing Operation Net Minority Interest": 1400000.0,
        "Reconciled Depreciation": 11300000.0,
        "Reconciled Cost Of Revenue": 24000000.0,
        "EBITDA": 21000000.0,
        "EBIT": 9700000.0,
        "Net Interest Income": -6500000.0,
        "Interest Expense": 7500000.0,
        "Normalized Income": 1400000.0,
        "Net Income From Continuing And Discontinued Operation": 1400000.0,
        "Total Expenses": 66100000.0,
        "Total Operating Income As Reported": 8700000.0,
        "Diluted Average Shares": NaN,
        "Basic Average Shares": NaN,
        "Diluted EPS": NaN,
        "Basic EPS": NaN,
        "Diluted NI Availto Com Stockholders": 1400000.0,
        "Net Income Common Stockholders": 1400000.0,
        "Net Income": 1400000.0,
        "Net Income Including Noncontrolling Interests": 1400000.0,
        "Net Income Continuous Operations": 1400000.0,
        "Tax Provision": 800000.0,
        "Pretax Income": 2200000.0,
        "Net Non Operating Interest Income Expense": -6500000.0,
        "Total Other Finance Cost": -1000000.0,
        "Interest Expense Non Operating": 7500000.0,
        "Operating Income": 8700000.0,
        "Operating Expense": 41300000.0,
        "Depreciation Amortization Depletion Income Statement": 10500000.0,
        "Depreciation And Amortization In Income Statement": 10500000.0,
        "Selling General And Administration": 30800000.0,
        "Gross Profit": 50000000.0,
        "Cost Of Revenue": 24800000.0,
        "Total Revenue": 74800000.0,
        "Operating Revenue": 74800000.0
    },
    "2024-09-30": {
        "Tax Effect Of Unusual Items": 0.0,
        "Tax Rate For Calcs": 0.273,
        "Normalized EBITDA": 24600000.0,
        "Total Unusual Items": 0.0,
        "Total Unusual Items Excluding Goodwill": 0.0,
        "Net Income From Continuing Operation Net Minority Interest": 2800000.0,
        "Reconciled Depreciation": 12400000.0,
        "Reconciled Cost Of Revenue": 22200000.0,
        "EBITDA": 24600000.0,
        "EBIT": 12200000.0,
        "Net Interest Income": -7400000.0,
        "Interest Expense": 8400000.0,
        "Normalized Income": 2800000.0,
        "Net Income From Continuing And Discontinued Operation": 2800000.0,
        "Total Expenses": 66000000.0,
        "Total Operating Income As Reported": 11200000.0,
        "Diluted Average Shares": 29188787.0,
        "Basic Average Shares": 28496801.0,
        "Diluted EPS": 0.1,
        "Basic EPS": 0.1,
        "Diluted NI Availto Com Stockholders": 2800000.0,
        "Net Income Common Stockholders": 2800000.0,
        "Net Income": 2800000.0,
        "Net Income Including Noncontrolling Interests": 2800000.0,
        "Net Income Continuous Operations": 2800000.0,
        "Tax Provision": 1000000.0,
        "Pretax Income": 3800000.0,
        "Other Income Expense": NaN,
        "Special Income Charges": 0.0,
        "Write Off": 0.0,
        "Net Non Operating Interest Income Expense": -7400000.0,
        "Total Other Finance Cost": -1000000.0,
        "Interest Expense Non Operating": 8400000.0,
        "Operating Income": 11200000.0,
        "Operating Expense": 42600000.0,
        "Depreciation Amortization Depletion Income Statement": 11200000.0,
        "Depreciation And Amortization In Income Statement": 11200000.0,
        "Selling General And Administration": 31400000.0,
        "Gross Profit": 53800000.0,
        "Cost Of Revenue": 23400000.0,
        "Total Revenue": 77200000.0,
        "Operating Revenue": 77200000.0
    },
    "2024-12-31": {
        "Tax Effect Of Unusual Items": 0.0,
        "Tax Rate For Calcs": 0.21,
        "Normalized EBITDA": 24300000.0,
        "Total Unusual Items": NaN,
        "Total Unusual Items Excluding Goodwill": NaN,
        "Net Income From Continuing Operation Net Minority Interest": 65100000.0,
        "Reconciled Depreciation": 12600000.0,
        "Reconciled Cost Of Revenue": 22600000.0,
        "EBITDA": 24300000.0,
        "EBIT": 11700000.0,
        "Net Interest Income": -8300000.0,
        "Interest Expense": 9200000.0,
        "Normalized Income": 65100000.0,
        "Net Income From Continuing And Discontinued Operation": 65100000.0,
        "Total Expenses": 69600000.0,
        "Total Operating Income As Reported": 10800000.0,
        "Diluted Average Shares": 29197235.0,
        "Basic Average Shares": 28509904.0,
        "Diluted EPS": 2.33,
        "Basic EPS": 2.39,
        "Diluted NI Availto Com Stockholders": 65100000.0,
        "Net Income Common Stockholders": 65100000.0,
        "Net Income": 65100000.0,
        "Net Income Including Noncontrolling Interests": 65100000.0,
        "Net Income Continuous Operations": 65100000.0,
        "Tax Provision": -62600000.0,
        "Pretax Income": 2500000.0,
        "Other Income Expense": NaN,
        "Special Income Charges": NaN,
        "Write Off": NaN,
        "Net Non Operating Interest Income Expense": -8300000.0,
        "Total Other Finance Cost": -900000.0,
        "Interest Expense Non Operating": 9200000.0,
        "Operating Income": 10800000.0,
        "Operating Expense": 45900000.0,
        "Depreciation Amortization Depletion Income Statement": 11500000.0,
        "Depreciation And Amortization In Income Statement": 11500000.0,
        "Selling General And Administration": 34400000.0,
        "Gross Profit": 56700000.0,
        "Cost Of Revenue": 23700000.0,
        "Total Revenue": 80400000.0,
        "Operating Revenue": 80400000.0
    },
    "2025-03-31": {
        "Tax Effect Of Unusual Items": 0.0,
        "Tax Rate For Calcs": 0.21,
        "Normalized EBITDA": 14100000.0,
        "Total Unusual Items": NaN,
        "Total Unusual Items Excluding Goodwill": NaN,
        "Net Income From Continuing Operation Net Minority Interest": -100000.0,
        "Reconciled Depreciation": 11400000.0,
        "Reconciled Cost Of Revenue": 17100000.0,
        "EBITDA": 14100000.0,
        "EBIT": 2700000.0,
        "Net Interest Income": -6800000.0,
        "Interest Expense": 7900000.0,
        "Normalized Income": -100000.0,
        "Net Income From Continuing And Discontinued Operation": -100000.0,
        "Total Expenses": 58800000.0,
        "Total Operating Income As Reported": 1600000.0,
        "Diluted Average Shares": 28973938.0,
        "Basic Average Shares": 28973938.0,
        "Diluted EPS": 0.0,
        "Basic EPS": 0.0,
        "Diluted NI Availto Com Stockholders": -100000.0,
        "Net Income Common Stockholders": -100000.0,
        "Net Income": -100000.0,
        "Net Income Including Noncontrolling Interests": -100000.0,
        "Net Income Continuous Operations": -100000.0,
        "Tax Provision": -5100000.0,
        "Pretax Income": -5200000.0,
        "Other Income Expense": NaN,
        "Special Income Charges": NaN,
        "Write Off": NaN,
        "Net Non Operating Interest Income Expense": -6800000.0,
        "Total Other Finance Cost": -1100000.0,
        "Interest Expense Non Operating": 7900000.0,
        "Operating Income": 1600000.0,
        "Operating Expense": 40900000.0,
        "Depreciation Amortization Depletion Income Statement": 10600000.0,
        "Depreciation And Amortization In Income Statement": 10600000.0,
        "Selling General And Administration": 30300000.0,
        "Gross Profit": 42500000.0,
        "Cost Of Revenue": 17900000.0,
        "Total Revenue": 60400000.0,
        "Operating Revenue": 60400000.0
    },
    "2025-06-30": {
        "Tax Effect Of Unusual Items": 0.0,
        "Tax Rate For Calcs": 0.21,
        "Normalized EBITDA": 25100000.0,
        "Total Unusual Items": NaN,
        "Total Unusual Items Excluding Goodwill": NaN,
        "Net Income From Continuing Operation Net Minority Interest": -7800000.0,
        "Reconciled Depreciation": 16100000.0,
        "Reconciled Cost Of Revenue": 24400000.0,
        "EBITDA": 25100000.0,
        "EBIT": 9000000.0,
        "Net Interest Income": -6900000.0,
        "Interest Expense": 8000000.0,
        "Normalized Income": -7800000.0,
        "Net Income From Continuing And Discontinued Operation": -7800000.0,
        "Total Expenses": 72400000.0,
        "Total Operating Income As Reported": 7900000.0,
        "Diluted Average Shares": 29078848.0,
        "Basic Average Shares": 29078848.0,
        "Diluted EPS": -0.27,
        "Basic EPS": -0.27,
        "Diluted NI Availto Com Stockholders": -7800000.0,
        "Net Income Common Stockholders": -7800000.0,
        "Net Income": -7800000.0,
        "Net Income Including Noncontrolling Interests": -7800000.0,
        "Net Income Continuous Operations": -7800000.0,
        "Tax Provision": 8800000.0,
        "Pretax Income": 1000000.0,
        "Other Income Expense": NaN,
        "Special Income Charges": NaN,
        "Write Off": NaN,
        "Net Non Operating Interest Income Expense": -6900000.0,
        "Total Other Finance Cost": -1100000.0,
        "Interest Expense Non Operating": 8000000.0,
        "Operating Income": 7900000.0,
        "Operating Expense": 47200000.0,
        "Depreciation Amortization Depletion Income Statement": 15300000.0,
        "Depreciation And Amortization In Income Statement": 15300000.0,
        "Selling General And Administration": 31900000.0,
        "Gross Profit": 55100000.0,
        "Cost Of Revenue": 25200000.0,
        "Total Revenue": 80300000.0,
        "Operating Revenue": 80300000.0
    },
    "2025-09-30": {
        "Tax Effect Of Unusual Items": -1504500.0,
        "Tax Rate For Calcs": 0.255,
        "Normalized EBITDA": 31600000.0,
        "Total Unusual Items": -5900000.0,
        "Total Unusual Items Excluding Goodwill": -5900000.0,
        "Net Income From Continuing Operation Net Minority Interest": -1900000.0,
        "Reconciled Depreciation": 14800000.0,
        "Reconciled Cost Of Revenue": 24100000.0,
        "EBITDA": 25700000.0,
        "EBIT": 10900000.0,
        "Net Interest Income": -12300000.0,
        "Interest Expense": 13500000.0,
        "Normalized Income": 2495500.0,
        "Net Income From Continuing And Discontinued Operation": -1900000.0,
        "Total Expenses": 70600000.0,
        "Total Operating Income As Reported": 9700000.0,
        "Diluted Average Shares": 29094787.0,
        "Basic Average Shares": 29094787.0,
        "Diluted EPS": -0.07,
        "Basic EPS": -0.07,
        "Diluted NI Availto Com Stockholders": -1900000.0,
        "Net Income Common Stockholders": -1900000.0,
        "Net Income": -1900000.0,
        "Net Income Including Noncontrolling Interests": -1900000.0,
        "Net Income Continuous Operations": -1900000.0,
        "Tax Provision": -700000.0,
        "Pretax Income": -2600000.0,
        "Other Income Expense": -5900000.0,
        "Special Income Charges": -5900000.0,
        "Write Off": 5900000.0,
        "Net Non Operating Interest Income Expense": -12300000.0,
        "Total Other Finance Cost": -1200000.0,
        "Interest Expense Non Operating": 13500000.0,
        "Operating Income": 15600000.0,
        "Operating Expense": 44900000.0,
        "Depreciation Amortization Depletion Income Statement": 13200000.0,
        "Depreciation And Amortization In Income Statement": 13200000.0,
        "Selling General And Administration": 31700000.0,
        "Gross Profit": 60500000.0,
        "Cost Of Revenue": 25700000.0,
        "Total Revenue": 86200000.0,
        "Operating Revenue": 86200000.0
    }
}