{
    "2023-03-31": {
        "Tax Effect Of Unusual Items": NaN,
        "Tax Rate For Calcs": NaN,
        "Normalized EBITDA": NaN,
        "Net Income From Continuing Operation Net Minority Interest": NaN,
        "Reconciled Depreciation": NaN,
        "Reconciled Cost Of Revenue": NaN,
        "EBITDA": NaN,
        "EBIT": NaN,
        "Net Interest Income": NaN,
        "Interest Expense": 0.0,
        "Interest Income": NaN,
        "Normalized Income": NaN,
        "Net Income From Continuing And Discontinued Operation": NaN,
        "Total Expenses": NaN,
        "Total Operating Income As Reported": NaN,
        "Diluted Average Shares": NaN,
        "Basic Average Shares": NaN,
        "Diluted EPS": NaN,
        "Basic EPS": NaN,
        "Diluted NI Availto Com Stockholders": NaN,
        "Net Income Common Stockholders": NaN,
        "Net Income": NaN,
        "Net Income Including Noncontrolling Interests": NaN,
        "Net Income Continuous Operations": NaN,
        "Tax Provision": NaN,
        "Pretax Income": NaN,
        "Other Income Expense": NaN,
        "Other Non Operating Income Expenses": NaN,
        "Net Non Operating Interest Income Expense": NaN,
        "Interest Expense Non Operating": 0.0,
        "Interest Income Non Operating": NaN,
        "Operating Income": NaN,
        "Operating Expense": NaN,
        "Research And Development": NaN,
        "Selling General And Administration": NaN,
        "Gross Profit": NaN,
        "Cost Of Revenue": NaN,
        "Total Revenue": NaN,
        "Operating Revenue": NaN
    },
    "2022-12-31": {
        "Tax Effect Of Unusual Items": NaN,
        "Tax Rate For Calcs": NaN,
        "Normalized EBITDA": NaN,
        "Net Income From Continuing Operation Net Minority Interest": NaN,
        "Reconciled Depreciation": NaN,
        "Reconciled Cost Of Revenue": NaN,
        "EBITDA": NaN,
        "EBIT": NaN,
        "Net Interest Income": NaN,
        "Interest Expense": 0.0,
        "Interest Income": NaN,
        "Normalized Income": NaN,
        "Net Income From Continuing And Discontinued Operation": NaN,
        "Total Expenses": NaN,
        "Total Operating Income As Reported": NaN,
        "Diluted Average Shares": NaN,
        "Basic Average Shares": NaN,
        "Diluted EPS": NaN,
        "Basic EPS": NaN,
        "Diluted NI Availto Com Stockholders": NaN,
        "Net Income Common Stockholders": NaN,
        "Net Income": NaN,
        "Net Income Including Noncontrolling Interests": NaN,
        "Net Income Continuous Operations": NaN,
        "Tax Provision": NaN,
        "Pretax Income": NaN,
        "Other Income Expense": NaN,
        "Other Non Operating Income Expenses": NaN,
        "Net Non Operating Interest Income Expense": NaN,
        "Interest Expense Non Operating": 0.0,
        "Interest Income Non Operating": NaN,
        "Operating Income": NaN,
        "Operating Expense": NaN,
        "Research And Development": NaN,
        "Selling General And Administration": NaN,
        "Gross Profit": NaN,
        "Cost Of Revenue": NaN,
        "Total Revenue": NaN,
        "Operating Revenue": NaN
    },
    "2022-09-30": {
        "Tax Effect Of Unusual Items": 0.0,
        "Tax Rate For Calcs": 0.4,
        "Normalized EBITDA": -15432000.0,
        "Net Income From Continuing Operation Net Minority Interest": -16847000.0,
        "Reconciled Depreciation": 513000.0,
        "Reconciled Cost Of Revenue": 19786000.0,
        "EBITDA": -15432000.0,
        "EBIT": -15945000.0,
        "Net Interest Income": 694000.0,
        "Interest Expense": 656000.0,
        "Interest Income": 1350000.0,
        "Normalized Income": -16847000.0,
        "Net Income From Continuing And Discontinued Operation": -16847000.0,
        "Total Expenses": 126382000.0,
        "Total Operating Income As Reported": -17194000.0,
        "Diluted Average Shares": 28226345.0,
        "Basic Average Shares": 28226345.0,
        "Diluted EPS": -0.6,
        "Basic EPS": -0.6,
        "Diluted NI Availto Com Stockholders": -16847000.0,
        "Net Income Common Stockholders": -16847000.0,
        "Net Income": -16847000.0,
        "Net Income Including Noncontrolling Interests": -16847000.0,
        "Net Income Continuous Operations": -16847000.0,
        "Tax Provision": 246000.0,
        "Pretax Income": -16601000.0,
        "Other Income Expense": -101000.0,
        "Other Non Operating Income Expenses": -101000.0,
        "Net Non Operating Interest Income Expense": 694000.0,
        "Interest Expense Non Operating": 656000.0,
        "Interest Income Non Operating": 1350000.0,
        "Operating Income": -17194000.0,
        "Operating Expense": 106596000.0,
        "Research And Development": 20993000.0,
        "Selling General And Administration": 85603000.0,
        "Gross Profit": 89402000.0,
        "Cost Of Revenue": 19786000.0,
        "Total Revenue": 109188000.0,
        "Operating Revenue": 109188000.0
    },
    "2022-06-30": {
        "Tax Effect Of Unusual Items": 0.0,
        "Tax Rate For Calcs": 0.4,
        "Normalized EBITDA": -13437000.0,
        "Net Income From Continuing Operation Net Minority Interest": -14490000.0,
        "Reconciled Depreciation": 417000.0,
        "Reconciled Cost Of Revenue": 14173000.0,
        "EBITDA": -13437000.0,
        "EBIT": -13854000.0,
        "Net Interest Income": -197000.0,
        "Interest Expense": 494000.0,
        "Interest Income": 297000.0,
        "Normalized Income": -14490000.0,
        "Net Income From Continuing And Discontinued Operation": -14490000.0,
        "Total Expenses": 105393000.0,
        "Total Operating Income As Reported": -14007000.0,
        "Diluted Average Shares": 27594874.0,
        "Basic Average Shares": 27594874.0,
        "Diluted EPS": -0.53,
        "Basic EPS": -0.53,
        "Diluted NI Availto Com Stockholders": -14490000.0,
        "Net Income Common Stockholders": -14490000.0,
        "Net Income": -14490000.0,
        "Net Income Including Noncontrolling Interests": -14490000.0,
        "Net Income Continuous Operations": -14490000.0,
        "Tax Provision": 142000.0,
        "Pretax Income": -14348000.0,
        "Other Income Expense": -144000.0,
        "Other Non Operating Income Expenses": -144000.0,
        "Net Non Operating Interest Income Expense": -197000.0,
        "Interest Expense Non Operating": 494000.0,
        "Interest Income Non Operating": 297000.0,
        "Operating Income": -14007000.0,
        "Operating Expense": 91220000.0,
        "Research And Development": 14534000.0,
        "Selling General And Administration": 76686000.0,
        "Gross Profit": 77213000.0,
        "Cost Of Revenue": 14173000.0,
        "Total Revenue": 91386000.0,
        "Operating Revenue": 91386000.0
    },
    "2023-06-30": {
        "Tax Effect Of Unusual Items": NaN,
        "Tax Rate For Calcs": NaN,
        "Normalized EBITDA": NaN,
        "Net Income From Continuing Operation Net Minority Interest": NaN,
        "Reconciled Depreciation": NaN,
        "Reconciled Cost Of Revenue": NaN,
        "EBITDA": NaN,
        "EBIT": NaN,
        "Net Interest Income": NaN,
        "Interest Expense": 0.0,
        "Interest Income": NaN,
        "Normalized Income": NaN,
        "Net Income From Continuing And Discontinued Operation": NaN,
        "Total Expenses": NaN,
        "Total Operating Income As Reported": NaN,
        "Diluted Average Shares": NaN,
        "Basic Average Shares": NaN,
        "Diluted EPS": NaN,
        "Basic EPS": NaN,
        "Diluted NI Availto Com Stockholders": NaN,
        "Net Income Common Stockholders": NaN,
        "Net Income": NaN,
        "Net Income Including Noncontrolling Interests": NaN,
        "Net Income Continuous Operations": NaN,
        "Tax Provision": NaN,
        "Pretax Income": NaN,
        "Other Income Expense": NaN,
        "Other Non Operating Income Expenses": NaN,
        "Net Non Operating Interest Income Expense": NaN,
        "Interest Expense Non Operating": 0.0,
        "Interest Income Non Operating": NaN,
        "Operating Income": NaN,
        "Operating Expense": NaN,
        "Research And Development": NaN,
        "Selling General And Administration": NaN,
        "Gross Profit": NaN,
        "Cost Of Revenue": NaN,
        "Total Revenue": NaN,
        "Operating Revenue": NaN
    },
    "2022-03-31": {
        "Diluted EPS": -0.61,
        "Total Revenue": 69,
        "Gross Profit": 59,
        "Operating Income": -16,
        "EBIT": -16,
        "Net Income": -17
    },
    "2021-12-31": {
        "Diluted EPS": -0.08,
        "Total Revenue": 78,
        "Gross Profit": 67,
        "Operating Income": -2,
        "EBIT": -1,
        "Net Income": -2
    },
    "2021-09-30": {
        "Diluted EPS": -0.38,
        "Total Revenue": 62,
        "Gross Profit": 53,
        "Operating Income": -10,
        "EBIT": -9,
        "Net Income": -10
    },
    "2021-06-30": {
        "Diluted EPS": -0.48,
        "Total Revenue": 53,
        "Gross Profit": 45,
        "Operating Income": -13,
        "EBIT": -12,
        "Net Income": -13
    },
    "2021-03-31": {
        "Diluted EPS": -0.6,
        "Total Revenue": 40,
        "Gross Profit": 34,
        "Operating Income": -16,
        "EBIT": -15,
        "Net Income": -16
    },
    "2020-12-31": {
        "Diluted EPS": -0.25,
        "Total Revenue": 46,
        "Gross Profit": 39,
        "Operating Income": -7,
        "EBIT": -7,
        "Net Income": -7
    },
    "2020-09-30": {
        "Diluted EPS": -0.39,
        "Total Revenue": 36,
        "Gross Profit": 31,
        "Operating Income": -10,
        "EBIT": -10,
        "Net Income": -10
    },
    "2020-06-30": {
        "Diluted EPS": -0.88,
        "Total Revenue": 12,
        "Gross Profit": 10,
        "Operating Income": -23,
        "EBIT": -23,
        "Net Income": -23
    },
    "2020-03-31": {
        "Diluted EPS": -0.67,
        "Total Revenue": 21,
        "Gross Profit": 18,
        "Operating Income": -16,
        "EBIT": -16,
        "Net Income": -16
    },
    "2019-12-31": {
        "Diluted EPS": -0.39,
        "Total Revenue": 27,
        "Gross Profit": 23,
        "Operating Income": -9,
        "EBIT": -9,
        "Net Income": -9
    },
    "2019-09-30": {
        "Diluted EPS": -0.34,
        "Total Revenue": 21,
        "Gross Profit": 17,
        "Operating Income": -9,
        "EBIT": -9,
        "Net Income": -8
    },
    "2019-06-30": {
        "Diluted EPS": -0.32,
        "Total Revenue": 18,
        "Gross Profit": 15,
        "Operating Income": -8,
        "EBIT": -8,
        "Net Income": -8
    },
    "2019-03-31": {
        "Diluted EPS": -0.35,
        "Total Revenue": 16,
        "Gross Profit": 13,
        "Operating Income": -9,
        "EBIT": -9,
        "Net Income": -8
    },
    "2018-12-31": {
        "Diluted EPS": 4.2,
        "Total Revenue": 17,
        "Gross Profit": 13,
        "Operating Income": -5,
        "EBIT": -5,
        "Net Income": -5
    },
    "2018-09-30": {
        "Diluted EPS": -0.22,
        "Total Revenue": 13,
        "Gross Profit": 11,
        "Operating Income": -5,
        "EBIT": -4,
        "Net Income": -5
    },
    "2018-06-30": {
        "Diluted EPS": -0.43,
        "Total Revenue": 11,
        "Gross Profit": 9,
        "Operating Income": -6,
        "EBIT": -5,
        "Net Income": -6
    },
    "2018-03-31": {
        "Diluted EPS": -5.05,
        "Total Revenue": 10,
        "Gross Profit": 8,
        "Operating Income": -5,
        "EBIT": -5,
        "Net Income": -7
    },
    "2017-12-31": {
        "Diluted EPS": -3.42,
        "Total Revenue": 10,
        "Gross Profit": 8,
        "Operating Income": -4,
        "EBIT": -4,
        "Net Income": -4
    },
    "2017-09-30": {
        "Diluted EPS": -3.42,
        "Total Revenue": 7,
        "Gross Profit": 6,
        "Operating Income": -4,
        "EBIT": -3,
        "Net Income": -4
    },
    "2017-06-30": {
        "Diluted EPS": -4.14,
        "Total Revenue": 6,
        "Gross Profit": 5,
        "Operating Income": -4,
        "EBIT": -4,
        "Net Income": -5
    },
    "2017-03-31": {
        "Diluted EPS": -3.9,
        "Total Revenue": 5,
        "Gross Profit": 4,
        "Operating Income": -4,
        "EBIT": -4,
        "Net Income": -4
    },
    "2016-12-31": {
        "Diluted EPS": 0.0,
        "Total Revenue": NaN,
        "Gross Profit": NaN,
        "Operating Income": NaN,
        "EBIT": NaN,
        "Net Income": NaN
    },
    "2023-09-30": {
        "Tax Effect Of Unusual Items": NaN,
        "Tax Rate For Calcs": NaN,
        "Normalized EBITDA": NaN,
        "Net Income From Continuing Operation Net Minority Interest": NaN,
        "Reconciled Depreciation": NaN,
        "Reconciled Cost Of Revenue": NaN,
        "EBITDA": NaN,
        "EBIT": NaN,
        "Net Interest Income": NaN,
        "Interest Expense": 0.0,
        "Interest Income": NaN,
        "Normalized Income": NaN,
        "Net Income From Continuing And Discontinued Operation": NaN,
        "Total Expenses": NaN,
        "Total Operating Income As Reported": NaN,
        "Diluted Average Shares": NaN,
        "Basic Average Shares": NaN,
        "Diluted EPS": NaN,
        "Basic EPS": NaN,
        "Diluted NI Availto Com Stockholders": NaN,
        "Net Income Common Stockholders": NaN,
        "Net Income": NaN,
        "Net Income Including Noncontrolling Interests": NaN,
        "Net Income Continuous Operations": NaN,
        "Tax Provision": NaN,
        "Pretax Income": NaN,
        "Other Income Expense": NaN,
        "Other Non Operating Income Expenses": NaN,
        "Net Non Operating Interest Income Expense": NaN,
        "Interest Expense Non Operating": 0.0,
        "Interest Income Non Operating": NaN,
        "Operating Income": NaN,
        "Operating Expense": NaN,
        "Research And Development": NaN,
        "Selling General And Administration": NaN,
        "Gross Profit": NaN,
        "Cost Of Revenue": NaN,
        "Total Revenue": NaN,
        "Operating Revenue": NaN
    },
    "2023-12-31": {
        "Tax Effect Of Unusual Items": NaN,
        "Tax Rate For Calcs": NaN,
        "Normalized EBITDA": NaN,
        "Net Income From Continuing Operation Net Minority Interest": NaN,
        "Reconciled Depreciation": NaN,
        "Reconciled Cost Of Revenue": NaN,
        "EBITDA": NaN,
        "EBIT": NaN,
        "Net Interest Income": NaN,
        "Interest Expense": 0.0,
        "Interest Income": NaN,
        "Normalized Income": NaN,
        "Net Income From Continuing And Discontinued Operation": NaN,
        "Total Expenses": NaN,
        "Total Operating Income As Reported": NaN,
        "Diluted Average Shares": NaN,
        "Basic Average Shares": NaN,
        "Diluted EPS": NaN,
        "Basic EPS": NaN,
        "Diluted NI Availto Com Stockholders": NaN,
        "Net Income Common Stockholders": NaN,
        "Net Income": NaN,
        "Net Income Including Noncontrolling Interests": NaN,
        "Net Income Continuous Operations": NaN,
        "Tax Provision": NaN,
        "Pretax Income": NaN,
        "Other Income Expense": NaN,
        "Other Non Operating Income Expenses": NaN,
        "Net Non Operating Interest Income Expense": NaN,
        "Interest Expense Non Operating": 0.0,
        "Interest Income Non Operating": NaN,
        "Operating Income": NaN,
        "Operating Expense": NaN,
        "Research And Development": NaN,
        "Selling General And Administration": NaN,
        "Gross Profit": NaN,
        "Cost Of Revenue": NaN,
        "Total Revenue": NaN,
        "Operating Revenue": NaN
    },
    "2024-03-31": {
        "Tax Effect Of Unusual Items": 0.0,
        "Tax Rate For Calcs": 0.21,
        "Normalized EBITDA": -14379000.0,
        "Net Income From Continuing Operation Net Minority Interest": -10005000.0,
        "Reconciled Depreciation": 839000.0,
        "Reconciled Cost Of Revenue": 24757000.0,
        "EBITDA": -14379000.0,
        "EBIT": -15218000.0,
        "Net Interest Income": 5923000.0,
        "Interest Expense": NaN,
        "Interest Income": 5923000.0,
        "Normalized Income": -10005000.0,
        "Net Income From Continuing And Discontinued Operation": -10005000.0,
        "Total Expenses": 179228000.0,
        "Total Operating Income As Reported": -15218000.0,
        "Diluted Average Shares": 29615166.0,
        "Basic Average Shares": 29615166.0,
        "Diluted EPS": -0.34,
        "Basic EPS": -0.34,
        "Diluted NI Availto Com Stockholders": -10005000.0,
        "Net Income Common Stockholders": -10005000.0,
        "Net Income": -10005000.0,
        "Net Income Including Noncontrolling Interests": -10005000.0,
        "Net Income Continuous Operations": -10005000.0,
        "Tax Provision": 650000.0,
        "Pretax Income": -9355000.0,
        "Other Income Expense": -60000.0,
        "Other Non Operating Income Expenses": -60000.0,
        "Net Non Operating Interest Income Expense": 5923000.0,
        "Interest Expense Non Operating": NaN,
        "Interest Income Non Operating": 5923000.0,
        "Operating Income": -15218000.0,
        "Operating Expense": 154471000.0,
        "Research And Development": 28850000.0,
        "Selling General And Administration": 125621000.0,
        "Gross Profit": 139253000.0,
        "Cost Of Revenue": 24757000.0,
        "Total Revenue": 164010000.0,
        "Operating Revenue": 164010000.0
    },
    "2024-06-30": {
        "Tax Effect Of Unusual Items": NaN,
        "Tax Rate For Calcs": NaN,
        "Normalized EBITDA": NaN,
        "Net Income From Continuing Operation Net Minority Interest": NaN,
        "Reconciled Depreciation": NaN,
        "Reconciled Cost Of Revenue": NaN,
        "EBITDA": NaN,
        "EBIT": NaN,
        "Net Interest Income": NaN,
        "Interest Expense": 0.0,
        "Interest Income": NaN,
        "Normalized Income": NaN,
        "Net Income From Continuing And Discontinued Operation": NaN,
        "Total Expenses": NaN,
        "Total Operating Income As Reported": NaN,
        "Diluted Average Shares": NaN,
        "Basic Average Shares": NaN,
        "Diluted EPS": NaN,
        "Basic EPS": NaN,
        "Diluted NI Availto Com Stockholders": NaN,
        "Net Income Common Stockholders": NaN,
        "Net Income": NaN,
        "Net Income Including Noncontrolling Interests": NaN,
        "Net Income Continuous Operations": NaN,
        "Tax Provision": NaN,
        "Pretax Income": NaN,
        "Other Income Expense": NaN,
        "Other Non Operating Income Expenses": NaN,
        "Net Non Operating Interest Income Expense": NaN,
        "Interest Expense Non Operating": 0.0,
        "Interest Income Non Operating": NaN,
        "Operating Income": NaN,
        "Operating Expense": NaN,
        "Research And Development": NaN,
        "Selling General And Administration": NaN,
        "Gross Profit": NaN,
        "Cost Of Revenue": NaN,
        "Total Revenue": NaN,
        "Operating Revenue": NaN
    },
    "2024-09-30": {
        "Tax Effect Of Unusual Items": 0.0,
        "Tax Rate For Calcs": 0.089983,
        "Normalized EBITDA": 16168000.0,
        "Net Income From Continuing Operation Net Minority Interest": 18497000.0,
        "Reconciled Depreciation": 1850000.0,
        "Reconciled Cost Of Revenue": 32398000.0,
        "EBITDA": 16168000.0,
        "EBIT": 14318000.0,
        "Net Interest Income": 5890000.0,
        "Interest Expense": NaN,
        "Interest Income": 5890000.0,
        "Normalized Income": 18497000.0,
        "Net Income From Continuing And Discontinued Operation": 18497000.0,
        "Total Expenses": 188873000.0,
        "Total Operating Income As Reported": 14318000.0,
        "Diluted Average Shares": 30633789.0,
        "Basic Average Shares": 29879621.0,
        "Diluted EPS": 0.6,
        "Basic EPS": 0.62,
        "Diluted NI Availto Com Stockholders": 18497000.0,
        "Net Income Common Stockholders": 18497000.0,
        "Net Income": 18497000.0,
        "Net Income Including Noncontrolling Interests": 18497000.0,
        "Net Income Continuous Operations": 18497000.0,
        "Tax Provision": 1829000.0,
        "Pretax Income": 20326000.0,
        "Other Income Expense": 118000.0,
        "Other Non Operating Income Expenses": 118000.0,
        "Net Non Operating Interest Income Expense": 5890000.0,
        "Interest Expense Non Operating": NaN,
        "Interest Income Non Operating": 5890000.0,
        "Operating Income": 14318000.0,
        "Operating Expense": 156475000.0,
        "Research And Development": 26083000.0,
        "Selling General And Administration": 130392000.0,
        "Gross Profit": 170793000.0,
        "Cost Of Revenue": 32398000.0,
        "Total Revenue": 203191000.0,
        "Operating Revenue": 203191000.0
    },
    "2024-12-31": {
        "Tax Effect Of Unusual Items": 0.0,
        "Tax Rate For Calcs": 0.038541,
        "Normalized EBITDA": 56754000.0,
        "Net Income From Continuing Operation Net Minority Interest": 35224000.0,
        "Reconciled Depreciation": 2478000.0,
        "Reconciled Cost Of Revenue": 35988000.0,
        "EBITDA": 56754000.0,
        "EBIT": 54276000.0,
        "Net Interest Income": 5530000.0,
        "Interest Expense": NaN,
        "Interest Income": 5552000.0,
        "Normalized Income": 35224000.0,
        "Net Income From Continuing And Discontinued Operation": 35224000.0,
        "Total Expenses": 207834000.0,
        "Total Operating Income As Reported": 31884000.0,
        "Diluted Average Shares": 30751338.0,
        "Basic Average Shares": 29827947.0,
        "Diluted EPS": 1.15,
        "Basic EPS": 1.18,
        "Diluted NI Availto Com Stockholders": 35224000.0,
        "Net Income Common Stockholders": 35224000.0,
        "Net Income": 35224000.0,
        "Net Income Including Noncontrolling Interests": 35224000.0,
        "Net Income Continuous Operations": 35224000.0,
        "Tax Provision": 1412000.0,
        "Pretax Income": 36636000.0,
        "Other Income Expense": -778000.0,
        "Other Non Operating Income Expenses": -778000.0,
        "Net Non Operating Interest Income Expense": 5530000.0,
        "Interest Expense Non Operating": NaN,
        "Interest Income Non Operating": 5552000.0,
        "Operating Income": 31884000.0,
        "Operating Expense": 171846000.0,
        "Research And Development": 30336000.0,
        "Selling General And Administration": 141510000.0,
        "Gross Profit": 203730000.0,
        "Cost Of Revenue": 35988000.0,
        "Total Revenue": 239718000.0,
        "Operating Revenue": 239718000.0
    },
    "2025-03-31": {
        "Tax Effect Of Unusual Items": 0.0,
        "Tax Rate For Calcs": 0.280596,
        "Normalized EBITDA": 1559000.0,
        "Net Income From Continuing Operation Net Minority Interest": 2992000.0,
        "Reconciled Depreciation": 3044000.0,
        "Reconciled Cost Of Revenue": 30709000.0,
        "EBITDA": 1559000.0,
        "EBIT": -1485000.0,
        "Net Interest Income": 5066000.0,
        "Interest Expense": NaN,
        "Interest Income": 5066000.0,
        "Normalized Income": 2992000.0,
        "Net Income From Continuing And Discontinued Operation": 2992000.0,
        "Total Expenses": 202802000.0,
        "Total Operating Income As Reported": -1485000.0,
        "Diluted Average Shares": 30311476.0,
        "Basic Average Shares": 29702358.0,
        "Diluted EPS": 0.1,
        "Basic EPS": 0.1,
        "Diluted NI Availto Com Stockholders": 2992000.0,
        "Net Income Common Stockholders": 2992000.0,
        "Net Income": 2992000.0,
        "Net Income Including Noncontrolling Interests": 2992000.0,
        "Net Income Continuous Operations": 2992000.0,
        "Tax Provision": 1167000.0,
        "Pretax Income": 4159000.0,
        "Other Income Expense": 578000.0,
        "Other Non Operating Income Expenses": 578000.0,
        "Net Non Operating Interest Income Expense": 5066000.0,
        "Interest Expense Non Operating": NaN,
        "Interest Income Non Operating": 5066000.0,
        "Operating Income": -1485000.0,
        "Operating Expense": 172093000.0,
        "Research And Development": 27803000.0,
        "Selling General And Administration": 144290000.0,
        "Gross Profit": 170608000.0,
        "Cost Of Revenue": 30709000.0,
        "Total Revenue": 201317000.0,
        "Operating Revenue": 201317000.0
    },
    "2025-06-30": {
        "Tax Effect Of Unusual Items": 0.0,
        "Tax Rate For Calcs": 0.21,
        "Normalized EBITDA": 1086000.0,
        "Net Income From Continuing Operation Net Minority Interest": -3592000.0,
        "Reconciled Depreciation": 3414000.0,
        "Reconciled Cost Of Revenue": 34672000.0,
        "EBITDA": 1086000.0,
        "EBIT": -2328000.0,
        "Net Interest Income": 4482000.0,
        "Interest Expense": 4000.0,
        "Interest Income": 4486000.0,
        "Normalized Income": -3592000.0,
        "Net Income From Continuing And Discontinued Operation": -3592000.0,
        "Total Expenses": 220402000.0,
        "Total Operating Income As Reported": -3316000.0,
        "Diluted Average Shares": 29506807.0,
        "Basic Average Shares": 29506807.0,
        "Diluted EPS": -0.12,
        "Basic EPS": -0.12,
        "Diluted NI Availto Com Stockholders": -3592000.0,
        "Net Income Common Stockholders": -3592000.0,
        "Net Income": -3592000.0,
        "Net Income Including Noncontrolling Interests": -3592000.0,
        "Net Income Continuous Operations": -3592000.0,
        "Tax Provision": 1260000.0,
        "Pretax Income": -2332000.0,
        "Other Income Expense": -3498000.0,
        "Other Non Operating Income Expenses": -3498000.0,
        "Net Non Operating Interest Income Expense": 4482000.0,
        "Interest Expense Non Operating": 4000.0,
        "Interest Income Non Operating": 4486000.0,
        "Operating Income": -3316000.0,
        "Operating Expense": 185730000.0,
        "Research And Development": 26209000.0,
        "Selling General And Administration": 159521000.0,
        "Gross Profit": 182414000.0,
        "Cost Of Revenue": 34672000.0,
        "Total Revenue": 217086000.0,
        "Operating Revenue": 217086000.0
    },
    "2025-09-30": {
        "Tax Effect Of Unusual Items": 0.0,
        "Tax Rate For Calcs": 0.267065,
        "Normalized EBITDA": 17239000.0,
        "Net Income From Continuing Operation Net Minority Interest": 9932000.0,
        "Reconciled Depreciation": 3677000.0,
        "Reconciled Cost Of Revenue": 31773000.0,
        "EBITDA": 17239000.0,
        "EBIT": 13562000.0,
        "Net Interest Income": 3973000.0,
        "Interest Expense": 11000.0,
        "Interest Income": 3984000.0,
        "Normalized Income": 9932000.0,
        "Net Income From Continuing And Discontinued Operation": 9932000.0,
        "Total Expenses": 214857000.0,
        "Total Operating Income As Reported": 9644000.0,
        "Diluted Average Shares": 29600223.0,
        "Basic Average Shares": 29332376.0,
        "Diluted EPS": 0.34,
        "Basic EPS": 0.34,
        "Diluted NI Availto Com Stockholders": 9932000.0,
        "Net Income Common Stockholders": 9932000.0,
        "Net Income": 9932000.0,
        "Net Income Including Noncontrolling Interests": 9932000.0,
        "Net Income Continuous Operations": 9932000.0,
        "Tax Provision": 3619000.0,
        "Pretax Income": 13551000.0,
        "Other Income Expense": -66000.0,
        "Other Non Operating Income Expenses": -66000.0,
        "Net Non Operating Interest Income Expense": 3973000.0,
        "Interest Expense Non Operating": 11000.0,
        "Interest Income Non Operating": 3984000.0,
        "Operating Income": 9644000.0,
        "Operating Expense": 183084000.0,
        "Research And Development": 24211000.0,
        "Selling General And Administration": 158873000.0,
        "Gross Profit": 192728000.0,
        "Cost Of Revenue": 31773000.0,
        "Total Revenue": 224501000.0,
        "Operating Revenue": 224501000.0
    }
}