{
    "2023-06-30": {
        "Tax Effect Of Unusual Items": 0.0,
        "Tax Rate For Calcs": 0.057707,
        "Normalized EBITDA": 35480000.0,
        "Total Unusual Items": 0.0,
        "Total Unusual Items Excluding Goodwill": 0.0,
        "Net Income From Continuing Operation Net Minority Interest": -10973000.0,
        "Reconciled Depreciation": 36836000.0,
        "Reconciled Cost Of Revenue": 45289000.0,
        "EBITDA": 35480000.0,
        "EBIT": -1356000.0,
        "Net Interest Income": -9969000.0,
        "Interest Expense": 10289000.0,
        "Interest Income": 320000.0,
        "Normalized Income": -10973000.0,
        "Net Income From Continuing And Discontinued Operation": -10973000.0,
        "Total Expenses": 133148000.0,
        "Total Operating Income As Reported": -2078000.0,
        "Diluted Average Shares": 143647000.0,
        "Basic Average Shares": 143647000.0,
        "Diluted EPS": -0.08,
        "Basic EPS": -0.08,
        "Diluted NI Availto Com Stockholders": -10973000.0,
        "Net Income Common Stockholders": -10973000.0,
        "Net Income": -10973000.0,
        "Net Income Including Noncontrolling Interests": -10973000.0,
        "Net Income Continuous Operations": -10973000.0,
        "Tax Provision": -672000.0,
        "Pretax Income": -11645000.0,
        "Other Income Expense": 402000.0,
        "Other Non Operating Income Expenses": 402000.0,
        "Special Income Charges": 0.0,
        "Other Special Charges": NaN,
        "Net Non Operating Interest Income Expense": -9969000.0,
        "Interest Expense Non Operating": 10289000.0,
        "Interest Income Non Operating": 320000.0,
        "Operating Income": -2078000.0,
        "Operating Expense": 87859000.0,
        "Research And Development": 21482000.0,
        "Selling General And Administration": 66377000.0,
        "Selling And Marketing Expense": 52159000.0,
        "General And Administrative Expense": 14218000.0,
        "Other Gand A": 14218000.0,
        "Gross Profit": 85781000.0,
        "Cost Of Revenue": 45289000.0,
        "Total Revenue": 131070000.0,
        "Operating Revenue": 131070000.0
    },
    "2023-03-31": {
        "Tax Effect Of Unusual Items": NaN,
        "Tax Rate For Calcs": NaN,
        "Normalized EBITDA": NaN,
        "Total Unusual Items": 0.0,
        "Total Unusual Items Excluding Goodwill": 0.0,
        "Net Income From Continuing Operation Net Minority Interest": NaN,
        "Reconciled Depreciation": NaN,
        "Reconciled Cost Of Revenue": NaN,
        "EBITDA": NaN,
        "EBIT": NaN,
        "Net Interest Income": NaN,
        "Interest Expense": NaN,
        "Interest Income": NaN,
        "Normalized Income": NaN,
        "Net Income From Continuing And Discontinued Operation": NaN,
        "Total Expenses": NaN,
        "Total Operating Income As Reported": NaN,
        "Diluted Average Shares": NaN,
        "Basic Average Shares": NaN,
        "Diluted EPS": NaN,
        "Basic EPS": NaN,
        "Diluted NI Availto Com Stockholders": NaN,
        "Net Income Common Stockholders": NaN,
        "Net Income": NaN,
        "Net Income Including Noncontrolling Interests": NaN,
        "Net Income Continuous Operations": NaN,
        "Tax Provision": NaN,
        "Pretax Income": NaN,
        "Other Income Expense": NaN,
        "Other Non Operating Income Expenses": NaN,
        "Special Income Charges": 0.0,
        "Other Special Charges": NaN,
        "Net Non Operating Interest Income Expense": NaN,
        "Interest Expense Non Operating": NaN,
        "Interest Income Non Operating": NaN,
        "Operating Income": NaN,
        "Operating Expense": NaN,
        "Research And Development": NaN,
        "Selling General And Administration": NaN,
        "Selling And Marketing Expense": NaN,
        "General And Administrative Expense": NaN,
        "Other Gand A": NaN,
        "Gross Profit": NaN,
        "Cost Of Revenue": NaN,
        "Total Revenue": NaN,
        "Operating Revenue": NaN
    },
    "2022-12-31": {
        "Tax Effect Of Unusual Items": NaN,
        "Tax Rate For Calcs": NaN,
        "Normalized EBITDA": NaN,
        "Total Unusual Items": 0.0,
        "Total Unusual Items Excluding Goodwill": 0.0,
        "Net Income From Continuing Operation Net Minority Interest": NaN,
        "Reconciled Depreciation": NaN,
        "Reconciled Cost Of Revenue": NaN,
        "EBITDA": NaN,
        "EBIT": NaN,
        "Net Interest Income": NaN,
        "Interest Expense": NaN,
        "Interest Income": NaN,
        "Normalized Income": NaN,
        "Net Income From Continuing And Discontinued Operation": NaN,
        "Total Expenses": NaN,
        "Total Operating Income As Reported": NaN,
        "Diluted Average Shares": NaN,
        "Basic Average Shares": NaN,
        "Diluted EPS": NaN,
        "Basic EPS": NaN,
        "Diluted NI Availto Com Stockholders": NaN,
        "Net Income Common Stockholders": NaN,
        "Net Income": NaN,
        "Net Income Including Noncontrolling Interests": NaN,
        "Net Income Continuous Operations": NaN,
        "Tax Provision": NaN,
        "Pretax Income": NaN,
        "Other Income Expense": NaN,
        "Other Non Operating Income Expenses": NaN,
        "Special Income Charges": 0.0,
        "Other Special Charges": NaN,
        "Write Off": 0.0,
        "Net Non Operating Interest Income Expense": NaN,
        "Interest Expense Non Operating": NaN,
        "Interest Income Non Operating": NaN,
        "Operating Income": NaN,
        "Operating Expense": NaN,
        "Research And Development": NaN,
        "Selling General And Administration": NaN,
        "Selling And Marketing Expense": NaN,
        "General And Administrative Expense": NaN,
        "Other Gand A": NaN,
        "Gross Profit": NaN,
        "Cost Of Revenue": NaN,
        "Total Revenue": NaN,
        "Operating Revenue": NaN
    },
    "2022-09-30": {
        "Tax Effect Of Unusual Items": NaN,
        "Tax Rate For Calcs": NaN,
        "Normalized EBITDA": NaN,
        "Total Unusual Items": 0.0,
        "Total Unusual Items Excluding Goodwill": 0.0,
        "Net Income From Continuing Operation Net Minority Interest": NaN,
        "Reconciled Depreciation": NaN,
        "Reconciled Cost Of Revenue": NaN,
        "EBITDA": NaN,
        "EBIT": NaN,
        "Net Interest Income": NaN,
        "Interest Expense": NaN,
        "Interest Income": NaN,
        "Normalized Income": NaN,
        "Net Income From Continuing And Discontinued Operation": NaN,
        "Total Expenses": NaN,
        "Total Operating Income As Reported": NaN,
        "Diluted Average Shares": NaN,
        "Basic Average Shares": NaN,
        "Diluted EPS": NaN,
        "Basic EPS": NaN,
        "Diluted NI Availto Com Stockholders": NaN,
        "Net Income Common Stockholders": NaN,
        "Net Income": NaN,
        "Net Income Including Noncontrolling Interests": NaN,
        "Net Income Continuous Operations": NaN,
        "Tax Provision": NaN,
        "Pretax Income": NaN,
        "Other Income Expense": NaN,
        "Other Non Operating Income Expenses": NaN,
        "Special Income Charges": 0.0,
        "Other Special Charges": NaN,
        "Write Off": 0.0,
        "Net Non Operating Interest Income Expense": NaN,
        "Interest Expense Non Operating": NaN,
        "Interest Income Non Operating": NaN,
        "Operating Income": NaN,
        "Operating Expense": NaN,
        "Research And Development": NaN,
        "Selling General And Administration": NaN,
        "Selling And Marketing Expense": NaN,
        "General And Administrative Expense": NaN,
        "Other Gand A": NaN,
        "Gross Profit": NaN,
        "Cost Of Revenue": NaN,
        "Total Revenue": NaN,
        "Operating Revenue": NaN
    },
    "2022-06-30": {
        "Tax Effect Of Unusual Items": 0.0,
        "Tax Rate For Calcs": 0.116891,
        "Normalized EBITDA": 25228000.0,
        "Total Unusual Items": 0.0,
        "Total Unusual Items Excluding Goodwill": 0.0,
        "Net Income From Continuing Operation Net Minority Interest": -12919000.0,
        "Reconciled Depreciation": 35246000.0,
        "Reconciled Cost Of Revenue": 42398000.0,
        "EBITDA": 25228000.0,
        "EBIT": -10018000.0,
        "Net Interest Income": -4584000.0,
        "Interest Expense": 4611000.0,
        "Interest Income": 27000.0,
        "Normalized Income": -12919000.0,
        "Net Income From Continuing And Discontinued Operation": -12919000.0,
        "Total Expenses": 121205000.0,
        "Total Operating Income As Reported": -6628000.0,
        "Diluted Average Shares": 141534000.0,
        "Basic Average Shares": 141534000.0,
        "Diluted EPS": -0.09,
        "Basic EPS": -0.09,
        "Diluted NI Availto Com Stockholders": -12919000.0,
        "Net Income Common Stockholders": -12919000.0,
        "Net Income": -12919000.0,
        "Net Income Including Noncontrolling Interests": -12919000.0,
        "Net Income Continuous Operations": -12919000.0,
        "Tax Provision": -1710000.0,
        "Pretax Income": -14629000.0,
        "Other Income Expense": -3417000.0,
        "Other Non Operating Income Expenses": -3417000.0,
        "Special Income Charges": 0.0,
        "Write Off": 0.0,
        "Net Non Operating Interest Income Expense": -4584000.0,
        "Interest Expense Non Operating": 4611000.0,
        "Interest Income Non Operating": 27000.0,
        "Operating Income": -6628000.0,
        "Operating Expense": 78807000.0,
        "Research And Development": 18669000.0,
        "Selling General And Administration": 60138000.0,
        "Selling And Marketing Expense": 45885000.0,
        "General And Administrative Expense": 14253000.0,
        "Other Gand A": 14253000.0,
        "Gross Profit": 72179000.0,
        "Cost Of Revenue": 42398000.0,
        "Total Revenue": 114577000.0,
        "Operating Revenue": 114577000.0
    },
    "2022-03-31": {
        "Diluted EPS": -0.04,
        "Total Revenue": 113,
        "Gross Profit": 72,
        "Operating Income": -4,
        "EBIT": 31,
        "Net Income": -6
    },
    "2021-12-31": {
        "Diluted EPS": -0.14,
        "Total Revenue": 111,
        "Gross Profit": 69,
        "Operating Income": -5,
        "EBIT": 30,
        "Net Income": -21
    },
    "2021-09-30": {
        "Diluted EPS": -0.1,
        "Total Revenue": 107,
        "Gross Profit": 66,
        "Operating Income": -5,
        "EBIT": 30,
        "Net Income": -13
    },
    "2021-06-30": {
        "Diluted EPS": -0.17,
        "Total Revenue": 94,
        "Gross Profit": 53,
        "Operating Income": -12,
        "EBIT": 23,
        "Net Income": -22
    },
    "2021-03-31": {
        "Diluted EPS": -0.26,
        "Total Revenue": 94,
        "Gross Profit": 48,
        "Operating Income": -25,
        "EBIT": 10,
        "Net Income": -33
    },
    "2020-12-31": {
        "Diluted EPS": 0.0,
        "Total Revenue": NaN,
        "Gross Profit": NaN,
        "Operating Income": NaN,
        "EBIT": NaN,
        "Net Income": NaN
    },
    "2020-09-30": {
        "Diluted EPS": -0.48,
        "Total Revenue": 82,
        "Gross Profit": 41,
        "Operating Income": -60,
        "EBIT": -60,
        "Net Income": -60
    },
    "2020-06-30": {
        "Diluted EPS": -0.61,
        "Total Revenue": 61,
        "Gross Profit": 22,
        "Operating Income": -79,
        "EBIT": -79,
        "Net Income": -77
    },
    "2019-12-31": {
        "Diluted EPS": 0.0,
        "Total Revenue": NaN,
        "Gross Profit": NaN,
        "Operating Income": NaN,
        "EBIT": NaN,
        "Net Income": NaN
    },
    "2023-09-30": {
        "Tax Effect Of Unusual Items": 0.0,
        "Tax Rate For Calcs": 0.259424,
        "Normalized EBITDA": 40397000.0,
        "Total Unusual Items": NaN,
        "Total Unusual Items Excluding Goodwill": NaN,
        "Net Income From Continuing Operation Net Minority Interest": -5481000.0,
        "Reconciled Depreciation": 36930000.0,
        "Reconciled Cost Of Revenue": 47427000.0,
        "EBITDA": 40397000.0,
        "EBIT": 3467000.0,
        "Net Interest Income": -9508000.0,
        "Interest Expense": 10868000.0,
        "Interest Income": 1360000.0,
        "Normalized Income": -5481000.0,
        "Net Income From Continuing And Discontinued Operation": -5481000.0,
        "Total Expenses": 130371000.0,
        "Total Operating Income As Reported": 4550000.0,
        "Diluted Average Shares": 144222000.0,
        "Basic Average Shares": 144222000.0,
        "Diluted EPS": -0.04,
        "Basic EPS": -0.04,
        "Diluted NI Availto Com Stockholders": -5481000.0,
        "Net Income Common Stockholders": -5481000.0,
        "Net Income": -5481000.0,
        "Net Income Including Noncontrolling Interests": -5481000.0,
        "Net Income Continuous Operations": -5481000.0,
        "Tax Provision": -1920000.0,
        "Pretax Income": -7401000.0,
        "Other Income Expense": -2443000.0,
        "Other Non Operating Income Expenses": -2443000.0,
        "Special Income Charges": NaN,
        "Other Special Charges": NaN,
        "Net Non Operating Interest Income Expense": -9508000.0,
        "Interest Expense Non Operating": 10868000.0,
        "Interest Income Non Operating": 1360000.0,
        "Operating Income": 4550000.0,
        "Operating Expense": 82944000.0,
        "Research And Development": 20688000.0,
        "Selling General And Administration": 62256000.0,
        "Selling And Marketing Expense": 46734000.0,
        "General And Administrative Expense": 15522000.0,
        "Other Gand A": 15522000.0,
        "Gross Profit": 87494000.0,
        "Cost Of Revenue": 47427000.0,
        "Total Revenue": 134921000.0,
        "Operating Revenue": 134921000.0
    },
    "2023-12-31": {
        "Tax Effect Of Unusual Items": 0.0,
        "Tax Rate For Calcs": 0.21,
        "Normalized EBITDA": 43109000.0,
        "Total Unusual Items": NaN,
        "Total Unusual Items Excluding Goodwill": NaN,
        "Net Income From Continuing Operation Net Minority Interest": -5767000.0,
        "Reconciled Depreciation": 37035000.0,
        "Reconciled Cost Of Revenue": 47767000.0,
        "EBITDA": 43109000.0,
        "EBIT": 6074000.0,
        "Net Interest Income": -8665000.0,
        "Interest Expense": 11382000.0,
        "Interest Income": 2717000.0,
        "Normalized Income": -5767000.0,
        "Net Income From Continuing And Discontinued Operation": -5767000.0,
        "Total Expenses": 135152000.0,
        "Total Operating Income As Reported": 224000.0,
        "Diluted Average Shares": 144868000.0,
        "Basic Average Shares": 144868000.0,
        "Diluted EPS": -0.04,
        "Basic EPS": -0.04,
        "Diluted NI Availto Com Stockholders": -5767000.0,
        "Net Income Common Stockholders": -5767000.0,
        "Net Income": -5767000.0,
        "Net Income Including Noncontrolling Interests": -5767000.0,
        "Net Income Continuous Operations": -5767000.0,
        "Tax Provision": 459000.0,
        "Pretax Income": -5308000.0,
        "Other Income Expense": 3133000.0,
        "Other Non Operating Income Expenses": 3133000.0,
        "Special Income Charges": NaN,
        "Other Special Charges": NaN,
        "Net Non Operating Interest Income Expense": -8665000.0,
        "Interest Expense Non Operating": 11382000.0,
        "Interest Income Non Operating": 2717000.0,
        "Operating Income": 224000.0,
        "Operating Expense": 87385000.0,
        "Research And Development": 22290000.0,
        "Selling General And Administration": 65095000.0,
        "Selling And Marketing Expense": 47947000.0,
        "General And Administrative Expense": 17148000.0,
        "Other Gand A": 17148000.0,
        "Gross Profit": 87609000.0,
        "Cost Of Revenue": 47767000.0,
        "Total Revenue": 135376000.0,
        "Operating Revenue": 135376000.0
    },
    "2024-03-31": {
        "Tax Effect Of Unusual Items": -47377.376561,
        "Tax Rate For Calcs": 0.250674,
        "Normalized EBITDA": 39262000.0,
        "Total Unusual Items": -189000.0,
        "Total Unusual Items Excluding Goodwill": -189000.0,
        "Net Income From Continuing Operation Net Minority Interest": -21125000.0,
        "Reconciled Depreciation": 44669000.0,
        "Reconciled Cost Of Revenue": 54353000.0,
        "EBITDA": 39073000.0,
        "EBIT": -5596000.0,
        "Net Interest Income": -20088000.0,
        "Interest Expense": 22596000.0,
        "Interest Income": 2508000.0,
        "Normalized Income": -20983377.376561,
        "Net Income From Continuing And Discontinued Operation": -21125000.0,
        "Total Expenses": 161535000.0,
        "Total Operating Income As Reported": -6080000.0,
        "Diluted Average Shares": 145455000.0,
        "Basic Average Shares": 145455000.0,
        "Diluted EPS": -0.15,
        "Basic EPS": -0.15,
        "Diluted NI Availto Com Stockholders": -21125000.0,
        "Net Income Common Stockholders": -21125000.0,
        "Net Income": -21125000.0,
        "Net Income Including Noncontrolling Interests": -21125000.0,
        "Net Income Continuous Operations": -21125000.0,
        "Tax Provision": -7067000.0,
        "Pretax Income": -28192000.0,
        "Other Income Expense": -2024000.0,
        "Other Non Operating Income Expenses": -1835000.0,
        "Special Income Charges": -189000.0,
        "Other Special Charges": 189000.0,
        "Net Non Operating Interest Income Expense": -20088000.0,
        "Interest Expense Non Operating": 22596000.0,
        "Interest Income Non Operating": 2508000.0,
        "Operating Income": -6080000.0,
        "Operating Expense": 107182000.0,
        "Research And Development": 27536000.0,
        "Selling General And Administration": 79646000.0,
        "Selling And Marketing Expense": 59256000.0,
        "General And Administrative Expense": 20390000.0,
        "Other Gand A": 20390000.0,
        "Gross Profit": 101102000.0,
        "Cost Of Revenue": 54353000.0,
        "Total Revenue": 155455000.0,
        "Operating Revenue": 155455000.0
    },
    "2024-06-30": {
        "Tax Effect Of Unusual Items": 0.0,
        "Tax Rate For Calcs": 0.241336,
        "Normalized EBITDA": 43097000.0,
        "Total Unusual Items": 0.0,
        "Total Unusual Items Excluding Goodwill": 0.0,
        "Net Income From Continuing Operation Net Minority Interest": -20949000.0,
        "Reconciled Depreciation": 44297000.0,
        "Reconciled Cost Of Revenue": 58440000.0,
        "EBITDA": 43097000.0,
        "EBIT": -1200000.0,
        "Net Interest Income": -25904000.0,
        "Interest Expense": 26413000.0,
        "Interest Income": 509000.0,
        "Normalized Income": -20949000.0,
        "Net Income From Continuing And Discontinued Operation": -20949000.0,
        "Total Expenses": 171635000.0,
        "Total Operating Income As Reported": -1191000.0,
        "Diluted Average Shares": 146107000.0,
        "Basic Average Shares": 146107000.0,
        "Diluted EPS": -0.14,
        "Basic EPS": -0.14,
        "Diluted NI Availto Com Stockholders": -20949000.0,
        "Net Income Common Stockholders": -20949000.0,
        "Net Income": -20949000.0,
        "Net Income Including Noncontrolling Interests": -20949000.0,
        "Net Income Continuous Operations": -20949000.0,
        "Tax Provision": -6664000.0,
        "Pretax Income": -27613000.0,
        "Other Income Expense": -518000.0,
        "Other Non Operating Income Expenses": -518000.0,
        "Special Income Charges": 0.0,
        "Other Special Charges": NaN,
        "Net Non Operating Interest Income Expense": -25904000.0,
        "Interest Expense Non Operating": 26413000.0,
        "Interest Income Non Operating": 509000.0,
        "Operating Income": -1191000.0,
        "Operating Expense": 113195000.0,
        "Research And Development": 31240000.0,
        "Selling General And Administration": 81955000.0,
        "Selling And Marketing Expense": 60970000.0,
        "General And Administrative Expense": 20985000.0,
        "Other Gand A": 20985000.0,
        "Gross Profit": 112004000.0,
        "Cost Of Revenue": 58440000.0,
        "Total Revenue": 170444000.0,
        "Operating Revenue": 170444000.0
    }
}