{
    "2023-03-31": {
        "Tax Effect Of Unusual Items": NaN,
        "Tax Rate For Calcs": NaN,
        "Normalized EBITDA": NaN,
        "Total Unusual Items": NaN,
        "Total Unusual Items Excluding Goodwill": NaN,
        "Net Income From Continuing Operation Net Minority Interest": NaN,
        "Reconciled Depreciation": NaN,
        "Reconciled Cost Of Revenue": NaN,
        "EBITDA": NaN,
        "EBIT": NaN,
        "Net Interest Income": NaN,
        "Interest Expense": NaN,
        "Interest Income": NaN,
        "Normalized Income": NaN,
        "Net Income From Continuing And Discontinued Operation": NaN,
        "Total Expenses": NaN,
        "Diluted Average Shares": NaN,
        "Basic Average Shares": NaN,
        "Diluted EPS": NaN,
        "Basic EPS": NaN,
        "Diluted NI Availto Com Stockholders": NaN,
        "Average Dilution Earnings": NaN,
        "Net Income Common Stockholders": NaN,
        "Net Income": NaN,
        "Minority Interests": 0.0,
        "Net Income Including Noncontrolling Interests": NaN,
        "Net Income Continuous Operations": NaN,
        "Tax Provision": NaN,
        "Pretax Income": NaN,
        "Other Income Expense": NaN,
        "Other Non Operating Income Expenses": NaN,
        "Special Income Charges": 0.0,
        "Gain On Sale Of Business": NaN,
        "Earnings From Equity Interest": NaN,
        "Gain On Sale Of Security": NaN,
        "Net Non Operating Interest Income Expense": NaN,
        "Interest Expense Non Operating": NaN,
        "Interest Income Non Operating": NaN,
        "Operating Income": NaN,
        "Operating Expense": NaN,
        "Depreciation Amortization Depletion Income Statement": NaN,
        "Depreciation And Amortization In Income Statement": NaN,
        "Amortization": NaN,
        "Amortization Of Intangibles Income Statement": NaN,
        "Research And Development": NaN,
        "Selling General And Administration": NaN,
        "Gross Profit": NaN,
        "Cost Of Revenue": NaN,
        "Total Revenue": NaN,
        "Operating Revenue": NaN
    },
    "2022-12-31": {
        "Tax Effect Of Unusual Items": NaN,
        "Tax Rate For Calcs": NaN,
        "Normalized EBITDA": NaN,
        "Total Unusual Items": NaN,
        "Total Unusual Items Excluding Goodwill": NaN,
        "Net Income From Continuing Operation Net Minority Interest": NaN,
        "Reconciled Depreciation": NaN,
        "Reconciled Cost Of Revenue": NaN,
        "EBITDA": NaN,
        "EBIT": NaN,
        "Net Interest Income": NaN,
        "Interest Expense": NaN,
        "Interest Income": NaN,
        "Normalized Income": NaN,
        "Net Income From Continuing And Discontinued Operation": NaN,
        "Total Expenses": NaN,
        "Diluted Average Shares": NaN,
        "Basic Average Shares": NaN,
        "Diluted EPS": NaN,
        "Basic EPS": NaN,
        "Diluted NI Availto Com Stockholders": NaN,
        "Average Dilution Earnings": NaN,
        "Net Income Common Stockholders": NaN,
        "Net Income": NaN,
        "Minority Interests": 0.0,
        "Net Income Including Noncontrolling Interests": NaN,
        "Net Income Continuous Operations": NaN,
        "Tax Provision": NaN,
        "Pretax Income": NaN,
        "Other Income Expense": NaN,
        "Other Non Operating Income Expenses": NaN,
        "Special Income Charges": 0.0,
        "Gain On Sale Of Business": 0.0,
        "Other Special Charges": 0.0,
        "Earnings From Equity Interest": NaN,
        "Gain On Sale Of Security": NaN,
        "Net Non Operating Interest Income Expense": NaN,
        "Interest Expense Non Operating": NaN,
        "Interest Income Non Operating": NaN,
        "Operating Income": NaN,
        "Operating Expense": NaN,
        "Depreciation Amortization Depletion Income Statement": NaN,
        "Depreciation And Amortization In Income Statement": NaN,
        "Amortization": NaN,
        "Amortization Of Intangibles Income Statement": NaN,
        "Research And Development": NaN,
        "Selling General And Administration": NaN,
        "Gross Profit": NaN,
        "Cost Of Revenue": NaN,
        "Total Revenue": NaN,
        "Operating Revenue": NaN
    },
    "2022-09-30": {
        "Tax Effect Of Unusual Items": NaN,
        "Tax Rate For Calcs": NaN,
        "Normalized EBITDA": NaN,
        "Total Unusual Items": NaN,
        "Total Unusual Items Excluding Goodwill": NaN,
        "Net Income From Continuing Operation Net Minority Interest": NaN,
        "Reconciled Depreciation": NaN,
        "Reconciled Cost Of Revenue": NaN,
        "EBITDA": NaN,
        "EBIT": NaN,
        "Net Interest Income": NaN,
        "Interest Expense": NaN,
        "Interest Income": NaN,
        "Normalized Income": NaN,
        "Net Income From Continuing And Discontinued Operation": NaN,
        "Total Expenses": NaN,
        "Diluted Average Shares": NaN,
        "Basic Average Shares": NaN,
        "Diluted EPS": NaN,
        "Basic EPS": NaN,
        "Diluted NI Availto Com Stockholders": NaN,
        "Average Dilution Earnings": NaN,
        "Net Income Common Stockholders": NaN,
        "Net Income": NaN,
        "Minority Interests": NaN,
        "Net Income Including Noncontrolling Interests": NaN,
        "Net Income Continuous Operations": NaN,
        "Tax Provision": NaN,
        "Pretax Income": NaN,
        "Other Income Expense": NaN,
        "Other Non Operating Income Expenses": NaN,
        "Special Income Charges": NaN,
        "Gain On Sale Of Business": 266696000.0,
        "Other Special Charges": NaN,
        "Earnings From Equity Interest": NaN,
        "Gain On Sale Of Security": NaN,
        "Net Non Operating Interest Income Expense": NaN,
        "Interest Expense Non Operating": NaN,
        "Interest Income Non Operating": NaN,
        "Operating Income": NaN,
        "Operating Expense": NaN,
        "Depreciation Amortization Depletion Income Statement": NaN,
        "Depreciation And Amortization In Income Statement": NaN,
        "Amortization": NaN,
        "Amortization Of Intangibles Income Statement": NaN,
        "Research And Development": NaN,
        "Selling General And Administration": NaN,
        "Gross Profit": NaN,
        "Cost Of Revenue": NaN,
        "Total Revenue": NaN,
        "Operating Revenue": NaN
    },
    "2022-06-30": {
        "Tax Effect Of Unusual Items": -23440000.0,
        "Tax Rate For Calcs": 0.4,
        "Normalized EBITDA": 86341000.0,
        "Total Unusual Items": -58600000.0,
        "Total Unusual Items Excluding Goodwill": -58600000.0,
        "Net Income From Continuing Operation Net Minority Interest": 939000.0,
        "Reconciled Depreciation": 3591000.0,
        "Reconciled Cost Of Revenue": NaN,
        "EBITDA": 27741000.0,
        "EBIT": 24150000.0,
        "Net Interest Income": -2931000.0,
        "Interest Expense": 3655000.0,
        "Interest Income": 724000.0,
        "Normalized Income": 36099000.0,
        "Net Income From Continuing And Discontinued Operation": 939000.0,
        "Total Expenses": 25666000.0,
        "Total Operating Income As Reported": 82554000.0,
        "Diluted Average Shares": 95653000.0,
        "Basic Average Shares": 69643000.0,
        "Diluted EPS": 0.01,
        "Basic EPS": 0.01,
        "Diluted NI Availto Com Stockholders": 4593000.0,
        "Average Dilution Earnings": 3654000.0,
        "Net Income Common Stockholders": 939000.0,
        "Net Income": 939000.0,
        "Minority Interests": -20432000.0,
        "Net Income Including Noncontrolling Interests": 21371000.0,
        "Net Income Continuous Operations": 21371000.0,
        "Tax Provision": -876000.0,
        "Pretax Income": 20495000.0,
        "Other Income Expense": -59128000.0,
        "Other Non Operating Income Expenses": -528000.0,
        "Special Income Charges": 0.0,
        "Gain On Sale Of Business": NaN,
        "Other Special Charges": NaN,
        "Earnings From Equity Interest": NaN,
        "Gain On Sale Of Security": -58600000.0,
        "Net Non Operating Interest Income Expense": -2931000.0,
        "Interest Expense Non Operating": 3655000.0,
        "Interest Income Non Operating": 724000.0,
        "Operating Income": 82554000.0,
        "Operating Expense": 25666000.0,
        "Depreciation Amortization Depletion Income Statement": NaN,
        "Depreciation And Amortization In Income Statement": NaN,
        "Amortization": NaN,
        "Amortization Of Intangibles Income Statement": NaN,
        "Research And Development": 13884000.0,
        "Selling General And Administration": 11782000.0,
        "General And Administrative Expense": 11782000.0,
        "Other Gand A": 11782000.0,
        "Gross Profit": NaN,
        "Cost Of Revenue": NaN,
        "Total Revenue": 108220000.0,
        "Operating Revenue": 108220000.0
    },
    "2023-06-30": {
        "Tax Effect Of Unusual Items": NaN,
        "Tax Rate For Calcs": NaN,
        "Normalized EBITDA": NaN,
        "Total Unusual Items": NaN,
        "Total Unusual Items Excluding Goodwill": NaN,
        "Net Income From Continuing Operation Net Minority Interest": NaN,
        "Reconciled Depreciation": NaN,
        "Reconciled Cost Of Revenue": NaN,
        "EBITDA": NaN,
        "EBIT": NaN,
        "Net Interest Income": NaN,
        "Interest Expense": NaN,
        "Interest Income": NaN,
        "Normalized Income": NaN,
        "Net Income From Continuing And Discontinued Operation": NaN,
        "Total Expenses": NaN,
        "Diluted Average Shares": NaN,
        "Basic Average Shares": NaN,
        "Diluted EPS": NaN,
        "Basic EPS": NaN,
        "Diluted NI Availto Com Stockholders": NaN,
        "Average Dilution Earnings": NaN,
        "Net Income Common Stockholders": NaN,
        "Net Income": NaN,
        "Minority Interests": 0.0,
        "Net Income Including Noncontrolling Interests": NaN,
        "Net Income Continuous Operations": NaN,
        "Tax Provision": NaN,
        "Pretax Income": NaN,
        "Other Income Expense": NaN,
        "Other Non Operating Income Expenses": NaN,
        "Special Income Charges": 0.0,
        "Gain On Sale Of Business": NaN,
        "Earnings From Equity Interest": NaN,
        "Gain On Sale Of Security": NaN,
        "Net Non Operating Interest Income Expense": NaN,
        "Interest Expense Non Operating": NaN,
        "Interest Income Non Operating": NaN,
        "Operating Income": NaN,
        "Operating Expense": NaN,
        "Depreciation Amortization Depletion Income Statement": NaN,
        "Depreciation And Amortization In Income Statement": NaN,
        "Amortization": NaN,
        "Amortization Of Intangibles Income Statement": NaN,
        "Research And Development": NaN,
        "Selling General And Administration": NaN,
        "Gross Profit": NaN,
        "Cost Of Revenue": NaN,
        "Total Revenue": NaN,
        "Operating Revenue": NaN
    },
    "2022-03-31": {
        "Diluted EPS": 0.2,
        "Total Revenue": 90,
        "Gross Profit": 90,
        "Operating Income": 78,
        "EBIT": 82,
        "Net Income": 16
    },
    "2021-12-31": {
        "Diluted EPS": 0.23,
        "Total Revenue": 108,
        "Gross Profit": 108,
        "Operating Income": 105,
        "EBIT": 110,
        "Net Income": 10
    },
    "2021-09-30": {
        "Diluted EPS": 0.9,
        "Total Revenue": 98,
        "Gross Profit": 98,
        "Operating Income": 95,
        "EBIT": 100,
        "Net Income": 72
    },
    "2021-06-30": {
        "Diluted EPS": 0.9,
        "Total Revenue": 101,
        "Gross Profit": 101,
        "Operating Income": 97,
        "EBIT": 102,
        "Net Income": 89
    },
    "2021-03-31": {
        "Diluted EPS": 0.84,
        "Total Revenue": 86,
        "Gross Profit": 86,
        "Operating Income": 79,
        "EBIT": 85,
        "Net Income": 94
    },
    "2020-12-31": {
        "Diluted EPS": 0.48,
        "Total Revenue": 90,
        "Gross Profit": 90,
        "Operating Income": 85,
        "EBIT": 90,
        "Net Income": 54
    },
    "2020-09-30": {
        "Diluted EPS": 0.26,
        "Total Revenue": 89,
        "Gross Profit": 89,
        "Operating Income": 84,
        "EBIT": 90,
        "Net Income": 28
    },
    "2020-06-30": {
        "Diluted EPS": 0.69,
        "Total Revenue": 79,
        "Gross Profit": 79,
        "Operating Income": 76,
        "EBIT": 81,
        "Net Income": 77
    },
    "2020-03-31": {
        "Diluted EPS": 0.59,
        "Total Revenue": 79,
        "Gross Profit": 79,
        "Operating Income": 76,
        "EBIT": 81,
        "Net Income": 65
    },
    "2019-12-31": {
        "Diluted EPS": 0.42,
        "Total Revenue": 76,
        "Gross Profit": 76,
        "Operating Income": 74,
        "EBIT": 79,
        "Net Income": 46
    },
    "2019-09-30": {
        "Diluted EPS": 0.36,
        "Total Revenue": 66,
        "Gross Profit": 66,
        "Operating Income": 61,
        "EBIT": 65,
        "Net Income": 40
    },
    "2019-06-30": {
        "Diluted EPS": 0.34,
        "Total Revenue": 64,
        "Gross Profit": 64,
        "Operating Income": 60,
        "EBIT": 64,
        "Net Income": 38
    },
    "2019-03-31": {
        "Diluted EPS": 0.31,
        "Total Revenue": 55,
        "Gross Profit": 55,
        "Operating Income": 52,
        "EBIT": 57,
        "Net Income": 34
    },
    "2018-12-31": {
        "Diluted EPS": 2.34,
        "Total Revenue": 80,
        "Gross Profit": 80,
        "Operating Income": 77,
        "EBIT": 82,
        "Net Income": 264
    },
    "2018-09-30": {
        "Diluted EPS": 0.43,
        "Total Revenue": 62,
        "Gross Profit": 62,
        "Operating Income": 58,
        "EBIT": 63,
        "Net Income": 47
    },
    "2018-06-30": {
        "Diluted EPS": 0.49,
        "Total Revenue": 67,
        "Gross Profit": 67,
        "Operating Income": 63,
        "EBIT": 68,
        "Net Income": 55
    },
    "2018-03-31": {
        "Diluted EPS": 0.27,
        "Total Revenue": 52,
        "Gross Profit": 52,
        "Operating Income": 41,
        "EBIT": 46,
        "Net Income": 30
    },
    "2017-12-31": {
        "Diluted EPS": 0.51,
        "Total Revenue": 70,
        "Gross Profit": 70,
        "Operating Income": 66,
        "EBIT": 72,
        "Net Income": 58
    },
    "2017-09-30": {
        "Diluted EPS": 0.21,
        "Total Revenue": 49,
        "Gross Profit": 49,
        "Operating Income": 40,
        "EBIT": 45,
        "Net Income": 24
    },
    "2017-06-30": {
        "Diluted EPS": 0.3,
        "Total Revenue": 59,
        "Gross Profit": 59,
        "Operating Income": 48,
        "EBIT": 52,
        "Net Income": 35
    },
    "2017-03-31": {
        "Diluted EPS": 0.15,
        "Total Revenue": 40,
        "Gross Profit": 40,
        "Operating Income": 29,
        "EBIT": 33,
        "Net Income": 17
    },
    "2016-12-31": {
        "Diluted EPS": 0.23,
        "Total Revenue": 44,
        "Gross Profit": 44,
        "Operating Income": 38,
        "EBIT": 42,
        "Net Income": 25
    },
    "2016-09-30": {
        "Diluted EPS": 0.13,
        "Total Revenue": 33,
        "Gross Profit": 33,
        "Operating Income": 28,
        "EBIT": 32,
        "Net Income": 15
    },
    "2016-06-30": {
        "Diluted EPS": 0.13,
        "Total Revenue": 32,
        "Gross Profit": 32,
        "Operating Income": 26,
        "EBIT": 30,
        "Net Income": 15
    },
    "2016-03-31": {
        "Diluted EPS": 0.04,
        "Total Revenue": 24,
        "Gross Profit": 24,
        "Operating Income": 18,
        "EBIT": 22,
        "Net Income": 4
    },
    "2015-12-31": {
        "Diluted EPS": 0.04,
        "Total Revenue": 23,
        "Gross Profit": 23,
        "Operating Income": 17,
        "EBIT": 21,
        "Net Income": 4
    },
    "2015-09-30": {
        "Diluted EPS": -0.04,
        "Total Revenue": 14,
        "Gross Profit": 14,
        "Operating Income": 8,
        "EBIT": 13,
        "Net Income": -5
    },
    "2015-06-30": {
        "Diluted EPS": -0.07,
        "Total Revenue": 11,
        "Gross Profit": 11,
        "Operating Income": 5,
        "EBIT": 10,
        "Net Income": -8
    },
    "2015-03-31": {
        "Diluted EPS": -0.09,
        "Total Revenue": 7,
        "Gross Profit": 7,
        "Operating Income": 1,
        "EBIT": 5,
        "Net Income": -11
    },
    "2014-12-31": {
        "Diluted EPS": -0.12,
        "Total Revenue": 7,
        "Gross Profit": 7,
        "Operating Income": 0,
        "EBIT": 5,
        "Net Income": -16
    },
    "2014-09-30": {
        "Diluted EPS": -0.19,
        "Total Revenue": 1,
        "Gross Profit": 1,
        "Operating Income": -10,
        "EBIT": -5,
        "Net Income": -21
    },
    "2014-06-30": {
        "Diluted EPS": -0.57,
        "Total Revenue": 1,
        "Gross Profit": 1,
        "Operating Income": -10,
        "EBIT": -6,
        "Net Income": -64
    },
    "2014-03-31": {
        "Diluted EPS": -0.62,
        "Total Revenue": -1,
        "Gross Profit": -1,
        "Operating Income": -15,
        "EBIT": -11,
        "Net Income": -68
    },
    "2013-12-31": {
        "Diluted EPS": -0.47,
        "Total Revenue": 1,
        "Gross Profit": 1,
        "Operating Income": 19,
        "EBIT": 22,
        "Net Income": -50
    },
    "2013-09-30": {
        "Diluted EPS": -0.44,
        "Total Revenue": 0,
        "Gross Profit": 0,
        "Operating Income": -8,
        "EBIT": -6,
        "Net Income": -47
    },
    "2013-06-30": {
        "Diluted EPS": -0.37,
        "Total Revenue": 1,
        "Gross Profit": 1,
        "Operating Income": -7,
        "EBIT": -5,
        "Net Income": -36
    },
    "2013-03-31": {
        "Diluted EPS": -0.39,
        "Total Revenue": 1,
        "Gross Profit": 1,
        "Operating Income": -33,
        "EBIT": -31,
        "Net Income": -37
    },
    "2012-12-31": {
        "Diluted EPS": -0.33,
        "Total Revenue": 6,
        "Gross Profit": 6,
        "Operating Income": -30,
        "EBIT": -28,
        "Net Income": -31
    },
    "2012-09-30": {
        "Diluted EPS": -0.37,
        "Total Revenue": 1,
        "Gross Profit": 1,
        "Operating Income": -33,
        "EBIT": -31,
        "Net Income": -35
    },
    "2012-06-30": {
        "Diluted EPS": -0.42,
        "Total Revenue": 1,
        "Gross Profit": 1,
        "Operating Income": -36,
        "EBIT": -34,
        "Net Income": -37
    },
    "2012-03-31": {
        "Diluted EPS": 0.93,
        "Total Revenue": 127,
        "Gross Profit": 127,
        "Operating Income": 86,
        "EBIT": 88,
        "Net Income": 85
    },
    "2011-12-31": {
        "Diluted EPS": -0.45,
        "Total Revenue": 5,
        "Gross Profit": 5,
        "Operating Income": -36,
        "EBIT": -33,
        "Net Income": -37
    },
    "2011-09-30": {
        "Diluted EPS": -0.37,
        "Total Revenue": 6,
        "Gross Profit": 6,
        "Operating Income": -29,
        "EBIT": -27,
        "Net Income": -31
    },
    "2011-06-30": {
        "Diluted EPS": -0.31,
        "Total Revenue": 6,
        "Gross Profit": 6,
        "Operating Income": -24,
        "EBIT": -22,
        "Net Income": -25
    },
    "2011-03-31": {
        "Diluted EPS": -0.28,
        "Total Revenue": 6,
        "Gross Profit": 6,
        "Operating Income": -21,
        "EBIT": -20,
        "Net Income": -23
    },
    "2010-12-31": {
        "Diluted EPS": -0.24,
        "Total Revenue": 7,
        "Gross Profit": 7,
        "Operating Income": -18,
        "EBIT": -16,
        "Net Income": -19
    },
    "2010-09-30": {
        "Diluted EPS": -0.29,
        "Total Revenue": 5,
        "Gross Profit": 5,
        "Operating Income": -20,
        "EBIT": -18,
        "Net Income": -21
    },
    "2010-06-30": {
        "Diluted EPS": -0.28,
        "Total Revenue": 6,
        "Gross Profit": 6,
        "Operating Income": -19,
        "EBIT": -18,
        "Net Income": -21
    },
    "2010-03-31": {
        "Diluted EPS": -0.35,
        "Total Revenue": 6,
        "Gross Profit": 6,
        "Operating Income": -21,
        "EBIT": -20,
        "Net Income": -23
    },
    "2009-12-31": {
        "Diluted EPS": -0.34,
        "Total Revenue": 4,
        "Gross Profit": 4,
        "Operating Income": -21,
        "EBIT": -19,
        "Net Income": -22
    },
    "2009-09-30": {
        "Diluted EPS": -0.35,
        "Total Revenue": 6,
        "Gross Profit": 6,
        "Operating Income": -21,
        "EBIT": -20,
        "Net Income": -22
    },
    "2009-06-30": {
        "Diluted EPS": -0.35,
        "Total Revenue": 5,
        "Gross Profit": 5,
        "Operating Income": -21,
        "EBIT": -20,
        "Net Income": -22
    },
    "2009-03-31": {
        "Diluted EPS": -0.31,
        "Total Revenue": 10,
        "Gross Profit": 10,
        "Operating Income": -18,
        "EBIT": -17,
        "Net Income": -19
    },
    "2023-09-30": {
        "Tax Effect Of Unusual Items": NaN,
        "Tax Rate For Calcs": NaN,
        "Normalized EBITDA": NaN,
        "Total Unusual Items": NaN,
        "Total Unusual Items Excluding Goodwill": NaN,
        "Net Income From Continuing Operation Net Minority Interest": NaN,
        "Reconciled Depreciation": NaN,
        "Reconciled Cost Of Revenue": NaN,
        "EBITDA": NaN,
        "EBIT": NaN,
        "Net Interest Income": NaN,
        "Interest Expense": NaN,
        "Interest Income": NaN,
        "Normalized Income": NaN,
        "Net Income From Continuing And Discontinued Operation": NaN,
        "Total Expenses": NaN,
        "Total Operating Income As Reported": NaN,
        "Diluted Average Shares": NaN,
        "Basic Average Shares": NaN,
        "Diluted EPS": NaN,
        "Basic EPS": NaN,
        "Diluted NI Availto Com Stockholders": NaN,
        "Average Dilution Earnings": NaN,
        "Net Income Common Stockholders": NaN,
        "Net Income": NaN,
        "Minority Interests": 0.0,
        "Net Income Including Noncontrolling Interests": NaN,
        "Net Income Continuous Operations": NaN,
        "Tax Provision": NaN,
        "Pretax Income": NaN,
        "Other Income Expense": NaN,
        "Other Non Operating Income Expenses": NaN,
        "Special Income Charges": 0.0,
        "Gain On Sale Of Business": 0.0,
        "Earnings From Equity Interest": NaN,
        "Gain On Sale Of Security": NaN,
        "Net Non Operating Interest Income Expense": NaN,
        "Interest Expense Non Operating": NaN,
        "Interest Income Non Operating": NaN,
        "Operating Income": NaN,
        "Operating Expense": NaN,
        "Depreciation Amortization Depletion Income Statement": NaN,
        "Depreciation And Amortization In Income Statement": NaN,
        "Amortization": NaN,
        "Amortization Of Intangibles Income Statement": NaN,
        "Research And Development": NaN,
        "Selling General And Administration": NaN,
        "Gross Profit": NaN,
        "Cost Of Revenue": NaN,
        "Total Revenue": NaN,
        "Operating Revenue": NaN
    },
    "2023-12-31": {
        "Tax Effect Of Unusual Items": NaN,
        "Tax Rate For Calcs": NaN,
        "Normalized EBITDA": NaN,
        "Total Unusual Items": NaN,
        "Total Unusual Items Excluding Goodwill": NaN,
        "Net Income From Continuing Operation Net Minority Interest": NaN,
        "Reconciled Depreciation": NaN,
        "Reconciled Cost Of Revenue": NaN,
        "EBITDA": NaN,
        "EBIT": NaN,
        "Net Interest Income": NaN,
        "Interest Expense": NaN,
        "Interest Income": NaN,
        "Normalized Income": NaN,
        "Net Income From Continuing And Discontinued Operation": NaN,
        "Total Expenses": NaN,
        "Total Operating Income As Reported": NaN,
        "Diluted Average Shares": NaN,
        "Basic Average Shares": NaN,
        "Diluted EPS": NaN,
        "Basic EPS": NaN,
        "Diluted NI Availto Com Stockholders": NaN,
        "Average Dilution Earnings": NaN,
        "Net Income Common Stockholders": NaN,
        "Net Income": NaN,
        "Minority Interests": 0.0,
        "Net Income Including Noncontrolling Interests": NaN,
        "Net Income Continuous Operations": NaN,
        "Tax Provision": NaN,
        "Pretax Income": NaN,
        "Other Income Expense": NaN,
        "Other Non Operating Income Expenses": NaN,
        "Special Income Charges": 0.0,
        "Gain On Sale Of Business": 0.0,
        "Earnings From Equity Interest": NaN,
        "Gain On Sale Of Security": NaN,
        "Net Non Operating Interest Income Expense": NaN,
        "Interest Expense Non Operating": NaN,
        "Interest Income Non Operating": NaN,
        "Operating Income": NaN,
        "Operating Expense": NaN,
        "Depreciation Amortization Depletion Income Statement": NaN,
        "Depreciation And Amortization In Income Statement": NaN,
        "Amortization": NaN,
        "Amortization Of Intangibles Income Statement": NaN,
        "Research And Development": NaN,
        "Selling General And Administration": NaN,
        "Gross Profit": NaN,
        "Cost Of Revenue": NaN,
        "Total Revenue": NaN,
        "Operating Revenue": NaN
    },
    "2024-03-31": {
        "Tax Effect Of Unusual Items": NaN,
        "Tax Rate For Calcs": NaN,
        "Normalized EBITDA": NaN,
        "Total Unusual Items": NaN,
        "Total Unusual Items Excluding Goodwill": NaN,
        "Net Income From Continuing Operation Net Minority Interest": NaN,
        "Reconciled Depreciation": NaN,
        "Reconciled Cost Of Revenue": NaN,
        "EBITDA": NaN,
        "EBIT": NaN,
        "Net Interest Income": NaN,
        "Interest Expense": NaN,
        "Interest Income": NaN,
        "Normalized Income": NaN,
        "Net Income From Continuing And Discontinued Operation": NaN,
        "Total Expenses": NaN,
        "Total Operating Income As Reported": 25805000.0,
        "Diluted Average Shares": NaN,
        "Basic Average Shares": NaN,
        "Diluted EPS": NaN,
        "Basic EPS": NaN,
        "Diluted NI Availto Com Stockholders": NaN,
        "Average Dilution Earnings": NaN,
        "Net Income Common Stockholders": NaN,
        "Net Income": NaN,
        "Net Income Including Noncontrolling Interests": NaN,
        "Net Income Continuous Operations": NaN,
        "Tax Provision": NaN,
        "Pretax Income": NaN,
        "Other Income Expense": NaN,
        "Other Non Operating Income Expenses": NaN,
        "Earnings From Equity Interest": NaN,
        "Gain On Sale Of Security": NaN,
        "Net Non Operating Interest Income Expense": NaN,
        "Interest Expense Non Operating": NaN,
        "Interest Income Non Operating": NaN,
        "Operating Income": NaN,
        "Operating Expense": NaN,
        "Depreciation Amortization Depletion Income Statement": NaN,
        "Depreciation And Amortization In Income Statement": NaN,
        "Amortization": NaN,
        "Amortization Of Intangibles Income Statement": NaN,
        "Research And Development": NaN,
        "Selling General And Administration": NaN,
        "Gross Profit": NaN,
        "Cost Of Revenue": NaN,
        "Total Revenue": NaN,
        "Operating Revenue": NaN
    },
    "2024-06-30": {
        "Tax Effect Of Unusual Items": NaN,
        "Tax Rate For Calcs": NaN,
        "Normalized EBITDA": NaN,
        "Total Unusual Items": NaN,
        "Total Unusual Items Excluding Goodwill": NaN,
        "Net Income From Continuing Operation Net Minority Interest": NaN,
        "Reconciled Depreciation": NaN,
        "Reconciled Cost Of Revenue": NaN,
        "EBITDA": NaN,
        "EBIT": NaN,
        "Net Interest Income": NaN,
        "Interest Expense": NaN,
        "Interest Income": NaN,
        "Normalized Income": NaN,
        "Net Income From Continuing And Discontinued Operation": NaN,
        "Total Expenses": NaN,
        "Total Operating Income As Reported": -54686000.0,
        "Diluted Average Shares": NaN,
        "Basic Average Shares": NaN,
        "Diluted EPS": NaN,
        "Basic EPS": NaN,
        "Diluted NI Availto Com Stockholders": NaN,
        "Average Dilution Earnings": NaN,
        "Net Income Common Stockholders": NaN,
        "Net Income": NaN,
        "Net Income Including Noncontrolling Interests": NaN,
        "Net Income Continuous Operations": NaN,
        "Tax Provision": NaN,
        "Pretax Income": NaN,
        "Other Income Expense": NaN,
        "Other Non Operating Income Expenses": NaN,
        "Earnings From Equity Interest": NaN,
        "Gain On Sale Of Security": NaN,
        "Net Non Operating Interest Income Expense": NaN,
        "Interest Expense Non Operating": NaN,
        "Interest Income Non Operating": NaN,
        "Operating Income": NaN,
        "Operating Expense": NaN,
        "Depreciation Amortization Depletion Income Statement": 6440000.0,
        "Depreciation And Amortization In Income Statement": 6440000.0,
        "Amortization": 6440000.0,
        "Amortization Of Intangibles Income Statement": 6440000.0,
        "Research And Development": NaN,
        "Selling General And Administration": NaN,
        "Gross Profit": NaN,
        "Cost Of Revenue": NaN,
        "Total Revenue": NaN,
        "Operating Revenue": NaN
    },
    "2024-09-30": {
        "Tax Effect Of Unusual Items": -3556560.0,
        "Tax Rate For Calcs": 0.21,
        "Normalized EBITDA": 36103000.0,
        "Total Unusual Items": -16936000.0,
        "Total Unusual Items Excluding Goodwill": -16936000.0,
        "Net Income From Continuing Operation Net Minority Interest": 1213000.0,
        "Reconciled Depreciation": 6511000.0,
        "Reconciled Cost Of Revenue": 16501000.0,
        "EBITDA": 19167000.0,
        "EBIT": 12656000.0,
        "Net Interest Income": -307000.0,
        "Interest Expense": 5807000.0,
        "Interest Income": 5500000.0,
        "Normalized Income": 14592440.0,
        "Net Income From Continuing And Discontinued Operation": 1213000.0,
        "Total Expenses": 46271000.0,
        "Total Operating Income As Reported": NaN,
        "Diluted Average Shares": 62951000.0,
        "Basic Average Shares": 62569000.0,
        "Diluted EPS": 0.02,
        "Basic EPS": 0.02,
        "Diluted NI Availto Com Stockholders": 1213000.0,
        "Average Dilution Earnings": 0.0,
        "Net Income Common Stockholders": 1213000.0,
        "Net Income": 1213000.0,
        "Net Income Including Noncontrolling Interests": 1213000.0,
        "Net Income Continuous Operations": 1213000.0,
        "Tax Provision": 5636000.0,
        "Pretax Income": 6849000.0,
        "Other Income Expense": -36081000.0,
        "Other Non Operating Income Expenses": -914000.0,
        "Earnings From Equity Interest": -18231000.0,
        "Gain On Sale Of Security": -16936000.0,
        "Net Non Operating Interest Income Expense": -307000.0,
        "Interest Expense Non Operating": 5807000.0,
        "Interest Income Non Operating": 5500000.0,
        "Operating Income": 43237000.0,
        "Operating Expense": 29770000.0,
        "Depreciation Amortization Depletion Income Statement": 6511000.0,
        "Depreciation And Amortization In Income Statement": 6511000.0,
        "Amortization": 6511000.0,
        "Amortization Of Intangibles Income Statement": 6511000.0,
        "Research And Development": 3551000.0,
        "Selling General And Administration": 26219000.0,
        "Gross Profit": 73007000.0,
        "Cost Of Revenue": 16501000.0,
        "Total Revenue": 89508000.0,
        "Operating Revenue": 92964000.0
    },
    "2024-12-31": {
        "Tax Effect Of Unusual Items": 294285.737426,
        "Tax Rate For Calcs": 0.176642,
        "Normalized EBITDA": 34288000.0,
        "Total Unusual Items": 1666000.0,
        "Total Unusual Items Excluding Goodwill": 1666000.0,
        "Net Income From Continuing Operation Net Minority Interest": 20332000.0,
        "Reconciled Depreciation": 6511000.0,
        "Reconciled Cost Of Revenue": 7165000.0,
        "EBITDA": 35954000.0,
        "EBIT": 29443000.0,
        "Net Interest Income": 1019000.0,
        "Interest Expense": 4749000.0,
        "Interest Income": 5768000.0,
        "Normalized Income": 18960285.737426,
        "Net Income From Continuing And Discontinued Operation": 20332000.0,
        "Total Expenses": 48667000.0,
        "Total Operating Income As Reported": NaN,
        "Diluted Average Shares": 84200000.0,
        "Basic Average Shares": 62626000.0,
        "Diluted EPS": 0.26,
        "Basic EPS": 0.32,
        "Diluted NI Availto Com Stockholders": 23800000.0,
        "Average Dilution Earnings": 3468000.0,
        "Net Income Common Stockholders": 20332000.0,
        "Net Income": 20332000.0,
        "Net Income Including Noncontrolling Interests": 20332000.0,
        "Net Income Continuous Operations": 20332000.0,
        "Tax Provision": 4362000.0,
        "Pretax Income": 24694000.0,
        "Other Income Expense": -19464000.0,
        "Other Non Operating Income Expenses": 126000.0,
        "Earnings From Equity Interest": -21256000.0,
        "Gain On Sale Of Security": 1666000.0,
        "Net Non Operating Interest Income Expense": 1019000.0,
        "Interest Expense Non Operating": 4749000.0,
        "Interest Income Non Operating": 5768000.0,
        "Operating Income": 43139000.0,
        "Operating Expense": 41502000.0,
        "Depreciation Amortization Depletion Income Statement": 6511000.0,
        "Depreciation And Amortization In Income Statement": 6511000.0,
        "Amortization": 6511000.0,
        "Amortization Of Intangibles Income Statement": 6511000.0,
        "Research And Development": 3665000.0,
        "Selling General And Administration": 31326000.0,
        "Gross Profit": 84641000.0,
        "Cost Of Revenue": 7165000.0,
        "Total Revenue": 91806000.0,
        "Operating Revenue": 91806000.0
    },
    "2025-03-31": {
        "Tax Effect Of Unusual Items": -13712790.0,
        "Tax Rate For Calcs": 0.21,
        "Normalized EBITDA": 37896000.0,
        "Total Unusual Items": -65299000.0,
        "Total Unusual Items Excluding Goodwill": -65299000.0,
        "Net Income From Continuing Operation Net Minority Interest": -46584000.0,
        "Reconciled Depreciation": 6475000.0,
        "Reconciled Cost Of Revenue": 8842000.0,
        "EBITDA": -27403000.0,
        "EBIT": -33878000.0,
        "Net Interest Income": -173000.0,
        "Interest Expense": 4711000.0,
        "Interest Income": 4538000.0,
        "Normalized Income": 5002210.0,
        "Net Income From Continuing And Discontinued Operation": -46584000.0,
        "Total Expenses": 47204000.0,
        "Total Operating Income As Reported": -41428000.0,
        "Diluted Average Shares": 62709000.0,
        "Basic Average Shares": 62709000.0,
        "Diluted EPS": -0.74,
        "Basic EPS": -0.74,
        "Diluted NI Availto Com Stockholders": -46584000.0,
        "Average Dilution Earnings": 0.0,
        "Net Income Common Stockholders": -46584000.0,
        "Net Income": -46584000.0,
        "Net Income Including Noncontrolling Interests": -46584000.0,
        "Net Income Continuous Operations": -46584000.0,
        "Tax Provision": 7995000.0,
        "Pretax Income": -38589000.0,
        "Other Income Expense": -79844000.0,
        "Other Non Operating Income Expenses": -996000.0,
        "Earnings From Equity Interest": -13549000.0,
        "Gain On Sale Of Security": -65299000.0,
        "Net Non Operating Interest Income Expense": -173000.0,
        "Interest Expense Non Operating": 4711000.0,
        "Interest Income Non Operating": 4538000.0,
        "Operating Income": 41428000.0,
        "Operating Expense": 38362000.0,
        "Depreciation Amortization Depletion Income Statement": 6475000.0,
        "Depreciation And Amortization In Income Statement": 6475000.0,
        "Amortization": 6475000.0,
        "Amortization Of Intangibles Income Statement": 6475000.0,
        "Research And Development": 4396000.0,
        "Selling General And Administration": 27491000.0,
        "Gross Profit": 79790000.0,
        "Cost Of Revenue": 8842000.0,
        "Total Revenue": 88632000.0,
        "Operating Revenue": 88632000.0
    },
    "2025-06-30": {
        "Tax Effect Of Unusual Items": 1384401.774154,
        "Tax Rate For Calcs": 0.122731,
        "Normalized EBITDA": 72528000.0,
        "Total Unusual Items": 11280000.0,
        "Total Unusual Items Excluding Goodwill": 11280000.0,
        "Net Income From Continuing Operation Net Minority Interest": 63688000.0,
        "Reconciled Depreciation": 6547000.0,
        "Reconciled Cost Of Revenue": 10590000.0,
        "EBITDA": 83808000.0,
        "EBIT": 77261000.0,
        "Net Interest Income": 262000.0,
        "Interest Expense": 4663000.0,
        "Interest Income": 4925000.0,
        "Normalized Income": 53792401.774154,
        "Net Income From Continuing And Discontinued Operation": 63688000.0,
        "Total Expenses": 51532000.0,
        "Total Operating Income As Reported": -48751000.0,
        "Diluted Average Shares": 84452000.0,
        "Basic Average Shares": 62865000.0,
        "Diluted EPS": 0.77,
        "Basic EPS": 1.01,
        "Diluted NI Availto Com Stockholders": 65258000.0,
        "Average Dilution Earnings": 1570000.0,
        "Net Income Common Stockholders": 63688000.0,
        "Net Income": 63688000.0,
        "Net Income Including Noncontrolling Interests": 63688000.0,
        "Net Income Continuous Operations": 63688000.0,
        "Tax Provision": 8910000.0,
        "Pretax Income": 72598000.0,
        "Other Income Expense": 23585000.0,
        "Other Non Operating Income Expenses": -777000.0,
        "Earnings From Equity Interest": 13082000.0,
        "Gain On Sale Of Security": 11280000.0,
        "Net Non Operating Interest Income Expense": 262000.0,
        "Interest Expense Non Operating": 4663000.0,
        "Interest Income Non Operating": 4925000.0,
        "Operating Income": 48751000.0,
        "Operating Expense": 40942000.0,
        "Depreciation Amortization Depletion Income Statement": 6547000.0,
        "Depreciation And Amortization In Income Statement": 6547000.0,
        "Amortization": 6547000.0,
        "Amortization Of Intangibles Income Statement": 6547000.0,
        "Research And Development": 7983000.0,
        "Selling General And Administration": 26412000.0,
        "Gross Profit": 89693000.0,
        "Cost Of Revenue": 10590000.0,
        "Total Revenue": 100283000.0,
        "Operating Revenue": 100283000.0
    },
    "2025-09-30": {
        "Tax Effect Of Unusual Items": 2547743.132584,
        "Tax Rate For Calcs": 0.080855,
        "Normalized EBITDA": 76940000.0,
        "Total Unusual Items": 31510000.0,
        "Total Unusual Items Excluding Goodwill": 31510000.0,
        "Net Income From Continuing Operation Net Minority Interest": 89908000.0,
        "Reconciled Depreciation": 6618000.0,
        "Reconciled Cost Of Revenue": 32261000.0,
        "EBITDA": 108450000.0,
        "EBIT": 101832000.0,
        "Net Interest Income": 1457000.0,
        "Interest Expense": 4015000.0,
        "Interest Income": 5472000.0,
        "Normalized Income": 60945743.132584,
        "Net Income From Continuing And Discontinued Operation": 89908000.0,
        "Total Expenses": 73222000.0,
        "Total Operating Income As Reported": 34578000.0,
        "Diluted Average Shares": 84964000.0,
        "Basic Average Shares": 69058000.0,
        "Diluted EPS": 1.08,
        "Basic EPS": 1.3,
        "Diluted NI Availto Com Stockholders": 91890000.0,
        "Average Dilution Earnings": 1982000.0,
        "Net Income Common Stockholders": 89908000.0,
        "Net Income": 89908000.0,
        "Net Income Including Noncontrolling Interests": 89908000.0,
        "Net Income Continuous Operations": 89908000.0,
        "Tax Provision": 7909000.0,
        "Pretax Income": 97817000.0,
        "Other Income Expense": 61782000.0,
        "Other Non Operating Income Expenses": -479000.0,
        "Earnings From Equity Interest": 30751000.0,
        "Gain On Sale Of Security": 31510000.0,
        "Net Non Operating Interest Income Expense": 1457000.0,
        "Interest Expense Non Operating": 4015000.0,
        "Interest Income Non Operating": 5472000.0,
        "Operating Income": 34578000.0,
        "Operating Expense": 40961000.0,
        "Depreciation Amortization Depletion Income Statement": NaN,
        "Depreciation And Amortization In Income Statement": NaN,
        "Amortization": NaN,
        "Amortization Of Intangibles Income Statement": NaN,
        "Research And Development": 13670000.0,
        "Selling General And Administration": 27291000.0,
        "Gross Profit": 75539000.0,
        "Cost Of Revenue": 32261000.0,
        "Total Revenue": 107800000.0,
        "Operating Revenue": 111256000.0
    }
}